[
  {
    "date": "2025-06-30",
    "symbol": "D",
    "reportedCurrency": "USD",
    "cik": "0000715957",
    "fillingDate": "2025-08-01",
    "acceptedDate": "2025-08-01 10:36:31",
    "calendarYear": "2025",
    "period": "Q2",
    "revenue": 3810000000,
    "costOfRevenue": 1890000000,
    "grossProfit": 1920000000,
    "grossProfitRatio": 0.5039370079,
    "researchAndDevelopmentExpenses": 0,
    "generalAndAdministrativeExpenses": 0,
    "sellingAndMarketingExpenses": 0,
    "sellingGeneralAndAdministrativeExpenses": 0,
    "otherExpenses": 824000000,
    "operatingExpenses": 824000000,
    "costAndExpenses": 2714000000,
    "interestIncome": 0,
    "interestExpense": 505000000,
    "depreciationAndAmortization": 656000000,
    "ebitda": 2194000000,
    "ebitdaratio": 0.5758530184,
    "operatingIncome": 1096000000,
    "operatingIncomeRatio": 0.287664042,
    "totalOtherIncomeExpensesNet": -63000000,
    "incomeBeforeTax": 1033000000,
    "incomeBeforeTaxRatio": 0.2711286089,
    "incomeTaxExpense": 220000000,
    "netIncome": 760000000,
    "netIncomeRatio": 0.1994750656,
    "eps": 0.88,
    "epsdiluted": 0.88,
    "weightedAverageShsOut": 852200000,
    "weightedAverageShsOutDil": 852200000,
    "link": "https://www.sec.gov/Archives/edgar/data/715957/000095017025101177/0000950170-25-101177-index.htm",
    "finalLink": "https://www.sec.gov/Archives/edgar/data/715957/000095017025101177/d-20250630.htm"
  },
  {
    "date": "2025-03-31",
    "symbol": "D",
    "reportedCurrency": "USD",
    "cik": "0000715957",
    "fillingDate": "2025-05-01",
    "acceptedDate": "2025-05-01 11:46:05",
    "calendarYear": "2025",
    "period": "Q1",
    "revenue": 4076000000,
    "costOfRevenue": 2016000000,
    "grossProfit": 2060000000,
    "grossProfitRatio": 0.5053974485,
    "researchAndDevelopmentExpenses": 0,
    "generalAndAdministrativeExpenses": 0,
    "sellingAndMarketingExpenses": 0,
    "sellingGeneralAndAdministrativeExpenses": 0,
    "otherExpenses": 837000000,
    "operatingExpenses": 837000000,
    "costAndExpenses": 2853000000,
    "interestIncome": 0,
    "interestExpense": 0,
    "depreciationAndAmortization": 660000000,
    "ebitda": 1929000000,
    "ebitdaratio": 0.4732580962,
    "operatingIncome": 1223000000,
    "operatingIncomeRatio": 0.3000490677,
    "totalOtherIncomeExpensesNet": -475000000,
    "incomeBeforeTax": 748000000,
    "incomeBeforeTaxRatio": 0.1835132483,
    "incomeTaxExpense": 55000000,
    "netIncome": 646000000,
    "netIncomeRatio": 0.1584887144,
    "eps": 0.75,
    "epsdiluted": 0.75,
    "weightedAverageShsOut": 852200000,
    "weightedAverageShsOutDil": 852200000,
    "link": "https://www.sec.gov/Archives/edgar/data/715957/000095017025061558/0000950170-25-061558-index.htm",
    "finalLink": "https://www.sec.gov/Archives/edgar/data/103682/000095017025061558/d-20250331.htm"
  },
  {
    "date": "2024-12-31",
    "symbol": "D",
    "reportedCurrency": "USD",
    "cik": "0000715957",
    "fillingDate": "2025-02-27",
    "acceptedDate": "2025-02-27 08:17:17",
    "calendarYear": "2024",
    "period": "Q4",
    "revenue": 3400000000,
    "costOfRevenue": 1898000000,
    "grossProfit": 1502000000,
    "grossProfitRatio": 0.4417647059,
    "researchAndDevelopmentExpenses": 0,
    "generalAndAdministrativeExpenses": 0,
    "sellingAndMarketingExpenses": 0,
    "sellingGeneralAndAdministrativeExpenses": 0,
    "otherExpenses": 1111000000,
    "operatingExpenses": 1111000000,
    "costAndExpenses": 3009000000,
    "interestIncome": 0,
    "interestExpense": 0,
    "depreciationAndAmortization": 625000000,
    "ebitda": 1621000000,
    "ebitdaratio": 0.4767647059,
    "operatingIncome": 391000000,
    "operatingIncomeRatio": 0.115,
    "totalOtherIncomeExpensesNet": -639000000,
    "incomeBeforeTax": -248000000,
    "incomeBeforeTaxRatio": -0.0729411765,
    "incomeTaxExpense": -104000000,
    "netIncome": -76000000,
    "netIncomeRatio": -0.0223529412,
    "eps": 0.17,
    "epsdiluted": 0.15,
    "weightedAverageShsOut": 852000000,
    "weightedAverageShsOutDil": 852000000,
    "link": "https://www.sec.gov/Archives/edgar/data/715957/000095017025028387/0000950170-25-028387-index.htm",
    "finalLink": "https://www.sec.gov/Archives/edgar/data/103682/000095017025028387/d-20241231.htm"
  },
  {
    "date": "2024-09-30",
    "symbol": "D",
    "reportedCurrency": "USD",
    "cik": "0000715957",
    "fillingDate": "2024-11-01",
    "acceptedDate": "2024-11-01 10:59:10",
    "calendarYear": "2024",
    "period": "Q3",
    "revenue": 3941000000,
    "costOfRevenue": 1868000000,
    "grossProfit": 2073000000,
    "grossProfitRatio": 0.5260086273,
    "researchAndDevelopmentExpenses": 0,
    "generalAndAdministrativeExpenses": 0,
    "sellingAndMarketingExpenses": 0,
    "sellingGeneralAndAdministrativeExpenses": 0,
    "otherExpenses": 855000000,
    "operatingExpenses": 855000000,
    "costAndExpenses": 2723000000,
    "interestIncome": 0,
    "interestExpense": 0,
    "depreciationAndAmortization": 625000000,
    "ebitda": 1965000000,
    "ebitdaratio": 0.4986044151,
    "operatingIncome": 1218000000,
    "operatingIncomeRatio": 0.3090586146,
    "totalOtherIncomeExpensesNet": -68000000,
    "incomeBeforeTax": 1150000000,
    "incomeBeforeTaxRatio": 0.2918041106,
    "incomeTaxExpense": 183000000,
    "netIncome": 954000000,
    "netIncomeRatio": 0.2420705405,
    "eps": 1.12,
    "epsdiluted": 1.12,
    "weightedAverageShsOut": 839000000,
    "weightedAverageShsOutDil": 839300000,
    "link": "https://www.sec.gov/Archives/edgar/data/715957/000095017024119871/0000950170-24-119871-index.htm",
    "finalLink": "https://www.sec.gov/Archives/edgar/data/103682/000095017024119871/d-20240930.htm"
  },
  {
    "date": "2024-06-30",
    "symbol": "D",
    "reportedCurrency": "USD",
    "cik": "0000715957",
    "fillingDate": "2024-08-01",
    "acceptedDate": "2024-08-01 10:40:36",
    "calendarYear": "2024",
    "period": "Q2",
    "revenue": 3486000000,
    "costOfRevenue": 1824000000,
    "grossProfit": 1662000000,
    "grossProfitRatio": 0.4767641997,
    "researchAndDevelopmentExpenses": 0,
    "generalAndAdministrativeExpenses": 0,
    "sellingAndMarketingExpenses": 0,
    "sellingGeneralAndAdministrativeExpenses": 0,
    "otherExpenses": 857000000,
    "operatingExpenses": 857000000,
    "costAndExpenses": 2681000000,
    "interestIncome": 0,
    "interestExpense": 469000000,
    "depreciationAndAmortization": 695000000,
    "ebitda": 1750000000,
    "ebitdaratio": 0.5020080321,
    "operatingIncome": 805000000,
    "operatingIncomeRatio": 0.2309236948,
    "totalOtherIncomeExpensesNet": -219000000,
    "incomeBeforeTax": 586000000,
    "incomeBeforeTaxRatio": 0.1681009753,
    "incomeTaxExpense": 95000000,
    "netIncome": 572000000,
    "netIncomeRatio": 0.1640849111,
    "eps": 0.65,
    "epsdiluted": 0.65,
    "weightedAverageShsOut": 838300000,
    "weightedAverageShsOutDil": 838300000,
    "link": "https://www.sec.gov/Archives/edgar/data/715957/000095017024089020/0000950170-24-089020-index.htm",
    "finalLink": "https://www.sec.gov/Archives/edgar/data/103682/000095017024089020/d-20240630.htm"
  },
  {
    "date": "2024-03-31",
    "symbol": "D",
    "reportedCurrency": "USD",
    "cik": "0000715957",
    "fillingDate": "2024-05-02",
    "acceptedDate": "2024-05-02 10:46:42",
    "calendarYear": "2024",
    "period": "Q1",
    "revenue": 3632000000,
    "costOfRevenue": 1946000000,
    "grossProfit": 1686000000,
    "grossProfitRatio": 0.4642070485,
    "researchAndDevelopmentExpenses": 0,
    "generalAndAdministrativeExpenses": 0,
    "sellingAndMarketingExpenses": 0,
    "sellingGeneralAndAdministrativeExpenses": 0,
    "otherExpenses": 853000000,
    "operatingExpenses": 853000000,
    "costAndExpenses": 2799000000,
    "interestIncome": 0,
    "interestExpense": 0,
    "depreciationAndAmortization": 694000000,
    "ebitda": 1557000000,
    "ebitdaratio": 0.4286894273,
    "operatingIncome": 833000000,
    "operatingIncomeRatio": 0.2293502203,
    "totalOtherIncomeExpensesNet": -455000000,
    "incomeBeforeTax": 378000000,
    "incomeBeforeTaxRatio": 0.1040748899,
    "incomeTaxExpense": 55000000,
    "netIncome": 441000000,
    "netIncomeRatio": 0.1214207048,
    "eps": 0.5,
    "epsdiluted": 0.5,
    "weightedAverageShsOut": 837600000,
    "weightedAverageShsOutDil": 837600000,
    "link": "https://www.sec.gov/Archives/edgar/data/715957/000095017024051708/0000950170-24-051708-index.htm",
    "finalLink": "https://www.sec.gov/Archives/edgar/data/103682/000095017024051708/d-20240331.htm"
  },
  {
    "date": "2023-12-31",
    "symbol": "D",
    "reportedCurrency": "USD",
    "cik": "0000715957",
    "fillingDate": "2024-02-23",
    "acceptedDate": "2024-02-23 07:30:17",
    "calendarYear": "2023",
    "period": "Q4",
    "revenue": 3534000000,
    "costOfRevenue": 1806000000,
    "grossProfit": 1728000000,
    "grossProfitRatio": 0.4889643463,
    "researchAndDevelopmentExpenses": 0,
    "generalAndAdministrativeExpenses": 0,
    "sellingAndMarketingExpenses": 0,
    "sellingGeneralAndAdministrativeExpenses": 0,
    "otherExpenses": 1030000000,
    "operatingExpenses": 1030000000,
    "costAndExpenses": 2836000000,
    "interestIncome": 0,
    "interestExpense": 0,
    "depreciationAndAmortization": 768000000,
    "ebitda": 1633000000,
    "ebitdaratio": 0.4620826259,
    "operatingIncome": 698000000,
    "operatingIncomeRatio": 0.1975099038,
    "totalOtherIncomeExpensesNet": -262000000,
    "incomeBeforeTax": 436000000,
    "incomeBeforeTaxRatio": 0.1233729485,
    "incomeTaxExpense": 143000000,
    "netIncome": 235000000,
    "netIncomeRatio": 0.0664968874,
    "eps": 0.26,
    "epsdiluted": 0.26,
    "weightedAverageShsOut": 838000000,
    "weightedAverageShsOutDil": 838000000,
    "link": "https://www.sec.gov/Archives/edgar/data/715957/000095017024019110/0000950170-24-019110-index.htm",
    "finalLink": "https://www.sec.gov/Archives/edgar/data/103682/000095017024019110/d-20231231.htm"
  },
  {
    "date": "2023-09-30",
    "symbol": "D",
    "reportedCurrency": "USD",
    "cik": "0000715957",
    "fillingDate": "2023-11-08",
    "acceptedDate": "2023-11-08 16:27:51",
    "calendarYear": "2023",
    "period": "Q3",
    "revenue": 3810000000,
    "costOfRevenue": 1956000000,
    "grossProfit": 1854000000,
    "grossProfitRatio": 0.4866141732,
    "researchAndDevelopmentExpenses": 0,
    "generalAndAdministrativeExpenses": 0,
    "sellingAndMarketingExpenses": 0,
    "sellingGeneralAndAdministrativeExpenses": 0,
    "otherExpenses": 819000000,
    "operatingExpenses": 819000000,
    "costAndExpenses": 2775000000,
    "interestIncome": 0,
    "interestExpense": 0,
    "depreciationAndAmortization": 797000000,
    "ebitda": 1826000000,
    "ebitdaratio": 0.4792650919,
    "operatingIncome": 1035000000,
    "operatingIncomeRatio": 0.2716535433,
    "totalOtherIncomeExpensesNet": -136000000,
    "incomeBeforeTax": 899000000,
    "incomeBeforeTaxRatio": 0.2359580052,
    "incomeTaxExpense": 182000000,
    "netIncome": 163000000,
    "netIncomeRatio": 0.0427821522,
    "eps": 0.17,
    "epsdiluted": 0.17,
    "weightedAverageShsOut": 836800000,
    "weightedAverageShsOutDil": 836800000,
    "link": "https://www.sec.gov/Archives/edgar/data/715957/000095017023061178/0000950170-23-061178-index.htm",
    "finalLink": "https://www.sec.gov/Archives/edgar/data/103682/000095017023061178/d-20230930.htm"
  },
  {
    "date": "2023-06-30",
    "symbol": "D",
    "reportedCurrency": "USD",
    "cik": "0000715957",
    "fillingDate": "2023-08-04",
    "acceptedDate": "2023-08-04 10:32:33",
    "calendarYear": "2023",
    "period": "Q2",
    "revenue": 3166000000,
    "costOfRevenue": 1785000000,
    "grossProfit": 1381000000,
    "grossProfitRatio": 0.4361970941,
    "researchAndDevelopmentExpenses": 0,
    "generalAndAdministrativeExpenses": 0,
    "sellingAndMarketingExpenses": 0,
    "sellingGeneralAndAdministrativeExpenses": 0,
    "otherExpenses": 787000000,
    "operatingExpenses": 787000000,
    "costAndExpenses": 2572000000,
    "interestIncome": 0,
    "interestExpense": 395000000,
    "depreciationAndAmortization": 760000000,
    "ebitda": 1668000000,
    "ebitdaratio": 0.5268477574,
    "operatingIncome": 594000000,
    "operatingIncomeRatio": 0.187618446,
    "totalOtherIncomeExpensesNet": -81000000,
    "incomeBeforeTax": 513000000,
    "incomeBeforeTaxRatio": 0.1620341124,
    "incomeTaxExpense": 98000000,
    "netIncome": 583000000,
    "netIncomeRatio": 0.1841440303,
    "eps": 0.69,
    "epsdiluted": 0.69,
    "weightedAverageShsOut": 836000000,
    "weightedAverageShsOutDil": 836200000,
    "link": "https://www.sec.gov/Archives/edgar/data/715957/000095017023038380/0000950170-23-038380-index.htm",
    "finalLink": "https://www.sec.gov/Archives/edgar/data/103682/000095017023038380/d-20230630.htm"
  },
  {
    "date": "2023-03-31",
    "symbol": "D",
    "reportedCurrency": "USD",
    "cik": "0000715957",
    "fillingDate": "2023-05-05",
    "acceptedDate": "2023-05-05 10:35:44",
    "calendarYear": "2023",
    "period": "Q1",
    "revenue": 3883000000,
    "costOfRevenue": 1895000000,
    "grossProfit": 1988000000,
    "grossProfitRatio": 0.5119752768,
    "researchAndDevelopmentExpenses": 0,
    "generalAndAdministrativeExpenses": 0,
    "sellingAndMarketingExpenses": 0,
    "sellingGeneralAndAdministrativeExpenses": 0,
    "otherExpenses": 909000000,
    "operatingExpenses": 909000000,
    "costAndExpenses": 2804000000,
    "interestIncome": 0,
    "interestExpense": 0,
    "depreciationAndAmortization": 803000000,
    "ebitda": 1978000000,
    "ebitdaratio": 0.5093999485,
    "operatingIncome": 1079000000,
    "operatingIncomeRatio": 0.2778779294,
    "totalOtherIncomeExpensesNet": -203000000,
    "incomeBeforeTax": 876000000,
    "incomeBeforeTaxRatio": 0.2255987638,
    "incomeTaxExpense": 176000000,
    "netIncome": 981000000,
    "netIncomeRatio": 0.2526397116,
    "eps": 1.17,
    "epsdiluted": 1.17,
    "weightedAverageShsOut": 835200000,
    "weightedAverageShsOutDil": 835500000,
    "link": "https://www.sec.gov/Archives/edgar/data/715957/000095017023018141/0000950170-23-018141-index.htm",
    "finalLink": "https://www.sec.gov/Archives/edgar/data/103682/000095017023018141/d-20230331.htm"
  },
  {
    "date": "2022-12-31",
    "symbol": "D",
    "reportedCurrency": "USD",
    "cik": "0000715957",
    "fillingDate": "2023-02-21",
    "acceptedDate": "2023-02-21 07:00:15",
    "calendarYear": "2022",
    "period": "Q4",
    "revenue": 4913000000,
    "costOfRevenue": 2651000000,
    "grossProfit": 2262000000,
    "grossProfitRatio": 0.4604111541,
    "researchAndDevelopmentExpenses": 0,
    "generalAndAdministrativeExpenses": 0,
    "sellingAndMarketingExpenses": 0,
    "sellingGeneralAndAdministrativeExpenses": 0,
    "otherExpenses": 2396000000,
    "operatingExpenses": 2396000000,
    "costAndExpenses": 5047000000,
    "interestIncome": 0,
    "interestExpense": 0,
    "depreciationAndAmortization": 779000000,
    "ebitda": 2127000000,
    "ebitdaratio": 0.4329330348,
    "operatingIncome": -134000000,
    "operatingIncomeRatio": -0.0272745777,
    "totalOtherIncomeExpensesNet": -77000000,
    "incomeBeforeTax": -211000000,
    "incomeBeforeTaxRatio": -0.0429472827,
    "incomeTaxExpense": -175000000,
    "netIncome": -42000000,
    "netIncomeRatio": -0.0085487482,
    "eps": -0.0898,
    "epsdiluted": -0.0898,
    "weightedAverageShsOut": 835000000,
    "weightedAverageShsOutDil": 835000000,
    "link": "https://www.sec.gov/Archives/edgar/data/715957/000095017023003287/0000950170-23-003287-index.htm",
    "finalLink": "https://www.sec.gov/Archives/edgar/data/103682/000095017023003287/d-20221231.htm"
  },
  {
    "date": "2022-09-30",
    "symbol": "D",
    "reportedCurrency": "USD",
    "cik": "0000715957",
    "fillingDate": "2022-11-04",
    "acceptedDate": "2022-11-04 11:07:21",
    "calendarYear": "2022",
    "period": "Q3",
    "revenue": 3963000000,
    "costOfRevenue": 2173000000,
    "grossProfit": 1790000000,
    "grossProfitRatio": 0.4516780217,
    "researchAndDevelopmentExpenses": 0,
    "generalAndAdministrativeExpenses": 0,
    "sellingAndMarketingExpenses": 0,
    "sellingGeneralAndAdministrativeExpenses": 0,
    "otherExpenses": 795000000,
    "operatingExpenses": 795000000,
    "costAndExpenses": 2968000000,
    "interestIncome": 0,
    "interestExpense": 0,
    "depreciationAndAmortization": 1397000000,
    "ebitda": 2385000000,
    "ebitdaratio": 0.6018168055,
    "operatingIncome": 995000000,
    "operatingIncomeRatio": 0.2510724199,
    "totalOtherIncomeExpensesNet": -299000000,
    "incomeBeforeTax": 696000000,
    "incomeBeforeTaxRatio": 0.1756245269,
    "incomeTaxExpense": 70000000,
    "netIncome": 778000000,
    "netIncomeRatio": 0.1963159223,
    "eps": 0.91,
    "epsdiluted": 0.91,
    "weightedAverageShsOut": 832600000,
    "weightedAverageShsOutDil": 833200000,
    "link": "https://www.sec.gov/Archives/edgar/data/715957/000156459022036712/0001564590-22-036712-index.htm",
    "finalLink": "https://www.sec.gov/Archives/edgar/data/103682/000156459022036712/d-10q_20220930.htm"
  },
  {
    "date": "2022-06-30",
    "symbol": "D",
    "reportedCurrency": "USD",
    "cik": "0000715957",
    "fillingDate": "2022-08-08",
    "acceptedDate": "2022-08-08 10:57:30",
    "calendarYear": "2022",
    "period": "Q2",
    "revenue": 3596000000,
    "costOfRevenue": 1933000000,
    "grossProfit": 1663000000,
    "grossProfitRatio": 0.462458287,
    "researchAndDevelopmentExpenses": 0,
    "generalAndAdministrativeExpenses": 0,
    "sellingAndMarketingExpenses": 0,
    "sellingGeneralAndAdministrativeExpenses": 0,
    "otherExpenses": 1981000000,
    "operatingExpenses": 1981000000,
    "costAndExpenses": 3914000000,
    "interestIncome": 0,
    "interestExpense": 0,
    "depreciationAndAmortization": 695000000,
    "ebitda": 1428000000,
    "ebitdaratio": 0.3971078977,
    "operatingIncome": -318000000,
    "operatingIncomeRatio": -0.0884315907,
    "totalOtherIncomeExpensesNet": -251000000,
    "incomeBeforeTax": -569000000,
    "incomeBeforeTaxRatio": -0.1582313682,
    "incomeTaxExpense": -117000000,
    "netIncome": -453000000,
    "netIncomeRatio": -0.1259733037,
    "eps": -0.58,
    "epsdiluted": -0.58,
    "weightedAverageShsOut": 818400000,
    "weightedAverageShsOutDil": 818400000,
    "link": "https://www.sec.gov/Archives/edgar/data/715957/000156459022028336/0001564590-22-028336-index.htm",
    "finalLink": "https://www.sec.gov/Archives/edgar/data/103682/000156459022028336/d-10q_20220630.htm"
  },
  {
    "date": "2022-03-31",
    "symbol": "D",
    "reportedCurrency": "USD",
    "cik": "0000715957",
    "fillingDate": "2022-05-05",
    "acceptedDate": "2022-05-05 12:50:52",
    "calendarYear": "2022",
    "period": "Q1",
    "revenue": 4279000000,
    "costOfRevenue": 2390000000,
    "grossProfit": 1889000000,
    "grossProfitRatio": 0.4414582846,
    "researchAndDevelopmentExpenses": 0,
    "generalAndAdministrativeExpenses": 0,
    "sellingAndMarketingExpenses": 0,
    "sellingGeneralAndAdministrativeExpenses": 0,
    "otherExpenses": 913000000,
    "operatingExpenses": 913000000,
    "costAndExpenses": 3303000000,
    "interestIncome": 0,
    "interestExpense": 0,
    "depreciationAndAmortization": 773000000,
    "ebitda": 1711000000,
    "ebitdaratio": 0.3998597803,
    "operatingIncome": 976000000,
    "operatingIncomeRatio": 0.2280906754,
    "totalOtherIncomeExpensesNet": -48000000,
    "incomeBeforeTax": 928000000,
    "incomeBeforeTaxRatio": 0.2168731012,
    "incomeTaxExpense": 236000000,
    "netIncome": 711000000,
    "netIncomeRatio": 0.1661603178,
    "eps": 0.84,
    "epsdiluted": 0.82,
    "weightedAverageShsOut": 810600000,
    "weightedAverageShsOutDil": 832000000,
    "link": "https://www.sec.gov/Archives/edgar/data/715957/000156459022018135/0001564590-22-018135-index.htm",
    "finalLink": "https://www.sec.gov/Archives/edgar/data/103682/000156459022018135/d-10q_20220331.htm"
  },
  {
    "date": "2021-12-31",
    "symbol": "D",
    "reportedCurrency": "USD",
    "cik": "0000715957",
    "fillingDate": "2022-02-24",
    "acceptedDate": "2022-02-24 12:58:30",
    "calendarYear": "2021",
    "period": "Q4",
    "revenue": 3880000000,
    "costOfRevenue": 1982000000,
    "grossProfit": 1898000000,
    "grossProfitRatio": 0.4891752577,
    "researchAndDevelopmentExpenses": 0,
    "generalAndAdministrativeExpenses": 0,
    "sellingAndMarketingExpenses": 0,
    "sellingGeneralAndAdministrativeExpenses": 0,
    "otherExpenses": 961000000,
    "operatingExpenses": 961000000,
    "costAndExpenses": 2943000000,
    "interestIncome": 0,
    "interestExpense": 376000000,
    "depreciationAndAmortization": 710000000,
    "ebitda": 1756000000,
    "ebitdaratio": 0.4525773196,
    "operatingIncome": 937000000,
    "operatingIncomeRatio": 0.2414948454,
    "totalOtherIncomeExpensesNet": 111000000,
    "incomeBeforeTax": 1048000000,
    "incomeBeforeTaxRatio": 0.2701030928,
    "incomeTaxExpense": 225000000,
    "netIncome": 1341000000,
    "netIncomeRatio": 0.3456185567,
    "eps": 1.66,
    "epsdiluted": 1.63,
    "weightedAverageShsOut": 810000000,
    "weightedAverageShsOutDil": 811000000,
    "link": "https://www.sec.gov/Archives/edgar/data/715957/000156459022006589/0001564590-22-006589-index.htm",
    "finalLink": "https://www.sec.gov/Archives/edgar/data/103682/000156459022006589/d-10k_20211231.htm"
  },
  {
    "date": "2021-09-30",
    "symbol": "D",
    "reportedCurrency": "USD",
    "cik": "0000715957",
    "fillingDate": "2021-11-05",
    "acceptedDate": "2021-11-05 14:49:26",
    "calendarYear": "2021",
    "period": "Q3",
    "revenue": 3176000000,
    "costOfRevenue": 1716000000,
    "grossProfit": 1460000000,
    "grossProfitRatio": 0.459697733,
    "researchAndDevelopmentExpenses": 0,
    "generalAndAdministrativeExpenses": 0,
    "sellingAndMarketingExpenses": 0,
    "sellingGeneralAndAdministrativeExpenses": 0,
    "otherExpenses": 619000000,
    "operatingExpenses": 619000000,
    "costAndExpenses": 2335000000,
    "interestIncome": 0,
    "interestExpense": 407000000,
    "depreciationAndAmortization": 700000000,
    "ebitda": 1316000000,
    "ebitdaratio": 0.4143576826,
    "operatingIncome": 841000000,
    "operatingIncomeRatio": 0.2647984887,
    "totalOtherIncomeExpensesNet": -205000000,
    "incomeBeforeTax": 636000000,
    "incomeBeforeTaxRatio": 0.2002518892,
    "incomeTaxExpense": 35000000,
    "netIncome": 654000000,
    "netIncomeRatio": 0.2059193955,
    "eps": 0.81,
    "epsdiluted": 0.79,
    "weightedAverageShsOut": 808700000,
    "weightedAverageShsOutDil": 810000000,
    "link": "https://www.sec.gov/Archives/edgar/data/715957/000156459021054856/0001564590-21-054856-index.htm",
    "finalLink": "https://www.sec.gov/Archives/edgar/data/103682/000156459021054856/d-10q_20210930.htm"
  },
  {
    "date": "2021-06-30",
    "symbol": "D",
    "reportedCurrency": "USD",
    "cik": "0000715957",
    "fillingDate": "2021-08-06",
    "acceptedDate": "2021-08-06 10:54:55",
    "calendarYear": "2021",
    "period": "Q2",
    "revenue": 3038000000,
    "costOfRevenue": 1528000000,
    "grossProfit": 1510000000,
    "grossProfitRatio": 0.4970375247,
    "researchAndDevelopmentExpenses": 0,
    "generalAndAdministrativeExpenses": 0,
    "sellingAndMarketingExpenses": 0,
    "sellingGeneralAndAdministrativeExpenses": 0,
    "otherExpenses": 1147000000,
    "operatingExpenses": 1147000000,
    "costAndExpenses": 2675000000,
    "interestIncome": 0,
    "interestExpense": 518000000,
    "depreciationAndAmortization": 673000000,
    "ebitda": 1357000000,
    "ebitdaratio": 0.4466754444,
    "operatingIncome": 363000000,
    "operatingIncomeRatio": 0.1194865043,
    "totalOtherIncomeExpensesNet": -141000000,
    "incomeBeforeTax": 222000000,
    "incomeBeforeTaxRatio": 0.073074391,
    "incomeTaxExpense": -47000000,
    "netIncome": 285000000,
    "netIncomeRatio": 0.0938117182,
    "eps": 0.33,
    "epsdiluted": 0.33,
    "weightedAverageShsOut": 806600000,
    "weightedAverageShsOutDil": 806600000,
    "link": "https://www.sec.gov/Archives/edgar/data/715957/000156459021041966/0001564590-21-041966-index.htm",
    "finalLink": "https://www.sec.gov/Archives/edgar/data/103682/000156459021041966/d-10q_20210630.htm"
  },
  {
    "date": "2021-03-31",
    "symbol": "D",
    "reportedCurrency": "USD",
    "cik": "0000715957",
    "fillingDate": "2021-05-04",
    "acceptedDate": "2021-05-04 11:37:48",
    "calendarYear": "2021",
    "period": "Q1",
    "revenue": 3870000000,
    "costOfRevenue": 2032000000,
    "grossProfit": 1838000000,
    "grossProfitRatio": 0.4749354005,
    "researchAndDevelopmentExpenses": 0,
    "generalAndAdministrativeExpenses": 0,
    "sellingAndMarketingExpenses": 0,
    "sellingGeneralAndAdministrativeExpenses": 0,
    "otherExpenses": 960000000,
    "operatingExpenses": 960000000,
    "costAndExpenses": 2992000000,
    "interestIncome": 0,
    "interestExpense": 53000000,
    "depreciationAndAmortization": 685000000,
    "ebitda": 1658000000,
    "ebitdaratio": 0.4284237726,
    "operatingIncome": 878000000,
    "operatingIncomeRatio": 0.226873385,
    "totalOtherIncomeExpensesNet": 314000000,
    "incomeBeforeTax": 1192000000,
    "incomeBeforeTaxRatio": 0.3080103359,
    "incomeTaxExpense": 212000000,
    "netIncome": 1008000000,
    "netIncomeRatio": 0.2604651163,
    "eps": 1.23,
    "epsdiluted": 1.23,
    "weightedAverageShsOut": 805900000,
    "weightedAverageShsOutDil": 805900000,
    "link": "https://www.sec.gov/Archives/edgar/data/715957/000156459021023081/0001564590-21-023081-index.htm",
    "finalLink": "https://www.sec.gov/Archives/edgar/data/103682/000156459021023081/d-10q_20210331.htm"
  },
  {
    "date": "2020-12-31",
    "symbol": "D",
    "reportedCurrency": "USD",
    "cik": "0000715957",
    "fillingDate": "2021-02-25",
    "acceptedDate": "2021-02-25 08:17:20",
    "calendarYear": "2020",
    "period": "Q4",
    "revenue": 3521000000,
    "costOfRevenue": 1795000000,
    "grossProfit": 1726000000,
    "grossProfitRatio": 0.4902016473,
    "researchAndDevelopmentExpenses": 0,
    "generalAndAdministrativeExpenses": 0,
    "sellingAndMarketingExpenses": 0,
    "sellingGeneralAndAdministrativeExpenses": 0,
    "otherExpenses": 870000000,
    "operatingExpenses": 870000000,
    "costAndExpenses": 2665000000,
    "interestIncome": 0,
    "interestExpense": 241000000,
    "depreciationAndAmortization": 658000000,
    "ebitda": 1595000000,
    "ebitdaratio": 0.4529963079,
    "operatingIncome": 856000000,
    "operatingIncomeRatio": 0.2431127521,
    "totalOtherIncomeExpensesNet": 165000000,
    "incomeBeforeTax": 1021000000,
    "incomeBeforeTaxRatio": 0.2899744391,
    "incomeTaxExpense": 206000000,
    "netIncome": 682000000,
    "netIncomeRatio": 0.193694973,
    "eps": 0.85,
    "epsdiluted": 0.82,
    "weightedAverageShsOut": 806000000,
    "weightedAverageShsOutDil": 812800000,
    "link": "https://www.sec.gov/Archives/edgar/data/715957/000156459021008442/0001564590-21-008442-index.htm",
    "finalLink": "https://www.sec.gov/Archives/edgar/data/103682/000156459021008442/d-10k_20201231.htm"
  },
  {
    "date": "2020-09-30",
    "symbol": "D",
    "reportedCurrency": "USD",
    "cik": "0000715957",
    "fillingDate": "2020-11-06",
    "acceptedDate": "2020-11-06 08:14:43",
    "calendarYear": "2020",
    "period": "Q3",
    "revenue": 3607000000,
    "costOfRevenue": 1631000000,
    "grossProfit": 1976000000,
    "grossProfitRatio": 0.5478236762,
    "researchAndDevelopmentExpenses": 0,
    "generalAndAdministrativeExpenses": 0,
    "sellingAndMarketingExpenses": 0,
    "sellingGeneralAndAdministrativeExpenses": 0,
    "otherExpenses": 1949000000,
    "operatingExpenses": 1949000000,
    "costAndExpenses": 3580000000,
    "interestIncome": 0,
    "interestExpense": 306000000,
    "depreciationAndAmortization": 681000000,
    "ebitda": 1859000000,
    "ebitdaratio": 0.515386748,
    "operatingIncome": 27000000,
    "operatingIncomeRatio": 0.007485445,
    "totalOtherIncomeExpensesNet": -25000000,
    "incomeBeforeTax": 2000000,
    "incomeBeforeTaxRatio": 0.0005544774,
    "incomeTaxExpense": -110000000,
    "netIncome": 356000000,
    "netIncomeRatio": 0.0986969781,
    "eps": 0.44,
    "epsdiluted": 0.41,
    "weightedAverageShsOut": 816000000,
    "weightedAverageShsOutDil": 833800000,
    "link": "https://www.sec.gov/Archives/edgar/data/715957/000156459020051677/0001564590-20-051677-index.htm",
    "finalLink": "https://www.sec.gov/Archives/edgar/data/103682/000156459020051677/d-10q_20200930.htm"
  },
  {
    "date": "2020-06-30",
    "symbol": "D",
    "reportedCurrency": "USD",
    "cik": "0000715957",
    "fillingDate": "2020-08-05",
    "acceptedDate": "2020-08-05 08:03:35",
    "calendarYear": "2020",
    "period": "Q2",
    "revenue": 3106000000,
    "costOfRevenue": 1460000000,
    "grossProfit": 1646000000,
    "grossProfitRatio": 0.5299420476,
    "researchAndDevelopmentExpenses": 0,
    "generalAndAdministrativeExpenses": 0,
    "sellingAndMarketingExpenses": 0,
    "sellingGeneralAndAdministrativeExpenses": 0,
    "otherExpenses": 842000000,
    "operatingExpenses": 842000000,
    "costAndExpenses": 2302000000,
    "interestIncome": 0,
    "interestExpense": 398000000,
    "depreciationAndAmortization": 738000000,
    "ebitda": 1586000000,
    "ebitdaratio": 0.5106245976,
    "operatingIncome": 804000000,
    "operatingIncomeRatio": 0.2588538313,
    "totalOtherIncomeExpensesNet": 102000000,
    "incomeBeforeTax": 906000000,
    "incomeBeforeTaxRatio": 0.2916934965,
    "incomeTaxExpense": 37000000,
    "netIncome": -1169000000,
    "netIncomeRatio": -0.3763683194,
    "eps": -1.39,
    "epsdiluted": -1.39,
    "weightedAverageShsOut": 840000000,
    "weightedAverageShsOutDil": 840000000,
    "link": "https://www.sec.gov/Archives/edgar/data/715957/000156459020036451/0001564590-20-036451-index.htm",
    "finalLink": "https://www.sec.gov/Archives/edgar/data/103682/000156459020036451/d-10q_20200630.htm"
  },
  {
    "date": "2020-03-31",
    "symbol": "D",
    "reportedCurrency": "USD",
    "cik": "0000715957",
    "fillingDate": "2020-05-05",
    "acceptedDate": "2020-05-05 11:40:43",
    "calendarYear": "2020",
    "period": "Q1",
    "revenue": 3938000000,
    "costOfRevenue": 1984000000,
    "grossProfit": 1954000000,
    "grossProfitRatio": 0.4961909599,
    "researchAndDevelopmentExpenses": 0,
    "generalAndAdministrativeExpenses": 0,
    "sellingAndMarketingExpenses": 0,
    "sellingGeneralAndAdministrativeExpenses": 0,
    "otherExpenses": 1586000000,
    "operatingExpenses": 1586000000,
    "costAndExpenses": 3570000000,
    "interestIncome": 0,
    "interestExpense": 432000000,
    "depreciationAndAmortization": 759000000,
    "ebitda": 1895000000,
    "ebitdaratio": 0.4812087354,
    "operatingIncome": 368000000,
    "operatingIncomeRatio": 0.093448451,
    "totalOtherIncomeExpensesNet": -886000000,
    "incomeBeforeTax": -518000000,
    "incomeBeforeTaxRatio": -0.1315388522,
    "incomeTaxExpense": -50000000,
    "netIncome": -270000000,
    "netIncomeRatio": -0.0685627222,
    "eps": -0.32,
    "epsdiluted": -0.32,
    "weightedAverageShsOut": 838200000,
    "weightedAverageShsOutDil": 838200000,
    "link": "https://www.sec.gov/Archives/edgar/data/715957/000156459020021084/0001564590-20-021084-index.htm",
    "finalLink": "https://www.sec.gov/Archives/edgar/data/103682/000156459020021084/d-10q_20200331.htm"
  },
  {
    "date": "2019-12-31",
    "symbol": "D",
    "reportedCurrency": "USD",
    "cik": "0000715957",
    "fillingDate": "2020-02-28",
    "acceptedDate": "2020-02-28 08:56:19",
    "calendarYear": "2019",
    "period": "Q4",
    "revenue": 4475000000,
    "costOfRevenue": 2228000000,
    "grossProfit": 2247000000,
    "grossProfitRatio": 0.502122905,
    "researchAndDevelopmentExpenses": 0,
    "generalAndAdministrativeExpenses": 0,
    "sellingAndMarketingExpenses": 0,
    "sellingGeneralAndAdministrativeExpenses": 0,
    "otherExpenses": 1026000000,
    "operatingExpenses": 1026000000,
    "costAndExpenses": 3254000000,
    "interestIncome": 0,
    "interestExpense": 401000000,
    "depreciationAndAmortization": 742000000,
    "ebitda": 2104000000,
    "ebitdaratio": 0.4701675978,
    "operatingIncome": 1221000000,
    "operatingIncomeRatio": 0.272849162,
    "totalOtherIncomeExpensesNet": -68000000,
    "incomeBeforeTax": 1153000000,
    "incomeBeforeTaxRatio": 0.2576536313,
    "incomeTaxExpense": 143000000,
    "netIncome": 1009000000,
    "netIncomeRatio": 0.2254748603,
    "eps": 1.31,
    "epsdiluted": 1.31,
    "weightedAverageShsOut": 838000000,
    "weightedAverageShsOutDil": 838000000,
    "link": "https://www.sec.gov/Archives/edgar/data/715957/000119312520054469/0001193125-20-054469-index.htm",
    "finalLink": "https://www.sec.gov/Archives/edgar/data/103682/000119312520054469/d854390d10k.htm"
  },
  {
    "date": "2019-09-30",
    "symbol": "D",
    "reportedCurrency": "USD",
    "cik": "0000715957",
    "fillingDate": "2019-11-01",
    "acceptedDate": "2019-11-01 16:35:03",
    "calendarYear": "2019",
    "period": "Q3",
    "revenue": 3782000000,
    "costOfRevenue": 1805000000,
    "grossProfit": 1977000000,
    "grossProfitRatio": 0.5227392914,
    "researchAndDevelopmentExpenses": 0,
    "generalAndAdministrativeExpenses": 0,
    "sellingAndMarketingExpenses": 0,
    "sellingGeneralAndAdministrativeExpenses": 0,
    "otherExpenses": 873000000,
    "operatingExpenses": 873000000,
    "costAndExpenses": 2678000000,
    "interestIncome": 0,
    "interestExpense": 370000000,
    "depreciationAndAmortization": 763000000,
    "ebitda": 1952000000,
    "ebitdaratio": 0.5161290323,
    "operatingIncome": 1104000000,
    "operatingIncomeRatio": 0.2919090428,
    "totalOtherIncomeExpensesNet": -241000000,
    "incomeBeforeTax": 863000000,
    "incomeBeforeTaxRatio": 0.2281861449,
    "incomeTaxExpense": -84000000,
    "netIncome": 975000000,
    "netIncomeRatio": 0.2578001058,
    "eps": 1.19,
    "epsdiluted": 1.17,
    "weightedAverageShsOut": 813000000,
    "weightedAverageShsOutDil": 813000000,
    "link": "https://www.sec.gov/Archives/edgar/data/715957/000156459019039434/0001564590-19-039434-index.htm",
    "finalLink": "https://www.sec.gov/Archives/edgar/data/103682/000156459019039434/d-10q_20190930.htm"
  },
  {
    "date": "2019-06-30",
    "symbol": "D",
    "reportedCurrency": "USD",
    "cik": "0000715957",
    "fillingDate": "2019-08-01",
    "acceptedDate": "2019-08-01 09:33:12",
    "calendarYear": "2019",
    "period": "Q2",
    "revenue": 3970000000,
    "costOfRevenue": 2252000000,
    "grossProfit": 1718000000,
    "grossProfitRatio": 0.4327455919,
    "researchAndDevelopmentExpenses": 0,
    "generalAndAdministrativeExpenses": 0,
    "sellingAndMarketingExpenses": 0,
    "sellingGeneralAndAdministrativeExpenses": 0,
    "otherExpenses": 1257000000,
    "operatingExpenses": 1257000000,
    "costAndExpenses": 3509000000,
    "interestIncome": 0,
    "interestExpense": 452000000,
    "depreciationAndAmortization": 738000000,
    "ebitda": 1511000000,
    "ebitdaratio": 0.380604534,
    "operatingIncome": 461000000,
    "operatingIncomeRatio": 0.1161209068,
    "totalOtherIncomeExpensesNet": -360000000,
    "incomeBeforeTax": 101000000,
    "incomeBeforeTaxRatio": 0.025440806,
    "incomeTaxExpense": 43000000,
    "netIncome": 54000000,
    "netIncomeRatio": 0.0136020151,
    "eps": 0.07,
    "epsdiluted": 0.05,
    "weightedAverageShsOut": 771428571,
    "weightedAverageShsOutDil": 802600000,
    "link": "https://www.sec.gov/Archives/edgar/data/715957/000156459019027723/0001564590-19-027723-index.htm",
    "finalLink": "https://www.sec.gov/Archives/edgar/data/103682/000156459019027723/d-10q_20190630.htm"
  },
  {
    "date": "2019-03-31",
    "symbol": "D",
    "reportedCurrency": "USD",
    "cik": "0000715957",
    "fillingDate": "2019-05-03",
    "acceptedDate": "2019-05-03 12:40:18",
    "calendarYear": "2019",
    "period": "Q1",
    "revenue": 3858000000,
    "costOfRevenue": 2562000000,
    "grossProfit": 1296000000,
    "grossProfitRatio": 0.3359253499,
    "researchAndDevelopmentExpenses": 0,
    "generalAndAdministrativeExpenses": 0,
    "sellingAndMarketingExpenses": 0,
    "sellingGeneralAndAdministrativeExpenses": 0,
    "otherExpenses": 1778000000,
    "operatingExpenses": 1778000000,
    "costAndExpenses": 4340000000,
    "interestIncome": 0,
    "interestExpense": 469000000,
    "depreciationAndAmortization": 734000000,
    "ebitda": 1087000000,
    "ebitdaratio": 0.2817522032,
    "operatingIncome": -482000000,
    "operatingIncomeRatio": -0.1249351996,
    "totalOtherIncomeExpensesNet": -81000000,
    "incomeBeforeTax": -563000000,
    "incomeBeforeTaxRatio": -0.145930534,
    "incomeTaxExpense": 114000000,
    "netIncome": -680000000,
    "netIncomeRatio": -0.176257128,
    "eps": -0.86,
    "epsdiluted": -0.86,
    "weightedAverageShsOut": 790697674,
    "weightedAverageShsOutDil": 793100000,
    "link": "https://www.sec.gov/Archives/edgar/data/715957/000156459019015583/0001564590-19-015583-index.htm",
    "finalLink": "https://www.sec.gov/Archives/edgar/data/103682/000156459019015583/d-10q_20190331.htm"
  },
  {
    "date": "2018-12-31",
    "symbol": "D",
    "reportedCurrency": "USD",
    "cik": "0000715957",
    "fillingDate": "2019-02-28",
    "acceptedDate": "2019-02-28 17:17:16",
    "calendarYear": "2018",
    "period": "Q4",
    "revenue": 3361000000,
    "costOfRevenue": 1830000000,
    "grossProfit": 1531000000,
    "grossProfitRatio": 0.4555191907,
    "researchAndDevelopmentExpenses": 0,
    "generalAndAdministrativeExpenses": 0,
    "sellingAndMarketingExpenses": 0,
    "sellingGeneralAndAdministrativeExpenses": 0,
    "otherExpenses": 697000000,
    "operatingExpenses": 697000000,
    "costAndExpenses": 2527000000,
    "interestIncome": 0,
    "interestExpense": 440000000,
    "depreciationAndAmortization": 574000000,
    "ebitda": 1431000000,
    "ebitdaratio": 0.425766141,
    "operatingIncome": 834000000,
    "operatingIncomeRatio": 0.2481404344,
    "totalOtherIncomeExpensesNet": -77000000,
    "incomeBeforeTax": 757000000,
    "incomeBeforeTaxRatio": 0.2252305861,
    "incomeTaxExpense": 95000000,
    "netIncome": 641000000,
    "netIncomeRatio": 0.1907170485,
    "eps": 0.94,
    "epsdiluted": 0.94,
    "weightedAverageShsOut": 660900371,
    "weightedAverageShsOutDil": 681000000,
    "link": "https://www.sec.gov/Archives/edgar/data/715957/000119312519057924/0001193125-19-057924-index.htm",
    "finalLink": "https://www.sec.gov/Archives/edgar/data/103682/000119312519057924/d662998d10k.htm"
  },
  {
    "date": "2018-09-30",
    "symbol": "D",
    "reportedCurrency": "USD",
    "cik": "0000715957",
    "fillingDate": "2018-11-02",
    "acceptedDate": "2018-11-02 16:05:43",
    "calendarYear": "2018",
    "period": "Q3",
    "revenue": 3451000000,
    "costOfRevenue": 1586000000,
    "grossProfit": 1865000000,
    "grossProfitRatio": 0.5404230658,
    "researchAndDevelopmentExpenses": 0,
    "generalAndAdministrativeExpenses": 0,
    "sellingAndMarketingExpenses": 0,
    "sellingGeneralAndAdministrativeExpenses": 0,
    "otherExpenses": 715000000,
    "operatingExpenses": 715000000,
    "costAndExpenses": 2301000000,
    "interestIncome": 0,
    "interestExpense": 378000000,
    "depreciationAndAmortization": 600000000,
    "ebitda": 1762000000,
    "ebitdaratio": 0.5105766445,
    "operatingIncome": 1150000000,
    "operatingIncomeRatio": 0.333236743,
    "totalOtherIncomeExpensesNet": -5000000,
    "incomeBeforeTax": 1145000000,
    "incomeBeforeTaxRatio": 0.3317878876,
    "incomeTaxExpense": 262000000,
    "netIncome": 854000000,
    "netIncomeRatio": 0.247464503,
    "eps": 1.31,
    "epsdiluted": 1.3,
    "weightedAverageShsOut": 655000000,
    "weightedAverageShsOutDil": 655000000,
    "link": "https://www.sec.gov/Archives/edgar/data/715957/000156459018026483/0001564590-18-026483-index.htm",
    "finalLink": "https://www.sec.gov/Archives/edgar/data/103682/000156459018026483/d-10q_20180930.htm"
  },
  {
    "date": "2018-06-30",
    "symbol": "D",
    "reportedCurrency": "USD",
    "cik": "0000715957",
    "fillingDate": "2018-08-02",
    "acceptedDate": "2018-08-02 08:33:18",
    "calendarYear": "2018",
    "period": "Q2",
    "revenue": 3088000000,
    "costOfRevenue": 1583000000,
    "grossProfit": 1505000000,
    "grossProfitRatio": 0.4873704663,
    "researchAndDevelopmentExpenses": 0,
    "generalAndAdministrativeExpenses": 0,
    "sellingAndMarketingExpenses": 0,
    "sellingGeneralAndAdministrativeExpenses": 0,
    "otherExpenses": 763000000,
    "operatingExpenses": 763000000,
    "costAndExpenses": 2346000000,
    "interestIncome": 0,
    "interestExpense": 361000000,
    "depreciationAndAmortization": 534000000,
    "ebitda": 1410000000,
    "ebitdaratio": 0.4566062176,
    "operatingIncome": 742000000,
    "operatingIncomeRatio": 0.2402849741,
    "totalOtherIncomeExpensesNet": -176000000,
    "incomeBeforeTax": 566000000,
    "incomeBeforeTaxRatio": 0.1832901554,
    "incomeTaxExpense": 88000000,
    "netIncome": 449000000,
    "netIncomeRatio": 0.1454015544,
    "eps": 0.69,
    "epsdiluted": 0.69,
    "weightedAverageShsOut": 650724638,
    "weightedAverageShsOutDil": 653100000,
    "link": "https://www.sec.gov/Archives/edgar/data/715957/000156459018018690/0001564590-18-018690-index.htm",
    "finalLink": "https://www.sec.gov/Archives/edgar/data/103682/000156459018018690/d-10q_20180630.htm"
  },
  {
    "date": "2018-03-31",
    "symbol": "D",
    "reportedCurrency": "USD",
    "cik": "0000715957",
    "fillingDate": "2018-05-04",
    "acceptedDate": "2018-05-04 09:14:50",
    "calendarYear": "2018",
    "period": "Q1",
    "revenue": 3466000000,
    "costOfRevenue": 1893000000,
    "grossProfit": 1573000000,
    "grossProfitRatio": 0.4538372764,
    "researchAndDevelopmentExpenses": 0,
    "generalAndAdministrativeExpenses": 0,
    "sellingAndMarketingExpenses": 0,
    "sellingGeneralAndAdministrativeExpenses": 0,
    "otherExpenses": 698000000,
    "operatingExpenses": 698000000,
    "costAndExpenses": 2591000000,
    "interestIncome": 0,
    "interestExpense": 314000000,
    "depreciationAndAmortization": 572000000,
    "ebitda": 1448000000,
    "ebitdaratio": 0.4177726486,
    "operatingIncome": 875000000,
    "operatingIncomeRatio": 0.2524523947,
    "totalOtherIncomeExpensesNet": -214000000,
    "incomeBeforeTax": 661000000,
    "incomeBeforeTaxRatio": 0.1907097519,
    "incomeTaxExpense": 135000000,
    "netIncome": 503000000,
    "netIncomeRatio": 0.1451240623,
    "eps": 0.77,
    "epsdiluted": 0.77,
    "weightedAverageShsOut": 653246753,
    "weightedAverageShsOutDil": 653246753,
    "link": "https://www.sec.gov/Archives/edgar/data/715957/000156459018010863/0001564590-18-010863-index.htm",
    "finalLink": "https://www.sec.gov/Archives/edgar/data/103682/000156459018010863/d-10q_20180331.htm"
  },
  {
    "date": "2017-12-31",
    "symbol": "D",
    "reportedCurrency": "USD",
    "cik": "0000715957",
    "fillingDate": "2018-02-27",
    "acceptedDate": "2018-02-27 09:13:42",
    "calendarYear": "2017",
    "period": "Q4",
    "revenue": 3210000000,
    "costOfRevenue": 1573000000,
    "grossProfit": 1637000000,
    "grossProfitRatio": 0.5099688474,
    "researchAndDevelopmentExpenses": 0,
    "generalAndAdministrativeExpenses": 0,
    "sellingAndMarketingExpenses": 0,
    "sellingGeneralAndAdministrativeExpenses": 0,
    "otherExpenses": 633000000,
    "operatingExpenses": 633000000,
    "costAndExpenses": 2206000000,
    "interestIncome": 0,
    "interestExpense": 300000000,
    "depreciationAndAmortization": 553000000,
    "ebitda": 1557000000,
    "ebitdaratio": 0.485046729,
    "operatingIncome": 1004000000,
    "operatingIncomeRatio": 0.3127725857,
    "totalOtherIncomeExpensesNet": -384000000,
    "incomeBeforeTax": 620000000,
    "incomeBeforeTaxRatio": 0.1931464174,
    "incomeTaxExpense": -713000000,
    "netIncome": 1312000000,
    "netIncomeRatio": 0.4087227414,
    "eps": 2.25,
    "epsdiluted": 2.25,
    "weightedAverageShsOut": 643900150,
    "weightedAverageShsOutDil": 645000000,
    "link": "https://www.sec.gov/Archives/edgar/data/715957/000119312518059578/0001193125-18-059578-index.htm",
    "finalLink": "https://www.sec.gov/Archives/edgar/data/103682/000119312518059578/d512216d10k.htm"
  },
  {
    "date": "2017-09-30",
    "symbol": "D",
    "reportedCurrency": "USD",
    "cik": "0000715957",
    "fillingDate": "2017-11-01",
    "acceptedDate": "2017-11-01 08:02:52",
    "calendarYear": "2017",
    "period": "Q3",
    "revenue": 3179000000,
    "costOfRevenue": 1380000000,
    "grossProfit": 1799000000,
    "grossProfitRatio": 0.5659012268,
    "researchAndDevelopmentExpenses": 0,
    "generalAndAdministrativeExpenses": 0,
    "sellingAndMarketingExpenses": 0,
    "sellingGeneralAndAdministrativeExpenses": 0,
    "otherExpenses": 647000000,
    "operatingExpenses": 647000000,
    "costAndExpenses": 2027000000,
    "interestIncome": 0,
    "interestExpense": 305000000,
    "depreciationAndAmortization": 561000000,
    "ebitda": 1713000000,
    "ebitdaratio": 0.5388486946,
    "operatingIncome": 1152000000,
    "operatingIncomeRatio": 0.3623781063,
    "totalOtherIncomeExpensesNet": -184000000,
    "incomeBeforeTax": 968000000,
    "incomeBeforeTaxRatio": 0.3044982699,
    "incomeTaxExpense": 272000000,
    "netIncome": 665000000,
    "netIncomeRatio": 0.2091852784,
    "eps": 1.03,
    "epsdiluted": 1.03,
    "weightedAverageShsOut": 645631067,
    "weightedAverageShsOutDil": 645631068,
    "link": "https://www.sec.gov/Archives/edgar/data/715957/000156459017020637/0001564590-17-020637-index.htm",
    "finalLink": "https://www.sec.gov/Archives/edgar/data/103682/000156459017020637/d-10q_20170930.htm"
  },
  {
    "date": "2017-06-30",
    "symbol": "D",
    "reportedCurrency": "USD",
    "cik": "0000715957",
    "fillingDate": "2017-08-03",
    "acceptedDate": "2017-08-03 09:02:44",
    "calendarYear": "2017",
    "period": "Q2",
    "revenue": 2813000000,
    "costOfRevenue": 1425000000,
    "grossProfit": 1388000000,
    "grossProfitRatio": 0.4934233914,
    "researchAndDevelopmentExpenses": 0,
    "generalAndAdministrativeExpenses": 0,
    "sellingAndMarketingExpenses": 0,
    "sellingGeneralAndAdministrativeExpenses": 0,
    "otherExpenses": 635000000,
    "operatingExpenses": 635000000,
    "costAndExpenses": 2060000000,
    "interestIncome": 0,
    "interestExpense": 308000000,
    "depreciationAndAmortization": 540000000,
    "ebitda": 1293000000,
    "ebitdaratio": 0.4596516175,
    "operatingIncome": 753000000,
    "operatingIncomeRatio": 0.2676857448,
    "totalOtherIncomeExpensesNet": -200000000,
    "incomeBeforeTax": 553000000,
    "incomeBeforeTaxRatio": 0.1965872734,
    "incomeTaxExpense": 136000000,
    "netIncome": 390000000,
    "netIncomeRatio": 0.1386420192,
    "eps": 0.62,
    "epsdiluted": 0.62,
    "weightedAverageShsOut": 629032258,
    "weightedAverageShsOutDil": 629200000,
    "link": "https://www.sec.gov/Archives/edgar/data/715957/000156459017015133/0001564590-17-015133-index.htm",
    "finalLink": "https://www.sec.gov/Archives/edgar/data/103682/000156459017015133/d-10q_20170630.htm"
  },
  {
    "date": "2017-03-31",
    "symbol": "D",
    "reportedCurrency": "USD",
    "cik": "0000715957",
    "fillingDate": "2017-05-04",
    "acceptedDate": "2017-05-04 12:16:08",
    "calendarYear": "2017",
    "period": "Q1",
    "revenue": 3384000000,
    "costOfRevenue": 1647000000,
    "grossProfit": 1737000000,
    "grossProfitRatio": 0.5132978723,
    "researchAndDevelopmentExpenses": 0,
    "generalAndAdministrativeExpenses": 0,
    "sellingAndMarketingExpenses": 0,
    "sellingGeneralAndAdministrativeExpenses": 0,
    "otherExpenses": 658000000,
    "operatingExpenses": 658000000,
    "costAndExpenses": 2305000000,
    "interestIncome": 0,
    "interestExpense": 292000000,
    "depreciationAndAmortization": 548000000,
    "ebitda": 1627000000,
    "ebitdaratio": 0.4807919622,
    "operatingIncome": 1079000000,
    "operatingIncomeRatio": 0.3188534279,
    "totalOtherIncomeExpensesNet": -130000000,
    "incomeBeforeTax": 949000000,
    "incomeBeforeTaxRatio": 0.2804373522,
    "incomeTaxExpense": 275000000,
    "netIncome": 632000000,
    "netIncomeRatio": 0.1867612293,
    "eps": 1.01,
    "epsdiluted": 1.01,
    "weightedAverageShsOut": 628100000,
    "weightedAverageShsOutDil": 628100000,
    "link": "https://www.sec.gov/Archives/edgar/data/715957/000119312517157920/0001193125-17-157920-index.htm",
    "finalLink": "https://www.sec.gov/Archives/edgar/data/103682/000119312517157920/d377987d10q.htm"
  },
  {
    "date": "2016-12-31",
    "symbol": "D",
    "reportedCurrency": "USD",
    "cik": "0000715957",
    "fillingDate": "2017-02-28",
    "acceptedDate": "2017-02-28 08:30:57",
    "calendarYear": "2016",
    "period": "Q4",
    "revenue": 3086000000,
    "costOfRevenue": 1672000000,
    "grossProfit": 1414000000,
    "grossProfitRatio": 0.458198315,
    "researchAndDevelopmentExpenses": 0,
    "generalAndAdministrativeExpenses": 0,
    "sellingAndMarketingExpenses": 0,
    "sellingGeneralAndAdministrativeExpenses": 0,
    "otherExpenses": 595000000,
    "operatingExpenses": 595000000,
    "costAndExpenses": 2267000000,
    "interestIncome": 0,
    "interestExpense": 295000000,
    "depreciationAndAmortization": 524000000,
    "ebitda": 1343000000,
    "ebitdaratio": 0.435191186,
    "operatingIncome": 819000000,
    "operatingIncomeRatio": 0.2653920933,
    "totalOtherIncomeExpensesNet": -234000000,
    "incomeBeforeTax": 585000000,
    "incomeBeforeTaxRatio": 0.1895657809,
    "incomeTaxExpense": 94000000,
    "netIncome": 457000000,
    "netIncomeRatio": 0.14808814,
    "eps": 0.73,
    "epsdiluted": 0.73,
    "weightedAverageShsOut": 627100340,
    "weightedAverageShsOutDil": 628000000,
    "link": "https://www.sec.gov/Archives/edgar/data/715957/000119312517060413/0001193125-17-060413-index.htm",
    "finalLink": "https://www.sec.gov/Archives/edgar/data/103682/000119312517060413/d334692d10k.htm"
  },
  {
    "date": "2016-09-30",
    "symbol": "D",
    "reportedCurrency": "USD",
    "cik": "0000715957",
    "fillingDate": "2016-11-09",
    "acceptedDate": "2016-11-09 11:56:36",
    "calendarYear": "2016",
    "period": "Q3",
    "revenue": 3132000000,
    "costOfRevenue": 1442000000,
    "grossProfit": 1690000000,
    "grossProfitRatio": 0.5395913155,
    "researchAndDevelopmentExpenses": 0,
    "generalAndAdministrativeExpenses": 0,
    "sellingAndMarketingExpenses": 0,
    "sellingGeneralAndAdministrativeExpenses": 0,
    "otherExpenses": 545000000,
    "operatingExpenses": 545000000,
    "costAndExpenses": 1987000000,
    "interestIncome": 0,
    "interestExpense": 250000000,
    "depreciationAndAmortization": 472000000,
    "ebitda": 1617000000,
    "ebitdaratio": 0.5162835249,
    "operatingIncome": 1145000000,
    "operatingIncomeRatio": 0.3655810983,
    "totalOtherIncomeExpensesNet": -187000000,
    "incomeBeforeTax": 958000000,
    "incomeBeforeTaxRatio": 0.3058748404,
    "incomeTaxExpense": 230000000,
    "netIncome": 690000000,
    "netIncomeRatio": 0.2203065134,
    "eps": 1.1,
    "epsdiluted": 1.1,
    "weightedAverageShsOut": 627272727,
    "weightedAverageShsOutDil": 627272727,
    "link": "https://www.sec.gov/Archives/edgar/data/715957/000119312516763981/0001193125-16-763981-index.htm",
    "finalLink": "https://www.sec.gov/Archives/edgar/data/103682/000119312516763981/d289364d10q.htm"
  },
  {
    "date": "2016-06-30",
    "symbol": "D",
    "reportedCurrency": "USD",
    "cik": "0000715957",
    "fillingDate": "2016-08-03",
    "acceptedDate": "2016-08-03 11:00:15",
    "calendarYear": "2016",
    "period": "Q2",
    "revenue": 2598000000,
    "costOfRevenue": 1317000000,
    "grossProfit": 1281000000,
    "grossProfitRatio": 0.4930715935,
    "researchAndDevelopmentExpenses": 0,
    "generalAndAdministrativeExpenses": 0,
    "sellingAndMarketingExpenses": 0,
    "sellingGeneralAndAdministrativeExpenses": 0,
    "otherExpenses": 500000000,
    "operatingExpenses": 500000000,
    "costAndExpenses": 1817000000,
    "interestIncome": 0,
    "interestExpense": 239000000,
    "depreciationAndAmortization": 429000000,
    "ebitda": 1210000000,
    "ebitdaratio": 0.4657428791,
    "operatingIncome": 781000000,
    "operatingIncomeRatio": 0.3006158584,
    "totalOtherIncomeExpensesNet": -167000000,
    "incomeBeforeTax": 614000000,
    "incomeBeforeTaxRatio": 0.2363356428,
    "incomeTaxExpense": 152000000,
    "netIncome": 452000000,
    "netIncomeRatio": 0.1739799846,
    "eps": 0.73,
    "epsdiluted": 0.73,
    "weightedAverageShsOut": 615600000,
    "weightedAverageShsOutDil": 617000000,
    "link": "https://www.sec.gov/Archives/edgar/data/715957/000119312516669379/0001193125-16-669379-index.htm",
    "finalLink": "https://www.sec.gov/Archives/edgar/data/103682/000119312516669379/d234681d10q.htm"
  },
  {
    "date": "2016-03-31",
    "symbol": "D",
    "reportedCurrency": "USD",
    "cik": "0000715957",
    "fillingDate": "2016-05-05",
    "acceptedDate": "2016-05-05 10:53:57",
    "calendarYear": "2016",
    "period": "Q1",
    "revenue": 2921000000,
    "costOfRevenue": 1524000000,
    "grossProfit": 1397000000,
    "grossProfitRatio": 0.4782608696,
    "researchAndDevelopmentExpenses": 0,
    "generalAndAdministrativeExpenses": 0,
    "sellingAndMarketingExpenses": 0,
    "sellingGeneralAndAdministrativeExpenses": 0,
    "otherExpenses": 515000000,
    "operatingExpenses": 515000000,
    "costAndExpenses": 2039000000,
    "interestIncome": 0,
    "interestExpense": 226000000,
    "depreciationAndAmortization": 424000000,
    "ebitda": 1306000000,
    "ebitdaratio": 0.4471071551,
    "operatingIncome": 882000000,
    "operatingIncomeRatio": 0.3019513865,
    "totalOtherIncomeExpensesNet": -172000000,
    "incomeBeforeTax": 710000000,
    "incomeBeforeTaxRatio": 0.2430674427,
    "incomeTaxExpense": 179000000,
    "netIncome": 524000000,
    "netIncomeRatio": 0.1793906197,
    "eps": 0.88,
    "epsdiluted": 0.88,
    "weightedAverageShsOut": 596600000,
    "weightedAverageShsOutDil": 598200000,
    "link": "https://www.sec.gov/Archives/edgar/data/715957/000119312516579092/0001193125-16-579092-index.htm",
    "finalLink": "https://www.sec.gov/Archives/edgar/data/103682/000119312516579092/d194158d10q.htm"
  },
  {
    "date": "2015-12-31",
    "symbol": "D",
    "reportedCurrency": "USD",
    "cik": "0000715957",
    "fillingDate": "2016-02-26",
    "acceptedDate": "2016-02-26 12:51:50",
    "calendarYear": "2015",
    "period": "Q4",
    "revenue": 2556000000,
    "costOfRevenue": 1441000000,
    "grossProfit": 1115000000,
    "grossProfitRatio": 0.436228482,
    "researchAndDevelopmentExpenses": 0,
    "generalAndAdministrativeExpenses": 0,
    "sellingAndMarketingExpenses": 0,
    "sellingGeneralAndAdministrativeExpenses": 0,
    "otherExpenses": 477000000,
    "operatingExpenses": 477000000,
    "costAndExpenses": 1918000000,
    "interestIncome": 0,
    "interestExpense": 230000000,
    "depreciationAndAmortization": 419000000,
    "ebitda": 1057000000,
    "ebitdaratio": 0.4135367762,
    "operatingIncome": 638000000,
    "operatingIncomeRatio": 0.2496087637,
    "totalOtherIncomeExpensesNet": -161000000,
    "incomeBeforeTax": 477000000,
    "incomeBeforeTaxRatio": 0.1866197183,
    "incomeTaxExpense": 111000000,
    "netIncome": 357000000,
    "netIncomeRatio": 0.1396713615,
    "eps": 0.6,
    "epsdiluted": 0.6,
    "weightedAverageShsOut": 595700000,
    "weightedAverageShsOutDil": 596600000,
    "link": "https://www.sec.gov/Archives/edgar/data/715957/000119312516480850/0001193125-16-480850-index.htm",
    "finalLink": "https://www.sec.gov/Archives/edgar/data/103682/000119312516480850/d126742d10k.htm"
  },
  {
    "date": "2015-09-30",
    "symbol": "D",
    "reportedCurrency": "USD",
    "cik": "0000715957",
    "fillingDate": "2015-11-03",
    "acceptedDate": "2015-11-03 10:48:39",
    "calendarYear": "2015",
    "period": "Q3",
    "revenue": 2971000000,
    "costOfRevenue": 1360000000,
    "grossProfit": 1611000000,
    "grossProfitRatio": 0.5422416695,
    "researchAndDevelopmentExpenses": 0,
    "generalAndAdministrativeExpenses": 0,
    "sellingAndMarketingExpenses": 0,
    "sellingGeneralAndAdministrativeExpenses": 0,
    "otherExpenses": 488000000,
    "operatingExpenses": 488000000,
    "costAndExpenses": 1848000000,
    "interestIncome": 0,
    "interestExpense": 230000000,
    "depreciationAndAmortization": 428000000,
    "ebitda": 1551000000,
    "ebitdaratio": 0.522046449,
    "operatingIncome": 1123000000,
    "operatingIncomeRatio": 0.3779872097,
    "totalOtherIncomeExpensesNet": -219000000,
    "incomeBeforeTax": 904000000,
    "incomeBeforeTaxRatio": 0.304274655,
    "incomeTaxExpense": 305000000,
    "netIncome": 593000000,
    "netIncomeRatio": 0.1995960956,
    "eps": 1,
    "epsdiluted": 1,
    "weightedAverageShsOut": 594600000,
    "weightedAverageShsOutDil": 595500000,
    "link": "https://www.sec.gov/Archives/edgar/data/715957/000119312515363617/0001193125-15-363617-index.htm",
    "finalLink": "https://www.sec.gov/Archives/edgar/data/103682/000119312515363617/d26009d10q.htm"
  },
  {
    "date": "2015-06-30",
    "symbol": "D",
    "reportedCurrency": "USD",
    "cik": "0000715957",
    "fillingDate": "2015-08-06",
    "acceptedDate": "2015-08-06 09:23:37",
    "calendarYear": "2015",
    "period": "Q2",
    "revenue": 2747000000,
    "costOfRevenue": 1501000000,
    "grossProfit": 1246000000,
    "grossProfitRatio": 0.4535857299,
    "researchAndDevelopmentExpenses": 0,
    "generalAndAdministrativeExpenses": 0,
    "sellingAndMarketingExpenses": 0,
    "sellingGeneralAndAdministrativeExpenses": 0,
    "otherExpenses": 473000000,
    "operatingExpenses": 473000000,
    "costAndExpenses": 1974000000,
    "interestIncome": 0,
    "interestExpense": 221000000,
    "depreciationAndAmortization": 408000000,
    "ebitda": 1181000000,
    "ebitdaratio": 0.429923553,
    "operatingIncome": 773000000,
    "operatingIncomeRatio": 0.2813978886,
    "totalOtherIncomeExpensesNet": -165000000,
    "incomeBeforeTax": 608000000,
    "incomeBeforeTaxRatio": 0.2213323626,
    "incomeTaxExpense": 190000000,
    "netIncome": 413000000,
    "netIncomeRatio": 0.1503458318,
    "eps": 0.7,
    "epsdiluted": 0.7,
    "weightedAverageShsOut": 591500000,
    "weightedAverageShsOutDil": 592500000,
    "link": "https://www.sec.gov/Archives/edgar/data/715957/000119312515280118/0001193125-15-280118-index.htm",
    "finalLink": "https://www.sec.gov/Archives/edgar/data/103682/000119312515280118/d159173d10q.htm"
  },
  {
    "date": "2015-03-31",
    "symbol": "D",
    "reportedCurrency": "USD",
    "cik": "0000715957",
    "fillingDate": "2015-05-05",
    "acceptedDate": "2015-05-05 11:27:39",
    "calendarYear": "2015",
    "period": "Q1",
    "revenue": 3409000000,
    "costOfRevenue": 1899000000,
    "grossProfit": 1510000000,
    "grossProfitRatio": 0.4429451452,
    "researchAndDevelopmentExpenses": 0,
    "generalAndAdministrativeExpenses": 0,
    "sellingAndMarketingExpenses": 0,
    "sellingGeneralAndAdministrativeExpenses": 0,
    "otherExpenses": 508000000,
    "operatingExpenses": 508000000,
    "costAndExpenses": 2407000000,
    "interestIncome": 0,
    "interestExpense": 223000000,
    "depreciationAndAmortization": 414000000,
    "ebitda": 1416000000,
    "ebitdaratio": 0.4153710766,
    "operatingIncome": 1002000000,
    "operatingIncomeRatio": 0.2939278381,
    "totalOtherIncomeExpensesNet": -163000000,
    "incomeBeforeTax": 839000000,
    "incomeBeforeTaxRatio": 0.2461132297,
    "incomeTaxExpense": 299000000,
    "netIncome": 536000000,
    "netIncomeRatio": 0.1572308595,
    "eps": 0.91,
    "epsdiluted": 0.91,
    "weightedAverageShsOut": 587900000,
    "weightedAverageShsOutDil": 589900000,
    "link": "https://www.sec.gov/Archives/edgar/data/715957/000119312515170979/0001193125-15-170979-index.htm",
    "finalLink": "https://www.sec.gov/Archives/edgar/data/103682/000119312515170979/d917911d10q.htm"
  },
  {
    "date": "2014-12-31",
    "symbol": "D",
    "reportedCurrency": "USD",
    "cik": "0000715957",
    "fillingDate": "2015-02-27",
    "acceptedDate": "2015-02-27 10:12:32",
    "calendarYear": "2014",
    "period": "Q4",
    "revenue": 2943000000,
    "costOfRevenue": 1865000000,
    "grossProfit": 1078000000,
    "grossProfitRatio": 0.3662928984,
    "researchAndDevelopmentExpenses": 0,
    "generalAndAdministrativeExpenses": 0,
    "sellingAndMarketingExpenses": 0,
    "sellingGeneralAndAdministrativeExpenses": 0,
    "otherExpenses": 440000000,
    "operatingExpenses": 440000000,
    "costAndExpenses": 2305000000,
    "interestIncome": 0,
    "interestExpense": 498000000,
    "depreciationAndAmortization": 389000000,
    "ebitda": 1027000000,
    "ebitdaratio": 0.3489636425,
    "operatingIncome": 638000000,
    "operatingIncomeRatio": 0.2167855929,
    "totalOtherIncomeExpensesNet": -414000000,
    "incomeBeforeTax": 224000000,
    "incomeBeforeTaxRatio": 0.0761128101,
    "incomeTaxExpense": -25000000,
    "netIncome": 243000000,
    "netIncomeRatio": 0.0825688073,
    "eps": 0.41,
    "epsdiluted": 0.41,
    "weightedAverageShsOut": 584200000,
    "weightedAverageShsOutDil": 587900000,
    "link": "https://www.sec.gov/Archives/edgar/data/715957/000119312515067777/0001193125-15-067777-index.htm",
    "finalLink": "https://www.sec.gov/Archives/edgar/data/103682/000119312515067777/d856078d10k.htm"
  },
  {
    "date": "2014-09-30",
    "symbol": "D",
    "reportedCurrency": "USD",
    "cik": "0000715957",
    "fillingDate": "2014-11-03",
    "acceptedDate": "2014-11-03 16:05:39",
    "calendarYear": "2014",
    "period": "Q3",
    "revenue": 3050000000,
    "costOfRevenue": 1652000000,
    "grossProfit": 1398000000,
    "grossProfitRatio": 0.4583606557,
    "researchAndDevelopmentExpenses": 0,
    "generalAndAdministrativeExpenses": 0,
    "sellingAndMarketingExpenses": 0,
    "sellingGeneralAndAdministrativeExpenses": 0,
    "otherExpenses": 477000000,
    "operatingExpenses": 477000000,
    "costAndExpenses": 2129000000,
    "interestIncome": 0,
    "interestExpense": 231000000,
    "depreciationAndAmortization": 423000000,
    "ebitda": 1344000000,
    "ebitdaratio": 0.4406557377,
    "operatingIncome": 921000000,
    "operatingIncomeRatio": 0.3019672131,
    "totalOtherIncomeExpensesNet": -162000000,
    "incomeBeforeTax": 759000000,
    "incomeBeforeTaxRatio": 0.248852459,
    "incomeTaxExpense": 228000000,
    "netIncome": 529000000,
    "netIncomeRatio": 0.173442623,
    "eps": 0.91,
    "epsdiluted": 0.9,
    "weightedAverageShsOut": 583100000,
    "weightedAverageShsOutDil": 584600000,
    "link": "https://www.sec.gov/Archives/edgar/data/715957/000119312514394022/0001193125-14-394022-index.htm",
    "finalLink": "https://www.sec.gov/Archives/edgar/data/103682/000119312514394022/d814238d10q.htm"
  },
  {
    "date": "2014-06-30",
    "symbol": "D",
    "reportedCurrency": "USD",
    "cik": "0000715957",
    "fillingDate": "2014-07-30",
    "acceptedDate": "2014-07-30 16:55:06",
    "calendarYear": "2014",
    "period": "Q2",
    "revenue": 2813000000,
    "costOfRevenue": 1977000000,
    "grossProfit": 836000000,
    "grossProfitRatio": 0.2971916104,
    "researchAndDevelopmentExpenses": 0,
    "generalAndAdministrativeExpenses": 0,
    "sellingAndMarketingExpenses": 0,
    "sellingGeneralAndAdministrativeExpenses": 0,
    "otherExpenses": 442000000,
    "operatingExpenses": 442000000,
    "costAndExpenses": 2419000000,
    "interestIncome": 0,
    "interestExpense": 227000000,
    "depreciationAndAmortization": 370000000,
    "ebitda": 764000000,
    "ebitdaratio": 0.2715961607,
    "operatingIncome": 394000000,
    "operatingIncomeRatio": 0.1400639886,
    "totalOtherIncomeExpensesNet": -170000000,
    "incomeBeforeTax": 224000000,
    "incomeBeforeTaxRatio": 0.0796302879,
    "incomeTaxExpense": 63000000,
    "netIncome": 159000000,
    "netIncomeRatio": 0.0565232847,
    "eps": 0.27,
    "epsdiluted": 0.27,
    "weightedAverageShsOut": 581900000,
    "weightedAverageShsOutDil": 583900000,
    "link": "https://www.sec.gov/Archives/edgar/data/715957/000119312514287078/0001193125-14-287078-index.htm",
    "finalLink": "https://www.sec.gov/Archives/edgar/data/103682/000119312514287078/d764793d10q.htm"
  },
  {
    "date": "2014-03-31",
    "symbol": "D",
    "reportedCurrency": "USD",
    "cik": "0000715957",
    "fillingDate": "2014-04-30",
    "acceptedDate": "2014-04-30 15:29:32",
    "calendarYear": "2014",
    "period": "Q1",
    "revenue": 3630000000,
    "costOfRevenue": 2387000000,
    "grossProfit": 1243000000,
    "grossProfitRatio": 0.3424242424,
    "researchAndDevelopmentExpenses": 0,
    "generalAndAdministrativeExpenses": 0,
    "sellingAndMarketingExpenses": 0,
    "sellingGeneralAndAdministrativeExpenses": 0,
    "otherExpenses": 475000000,
    "operatingExpenses": 475000000,
    "costAndExpenses": 2862000000,
    "interestIncome": 0,
    "interestExpense": 237000000,
    "depreciationAndAmortization": 378000000,
    "ebitda": 1146000000,
    "ebitdaratio": 0.3157024793,
    "operatingIncome": 768000000,
    "operatingIncomeRatio": 0.2115702479,
    "totalOtherIncomeExpensesNet": -197000000,
    "incomeBeforeTax": 571000000,
    "incomeBeforeTaxRatio": 0.1573002755,
    "incomeTaxExpense": 186000000,
    "netIncome": 379000000,
    "netIncomeRatio": 0.1044077135,
    "eps": 0.65,
    "epsdiluted": 0.65,
    "weightedAverageShsOut": 581600000,
    "weightedAverageShsOutDil": 582900000,
    "link": "https://www.sec.gov/Archives/edgar/data/715957/000119312514171734/0001193125-14-171734-index.htm",
    "finalLink": "https://www.sec.gov/Archives/edgar/data/103682/000119312514171734/d720537d10q.htm"
  },
  {
    "date": "2013-12-31",
    "symbol": "D",
    "reportedCurrency": "USD",
    "cik": "0000715957",
    "fillingDate": "2014-02-28",
    "acceptedDate": "2014-02-27 17:37:14",
    "calendarYear": "2013",
    "period": "Q4",
    "revenue": 3185000000,
    "costOfRevenue": 1961000000,
    "grossProfit": 1224000000,
    "grossProfitRatio": 0.3843014129,
    "researchAndDevelopmentExpenses": 0,
    "generalAndAdministrativeExpenses": 0,
    "sellingAndMarketingExpenses": 0,
    "sellingGeneralAndAdministrativeExpenses": 0,
    "otherExpenses": 420000000,
    "operatingExpenses": 420000000,
    "costAndExpenses": 2381000000,
    "interestIncome": 0,
    "interestExpense": 229000000,
    "depreciationAndAmortization": 286000000,
    "ebitda": 1103000000,
    "ebitdaratio": 0.346310832,
    "operatingIncome": 804000000,
    "operatingIncomeRatio": 0.252433281,
    "totalOtherIncomeExpensesNet": -186000000,
    "incomeBeforeTax": 618000000,
    "incomeBeforeTaxRatio": 0.1940345369,
    "incomeTaxExpense": 183000000,
    "netIncome": 431000000,
    "netIncomeRatio": 0.135321821,
    "eps": 0.74,
    "epsdiluted": 0.74,
    "weightedAverageShsOut": 580500000,
    "weightedAverageShsOutDil": 581600000,
    "link": "https://www.sec.gov/Archives/edgar/data/715957/000119312514073496/0001193125-14-073496-index.htm",
    "finalLink": "https://www.sec.gov/Archives/edgar/data/103682/000119312514073496/d660169d10k.htm"
  },
  {
    "date": "2013-09-30",
    "symbol": "D",
    "reportedCurrency": "USD",
    "cik": "0000715957",
    "fillingDate": "2013-11-05",
    "acceptedDate": "2013-11-05 12:24:33",
    "calendarYear": "2013",
    "period": "Q3",
    "revenue": 3432000000,
    "costOfRevenue": 1955000000,
    "grossProfit": 1477000000,
    "grossProfitRatio": 0.4303613054,
    "researchAndDevelopmentExpenses": 0,
    "generalAndAdministrativeExpenses": 0,
    "sellingAndMarketingExpenses": 0,
    "sellingGeneralAndAdministrativeExpenses": 0,
    "otherExpenses": 443000000,
    "operatingExpenses": 443000000,
    "costAndExpenses": 2398000000,
    "interestIncome": 0,
    "interestExpense": 217000000,
    "depreciationAndAmortization": 375000000,
    "ebitda": 1409000000,
    "ebitdaratio": 0.4105477855,
    "operatingIncome": 1034000000,
    "operatingIncomeRatio": 0.3012820513,
    "totalOtherIncomeExpensesNet": -131000000,
    "incomeBeforeTax": 903000000,
    "incomeBeforeTaxRatio": 0.2631118881,
    "incomeTaxExpense": 305000000,
    "netIncome": 569000000,
    "netIncomeRatio": 0.1657925408,
    "eps": 0.98,
    "epsdiluted": 0.98,
    "weightedAverageShsOut": 579400000,
    "weightedAverageShsOutDil": 580100000,
    "link": "https://www.sec.gov/Archives/edgar/data/715957/000119312513427104/0001193125-13-427104-index.htm",
    "finalLink": "https://www.sec.gov/Archives/edgar/data/103682/000119312513427104/d619807d10q.htm"
  },
  {
    "date": "2013-06-30",
    "symbol": "D",
    "reportedCurrency": "USD",
    "cik": "0000715957",
    "fillingDate": "2013-08-06",
    "acceptedDate": "2013-08-06 13:03:27",
    "calendarYear": "2013",
    "period": "Q2",
    "revenue": 2980000000,
    "costOfRevenue": 1988000000,
    "grossProfit": 992000000,
    "grossProfitRatio": 0.332885906,
    "researchAndDevelopmentExpenses": 0,
    "generalAndAdministrativeExpenses": 0,
    "sellingAndMarketingExpenses": 0,
    "sellingGeneralAndAdministrativeExpenses": 0,
    "otherExpenses": 444000000,
    "operatingExpenses": 444000000,
    "costAndExpenses": 2432000000,
    "interestIncome": 0,
    "interestExpense": 203000000,
    "depreciationAndAmortization": 363000000,
    "ebitda": 911000000,
    "ebitdaratio": 0.305704698,
    "operatingIncome": 548000000,
    "operatingIncomeRatio": 0.1838926174,
    "totalOtherIncomeExpensesNet": -154000000,
    "incomeBeforeTax": 394000000,
    "incomeBeforeTaxRatio": 0.1322147651,
    "incomeTaxExpense": 116000000,
    "netIncome": 202000000,
    "netIncomeRatio": 0.0677852349,
    "eps": 0.35,
    "epsdiluted": 0.35,
    "weightedAverageShsOut": 578100000,
    "weightedAverageShsOutDil": 578900000,
    "link": "https://www.sec.gov/Archives/edgar/data/715957/000119312513321004/0001193125-13-321004-index.htm",
    "finalLink": "https://www.sec.gov/Archives/edgar/data/103682/000119312513321004/d578723d10q.htm"
  },
  {
    "date": "2013-03-31",
    "symbol": "D",
    "reportedCurrency": "USD",
    "cik": "0000715957",
    "fillingDate": "2013-04-25",
    "acceptedDate": "2013-04-25 12:07:51",
    "calendarYear": "2013",
    "period": "Q1",
    "revenue": 3523000000,
    "costOfRevenue": 2129000000,
    "grossProfit": 1394000000,
    "grossProfitRatio": 0.3956854953,
    "researchAndDevelopmentExpenses": 0,
    "generalAndAdministrativeExpenses": 0,
    "sellingAndMarketingExpenses": 0,
    "sellingGeneralAndAdministrativeExpenses": 0,
    "otherExpenses": 464000000,
    "operatingExpenses": 464000000,
    "costAndExpenses": 2593000000,
    "interestIncome": 0,
    "interestExpense": 228000000,
    "depreciationAndAmortization": 366000000,
    "ebitda": 1296000000,
    "ebitdaratio": 0.3678682941,
    "operatingIncome": 930000000,
    "operatingIncomeRatio": 0.2639795629,
    "totalOtherIncomeExpensesNet": -141000000,
    "incomeBeforeTax": 789000000,
    "incomeBeforeTaxRatio": 0.223956855,
    "incomeTaxExpense": 288000000,
    "netIncome": 495000000,
    "netIncomeRatio": 0.1405052512,
    "eps": 0.86,
    "epsdiluted": 0.86,
    "weightedAverageShsOut": 576600000,
    "weightedAverageShsOutDil": 577500000,
    "link": "https://www.sec.gov/Archives/edgar/data/715957/000119312513172823/0001193125-13-172823-index.htm",
    "finalLink": "https://www.sec.gov/Archives/edgar/data/103682/000119312513172823/d524933d10q.htm"
  },
  {
    "date": "2012-12-31",
    "symbol": "D",
    "reportedCurrency": "USD",
    "cik": "0000715957",
    "fillingDate": "2013-02-28",
    "acceptedDate": "2013-02-28 12:09:51",
    "calendarYear": "2012",
    "period": "Q4",
    "revenue": 3167000000,
    "costOfRevenue": 6172000000,
    "grossProfit": -3005000000,
    "grossProfitRatio": -0.9488474897,
    "researchAndDevelopmentExpenses": 0,
    "generalAndAdministrativeExpenses": 0,
    "sellingAndMarketingExpenses": 0,
    "sellingGeneralAndAdministrativeExpenses": 0,
    "otherExpenses": -2113000000,
    "operatingExpenses": -2113000000,
    "costAndExpenses": 4059000000,
    "interestIncome": 0,
    "interestExpense": 215000000,
    "depreciationAndAmortization": 363000000,
    "ebitda": -703000000,
    "ebitdaratio": -0.221976634,
    "operatingIncome": -892000000,
    "operatingIncomeRatio": -0.2816545627,
    "totalOtherIncomeExpensesNet": -166000000,
    "incomeBeforeTax": -1058000000,
    "incomeBeforeTaxRatio": -0.3340700979,
    "incomeTaxExpense": -406000000,
    "netIncome": -659000000,
    "netIncomeRatio": -0.2080833596,
    "eps": -1.15,
    "epsdiluted": -1.14,
    "weightedAverageShsOut": 575300000,
    "weightedAverageShsOutDil": 576600000,
    "link": "https://www.sec.gov/Archives/edgar/data/715957/000119312513082933/0001193125-13-082933-index.htm",
    "finalLink": "https://www.sec.gov/Archives/edgar/data/103682/000119312513082933/d431694d10k.htm"
  },
  {
    "date": "2012-09-30",
    "symbol": "D",
    "reportedCurrency": "USD",
    "cik": "0000715957",
    "fillingDate": "2012-10-25",
    "acceptedDate": "2012-10-25 13:51:18",
    "calendarYear": "2012",
    "period": "Q3",
    "revenue": 3332000000,
    "costOfRevenue": 2372000000,
    "grossProfit": 960000000,
    "grossProfitRatio": 0.2881152461,
    "researchAndDevelopmentExpenses": 0,
    "generalAndAdministrativeExpenses": 0,
    "sellingAndMarketingExpenses": 0,
    "sellingGeneralAndAdministrativeExpenses": 0,
    "otherExpenses": 409000000,
    "operatingExpenses": 409000000,
    "costAndExpenses": 2781000000,
    "interestIncome": 0,
    "interestExpense": 197000000,
    "depreciationAndAmortization": 376000000,
    "ebitda": 927000000,
    "ebitdaratio": 0.2782112845,
    "operatingIncome": 551000000,
    "operatingIncomeRatio": 0.1653661465,
    "totalOtherIncomeExpensesNet": -141000000,
    "incomeBeforeTax": 410000000,
    "incomeBeforeTaxRatio": 0.1230492197,
    "incomeTaxExpense": 143000000,
    "netIncome": 209000000,
    "netIncomeRatio": 0.06272509,
    "eps": 0.36,
    "epsdiluted": 0.36,
    "weightedAverageShsOut": 573800000,
    "weightedAverageShsOutDil": 574700000,
    "link": "https://www.sec.gov/Archives/edgar/data/715957/000119312512435134/0001193125-12-435134-index.htm",
    "finalLink": "https://www.sec.gov/Archives/edgar/data/103682/000119312512435134/d429453d10q.htm"
  },
  {
    "date": "2012-06-30",
    "symbol": "D",
    "reportedCurrency": "USD",
    "cik": "0000715957",
    "fillingDate": "2012-08-01",
    "acceptedDate": "2012-08-01 12:29:21",
    "calendarYear": "2012",
    "period": "Q2",
    "revenue": 3005000000,
    "costOfRevenue": 1961000000,
    "grossProfit": 1044000000,
    "grossProfitRatio": 0.3474209651,
    "researchAndDevelopmentExpenses": 0,
    "generalAndAdministrativeExpenses": 0,
    "sellingAndMarketingExpenses": 0,
    "sellingGeneralAndAdministrativeExpenses": 0,
    "otherExpenses": 416000000,
    "operatingExpenses": 416000000,
    "costAndExpenses": 2377000000,
    "interestIncome": 0,
    "interestExpense": 209000000,
    "depreciationAndAmortization": 351000000,
    "ebitda": 979000000,
    "ebitdaratio": 0.3257903494,
    "operatingIncome": 628000000,
    "operatingIncomeRatio": 0.208985025,
    "totalOtherIncomeExpensesNet": -165000000,
    "incomeBeforeTax": 463000000,
    "incomeBeforeTaxRatio": 0.1540765391,
    "incomeTaxExpense": 166000000,
    "netIncome": 258000000,
    "netIncomeRatio": 0.0858569052,
    "eps": 0.45,
    "epsdiluted": 0.45,
    "weightedAverageShsOut": 572000000,
    "weightedAverageShsOutDil": 573100000,
    "link": "https://www.sec.gov/Archives/edgar/data/715957/000119312512327880/0001193125-12-327880-index.htm",
    "finalLink": "https://www.sec.gov/Archives/edgar/data/103682/000119312512327880/d388091d10q.htm"
  },
  {
    "date": "2012-03-31",
    "symbol": "D",
    "reportedCurrency": "USD",
    "cik": "0000715957",
    "fillingDate": "2012-04-26",
    "acceptedDate": "2012-04-26 14:38:12",
    "calendarYear": "2012",
    "period": "Q1",
    "revenue": 3397000000,
    "costOfRevenue": 2044000000,
    "grossProfit": 1353000000,
    "grossProfitRatio": 0.3982926111,
    "researchAndDevelopmentExpenses": 0,
    "generalAndAdministrativeExpenses": 0,
    "sellingAndMarketingExpenses": 0,
    "sellingGeneralAndAdministrativeExpenses": 0,
    "otherExpenses": 435000000,
    "operatingExpenses": 435000000,
    "costAndExpenses": 2479000000,
    "interestIncome": 0,
    "interestExpense": 212000000,
    "depreciationAndAmortization": 353000000,
    "ebitda": 1271000000,
    "ebitdaratio": 0.374153665,
    "operatingIncome": 918000000,
    "operatingIncomeRatio": 0.2702384457,
    "totalOtherIncomeExpensesNet": -138000000,
    "incomeBeforeTax": 780000000,
    "incomeBeforeTaxRatio": 0.2296143656,
    "incomeTaxExpense": 269000000,
    "netIncome": 494000000,
    "netIncomeRatio": 0.1454224316,
    "eps": 0.86,
    "epsdiluted": 0.86,
    "weightedAverageShsOut": 570500000,
    "weightedAverageShsOutDil": 571900000,
    "link": "https://www.sec.gov/Archives/edgar/data/715957/000119312512185437/0001193125-12-185437-index.htm",
    "finalLink": "https://www.sec.gov/Archives/edgar/data/103682/000119312512185437/d340025d10q.htm"
  },
  {
    "date": "2011-12-31",
    "symbol": "D",
    "reportedCurrency": "USD",
    "cik": "0000715957",
    "fillingDate": "2012-02-28",
    "acceptedDate": "2012-02-28 17:20:58",
    "calendarYear": "2011",
    "period": "Q4",
    "revenue": 3178000000,
    "costOfRevenue": 1456000000,
    "grossProfit": 1722000000,
    "grossProfitRatio": 0.5418502203,
    "researchAndDevelopmentExpenses": 0,
    "generalAndAdministrativeExpenses": 0,
    "sellingAndMarketingExpenses": 0,
    "sellingGeneralAndAdministrativeExpenses": 0,
    "otherExpenses": 1382000000,
    "operatingExpenses": 1382000000,
    "costAndExpenses": 2838000000,
    "interestIncome": 0,
    "interestExpense": 177000000,
    "depreciationAndAmortization": 337000000,
    "ebitda": 744000000,
    "ebitdaratio": 0.2341095028,
    "operatingIncome": 340000000,
    "operatingIncomeRatio": 0.1069855255,
    "totalOtherIncomeExpensesNet": -110000000,
    "incomeBeforeTax": 230000000,
    "incomeBeforeTaxRatio": 0.0723725614,
    "incomeTaxExpense": 23000000,
    "netIncome": 201000000,
    "netIncomeRatio": 0.0632473254,
    "eps": 0.35,
    "epsdiluted": 0.35,
    "weightedAverageShsOut": 569800000,
    "weightedAverageShsOutDil": 570500000,
    "link": "https://www.sec.gov/Archives/edgar/data/715957/000119312512085811/0001193125-12-085811-index.htm",
    "finalLink": "https://www.sec.gov/Archives/edgar/data/103682/000119312512085811/d283555d10k.htm"
  },
  {
    "date": "2011-09-30",
    "symbol": "D",
    "reportedCurrency": "USD",
    "cik": "0000715957",
    "fillingDate": "2011-10-28",
    "acceptedDate": "2011-10-28 13:38:54",
    "calendarYear": "2011",
    "period": "Q3",
    "revenue": 3745000000,
    "costOfRevenue": 1661000000,
    "grossProfit": 2084000000,
    "grossProfitRatio": 0.5564753004,
    "researchAndDevelopmentExpenses": 0,
    "generalAndAdministrativeExpenses": 0,
    "sellingAndMarketingExpenses": 0,
    "sellingGeneralAndAdministrativeExpenses": 0,
    "otherExpenses": 1256000000,
    "operatingExpenses": 1256000000,
    "costAndExpenses": 2917000000,
    "interestIncome": 0,
    "interestExpense": 249000000,
    "depreciationAndAmortization": 324000000,
    "ebitda": 1168000000,
    "ebitdaratio": 0.31188251,
    "operatingIncome": 828000000,
    "operatingIncomeRatio": 0.2210947931,
    "totalOtherIncomeExpensesNet": -233000000,
    "incomeBeforeTax": 595000000,
    "incomeBeforeTaxRatio": 0.1588785047,
    "incomeTaxExpense": 203000000,
    "netIncome": 392000000,
    "netIncomeRatio": 0.1046728972,
    "eps": 0.69,
    "epsdiluted": 0.69,
    "weightedAverageShsOut": 569400000,
    "weightedAverageShsOutDil": 571200000,
    "link": "https://www.sec.gov/Archives/edgar/data/715957/000119312511285781/0001193125-11-285781-index.htm",
    "finalLink": "https://www.sec.gov/Archives/edgar/data/103682/000119312511285781/d247534d10q.htm"
  },
  {
    "date": "2011-06-30",
    "symbol": "D",
    "reportedCurrency": "USD",
    "cik": "0000715957",
    "fillingDate": "2011-07-29",
    "acceptedDate": "2011-07-29 08:35:25",
    "calendarYear": "2011",
    "period": "Q2",
    "revenue": 3288000000,
    "costOfRevenue": 1438000000,
    "grossProfit": 1850000000,
    "grossProfitRatio": 0.5626520681,
    "researchAndDevelopmentExpenses": 0,
    "generalAndAdministrativeExpenses": 0,
    "sellingAndMarketingExpenses": 0,
    "sellingGeneralAndAdministrativeExpenses": 0,
    "otherExpenses": 1117000000,
    "operatingExpenses": 1117000000,
    "costAndExpenses": 2555000000,
    "interestIncome": 0,
    "interestExpense": 216000000,
    "depreciationAndAmortization": 309000000,
    "ebitda": 1081000000,
    "ebitdaratio": 0.3287712895,
    "operatingIncome": 733000000,
    "operatingIncomeRatio": 0.2229318735,
    "totalOtherIncomeExpensesNet": -177000000,
    "incomeBeforeTax": 556000000,
    "incomeBeforeTaxRatio": 0.1690997567,
    "incomeTaxExpense": 211000000,
    "netIncome": 336000000,
    "netIncomeRatio": 0.102189781,
    "eps": 0.59,
    "epsdiluted": 0.58,
    "weightedAverageShsOut": 573400000,
    "weightedAverageShsOutDil": 575200000,
    "link": "https://www.sec.gov/Archives/edgar/data/715957/000119312511201833/0001193125-11-201833-index.htm",
    "finalLink": "https://www.sec.gov/Archives/edgar/data/103682/000119312511201833/d10q.htm"
  },
  {
    "date": "2011-03-31",
    "symbol": "D",
    "reportedCurrency": "USD",
    "cik": "0000715957",
    "fillingDate": "2011-04-29",
    "acceptedDate": "2011-04-29 08:55:09",
    "calendarYear": "2011",
    "period": "Q1",
    "revenue": 4057000000,
    "costOfRevenue": 1810000000,
    "grossProfit": 2247000000,
    "grossProfitRatio": 0.5538575302,
    "researchAndDevelopmentExpenses": 0,
    "generalAndAdministrativeExpenses": 0,
    "sellingAndMarketingExpenses": 0,
    "sellingGeneralAndAdministrativeExpenses": 0,
    "otherExpenses": 1284000000,
    "operatingExpenses": 1284000000,
    "costAndExpenses": 3094000000,
    "interestIncome": 0,
    "interestExpense": 227000000,
    "depreciationAndAmortization": 318000000,
    "ebitda": 1338000000,
    "ebitdaratio": 0.3298003451,
    "operatingIncome": 963000000,
    "operatingIncomeRatio": 0.2373675129,
    "totalOtherIncomeExpensesNet": -170000000,
    "incomeBeforeTax": 793000000,
    "incomeBeforeTaxRatio": 0.195464629,
    "incomeTaxExpense": 310000000,
    "netIncome": 479000000,
    "netIncomeRatio": 0.1180675376,
    "eps": 0.83,
    "epsdiluted": 0.82,
    "weightedAverageShsOut": 579800000,
    "weightedAverageShsOutDil": 580500000,
    "link": "https://www.sec.gov/Archives/edgar/data/715957/000119312511117076/0001193125-11-117076-index.htm",
    "finalLink": "https://www.sec.gov/Archives/edgar/data/103682/000119312511117076/d10q.htm"
  },
  {
    "date": "2010-12-31",
    "symbol": "D",
    "reportedCurrency": "USD",
    "cik": "0000715957",
    "fillingDate": "2011-02-28",
    "acceptedDate": "2011-02-28 16:10:25",
    "calendarYear": "2010",
    "period": "Q4",
    "revenue": 3746000000,
    "costOfRevenue": 1606000000,
    "grossProfit": 2140000000,
    "grossProfitRatio": 0.5712760278,
    "researchAndDevelopmentExpenses": 0,
    "generalAndAdministrativeExpenses": 0,
    "sellingAndMarketingExpenses": 0,
    "sellingGeneralAndAdministrativeExpenses": 0,
    "otherExpenses": 1403000000,
    "operatingExpenses": 1403000000,
    "costAndExpenses": 3009000000,
    "interestIncome": 0,
    "interestExpense": 232000000,
    "depreciationAndAmortization": 312000000,
    "ebitda": 1109000000,
    "ebitdaratio": 0.2960491191,
    "operatingIncome": 737000000,
    "operatingIncomeRatio": 0.1967431927,
    "totalOtherIncomeExpensesNet": -172000000,
    "incomeBeforeTax": 565000000,
    "incomeBeforeTaxRatio": 0.1508275494,
    "incomeTaxExpense": 254000000,
    "netIncome": 298000000,
    "netIncomeRatio": 0.0795515216,
    "eps": 0.51,
    "epsdiluted": 0.51,
    "weightedAverageShsOut": 579800000,
    "weightedAverageShsOutDil": 579800000,
    "link": "https://www.sec.gov/Archives/edgar/data/715957/000119312511049905/0001193125-11-049905-index.htm",
    "finalLink": "https://www.sec.gov/Archives/edgar/data/103682/000119312511049905/d10k.htm"
  },
  {
    "date": "2010-09-30",
    "symbol": "D",
    "reportedCurrency": "USD",
    "cik": "0000715957",
    "fillingDate": "2010-10-29",
    "acceptedDate": "2010-10-29 16:04:25",
    "calendarYear": "2010",
    "period": "Q3",
    "revenue": 3950000000,
    "costOfRevenue": 1663000000,
    "grossProfit": 2287000000,
    "grossProfitRatio": 0.5789873418,
    "researchAndDevelopmentExpenses": 0,
    "generalAndAdministrativeExpenses": 0,
    "sellingAndMarketingExpenses": 0,
    "sellingGeneralAndAdministrativeExpenses": 0,
    "otherExpenses": 1168000000,
    "operatingExpenses": 1168000000,
    "costAndExpenses": 2831000000,
    "interestIncome": 0,
    "interestExpense": 229000000,
    "depreciationAndAmortization": 317000000,
    "ebitda": 1499000000,
    "ebitdaratio": 0.3794936709,
    "operatingIncome": 1119000000,
    "operatingIncomeRatio": 0.2832911392,
    "totalOtherIncomeExpensesNet": -166000000,
    "incomeBeforeTax": 953000000,
    "incomeBeforeTaxRatio": 0.2412658228,
    "incomeTaxExpense": 374000000,
    "netIncome": 575000000,
    "netIncomeRatio": 0.1455696203,
    "eps": 0.98,
    "epsdiluted": 0.98,
    "weightedAverageShsOut": 585000000,
    "weightedAverageShsOutDil": 586400000,
    "link": "https://www.sec.gov/Archives/edgar/data/715957/000119312510241221/0001193125-10-241221-index.htm",
    "finalLink": "https://www.sec.gov/Archives/edgar/data/103682/000119312510241221/d10q.htm"
  },
  {
    "date": "2010-06-30",
    "symbol": "D",
    "reportedCurrency": "USD",
    "cik": "0000715957",
    "fillingDate": "2010-08-02",
    "acceptedDate": "2010-08-02 16:04:10",
    "calendarYear": "2010",
    "period": "Q2",
    "revenue": 3333000000,
    "costOfRevenue": 1456000000,
    "grossProfit": 1877000000,
    "grossProfitRatio": 0.5631563156,
    "researchAndDevelopmentExpenses": 0,
    "generalAndAdministrativeExpenses": 0,
    "sellingAndMarketingExpenses": 0,
    "sellingGeneralAndAdministrativeExpenses": 0,
    "otherExpenses": -1233000000,
    "operatingExpenses": -1233000000,
    "costAndExpenses": 223000000,
    "interestIncome": 0,
    "interestExpense": 188000000,
    "depreciationAndAmortization": 309000000,
    "ebitda": 3394000000,
    "ebitdaratio": 1.0183018302,
    "operatingIncome": 3110000000,
    "operatingIncomeRatio": 0.9330933093,
    "totalOtherIncomeExpensesNet": -213000000,
    "incomeBeforeTax": 2897000000,
    "incomeBeforeTaxRatio": 0.8691869187,
    "incomeTaxExpense": 1134000000,
    "netIncome": 1761000000,
    "netIncomeRatio": 0.5283528353,
    "eps": 2.98,
    "epsdiluted": 2.98,
    "weightedAverageShsOut": 590400000,
    "weightedAverageShsOutDil": 591400000,
    "link": "https://www.sec.gov/Archives/edgar/data/715957/000119312510173603/0001193125-10-173603-index.htm",
    "finalLink": "https://www.sec.gov/Archives/edgar/data/103682/000119312510173603/d10q.htm"
  },
  {
    "date": "2010-03-31",
    "symbol": "D",
    "reportedCurrency": "USD",
    "cik": "0000715957",
    "fillingDate": "2010-04-29",
    "acceptedDate": "2010-04-29 16:04:11",
    "calendarYear": "2010",
    "period": "Q1",
    "revenue": 4168000000,
    "costOfRevenue": 1928000000,
    "grossProfit": 2240000000,
    "grossProfitRatio": 0.537428023,
    "researchAndDevelopmentExpenses": 0,
    "generalAndAdministrativeExpenses": 0,
    "sellingAndMarketingExpenses": 0,
    "sellingGeneralAndAdministrativeExpenses": 0,
    "otherExpenses": 1506000000,
    "operatingExpenses": 1506000000,
    "costAndExpenses": 3434000000,
    "interestIncome": 0,
    "interestExpense": 183000000,
    "depreciationAndAmortization": 320000000,
    "ebitda": 1125000000,
    "ebitdaratio": 0.2699136276,
    "operatingIncome": 734000000,
    "operatingIncomeRatio": 0.1761036468,
    "totalOtherIncomeExpensesNet": -112000000,
    "incomeBeforeTax": 622000000,
    "incomeBeforeTaxRatio": 0.1492322457,
    "incomeTaxExpense": 295000000,
    "netIncome": 174000000,
    "netIncomeRatio": 0.0417466411,
    "eps": 0.29,
    "epsdiluted": 0.29,
    "weightedAverageShsOut": 599900000,
    "weightedAverageShsOutDil": 600900000,
    "link": "https://www.sec.gov/Archives/edgar/data/715957/000119312510099289/0001193125-10-099289-index.htm",
    "finalLink": "https://www.sec.gov/Archives/edgar/data/103682/000119312510099289/d10q.htm"
  },
  {
    "date": "2009-12-31",
    "symbol": "D",
    "reportedCurrency": "USD",
    "cik": "0000715957",
    "fillingDate": "2010-02-26",
    "acceptedDate": "2010-02-26 16:06:23",
    "calendarYear": "2009",
    "period": "Q4",
    "revenue": 3255000000,
    "costOfRevenue": 1772000000,
    "grossProfit": 1483000000,
    "grossProfitRatio": 0.4556067588,
    "researchAndDevelopmentExpenses": 0,
    "generalAndAdministrativeExpenses": 0,
    "sellingAndMarketingExpenses": 0,
    "sellingGeneralAndAdministrativeExpenses": 0,
    "otherExpenses": 1533000000,
    "operatingExpenses": 1533000000,
    "costAndExpenses": 3305000000,
    "interestIncome": 0,
    "interestExpense": 236000000,
    "depreciationAndAmortization": 359000000,
    "ebitda": 363000000,
    "ebitdaratio": 0.1115207373,
    "operatingIncome": -50000000,
    "operatingIncomeRatio": -0.0153609831,
    "totalOtherIncomeExpensesNet": -182000000,
    "incomeBeforeTax": -232000000,
    "incomeBeforeTaxRatio": -0.0712749616,
    "incomeTaxExpense": -228000000,
    "netIncome": -9000000,
    "netIncomeRatio": -0.002764977,
    "eps": -0.015,
    "epsdiluted": -0.015,
    "weightedAverageShsOut": 598100000,
    "weightedAverageShsOutDil": 599900000,
    "link": "https://www.sec.gov/Archives/edgar/data/715957/000119312510042883/0001193125-10-042883-index.htm",
    "finalLink": "https://www.sec.gov/Archives/edgar/data/103682/000119312510042883/d10k.htm"
  },
  {
    "date": "2009-09-30",
    "symbol": "D",
    "reportedCurrency": "USD",
    "cik": "0000715957",
    "fillingDate": "2009-11-02",
    "acceptedDate": "2009-11-02 16:04:54",
    "calendarYear": "2009",
    "period": "Q3",
    "revenue": 3630000000,
    "costOfRevenue": 1449000000,
    "grossProfit": 2181000000,
    "grossProfitRatio": 0.6008264463,
    "researchAndDevelopmentExpenses": 0,
    "generalAndAdministrativeExpenses": 0,
    "sellingAndMarketingExpenses": 0,
    "sellingGeneralAndAdministrativeExpenses": 0,
    "otherExpenses": 1093000000,
    "operatingExpenses": 1093000000,
    "costAndExpenses": 2542000000,
    "interestIncome": 0,
    "interestExpense": 217000000,
    "depreciationAndAmortization": 320000000,
    "ebitda": 1536000000,
    "ebitdaratio": 0.4231404959,
    "operatingIncome": 1088000000,
    "operatingIncomeRatio": 0.2997245179,
    "totalOtherIncomeExpensesNet": -89000000,
    "incomeBeforeTax": 999000000,
    "incomeBeforeTaxRatio": 0.2752066116,
    "incomeTaxExpense": 360000000,
    "netIncome": 594000000,
    "netIncomeRatio": 0.1636363636,
    "eps": 1,
    "epsdiluted": 1,
    "weightedAverageShsOut": 595900000,
    "weightedAverageShsOutDil": 596300000,
    "link": "https://www.sec.gov/Archives/edgar/data/715957/000119312509220395/0001193125-09-220395-index.htm",
    "finalLink": "https://www.sec.gov/Archives/edgar/data/715957/000119312509220395/d10q.htm"
  },
  {
    "date": "2009-06-30",
    "symbol": "D",
    "reportedCurrency": "USD",
    "cik": "0000715957",
    "fillingDate": "2009-07-31",
    "acceptedDate": "2009-07-31 16:02:45",
    "calendarYear": "2009",
    "period": "Q2",
    "revenue": 3406000000,
    "costOfRevenue": 1454000000,
    "grossProfit": 1952000000,
    "grossProfitRatio": 0.573106283,
    "researchAndDevelopmentExpenses": 0,
    "generalAndAdministrativeExpenses": 0,
    "sellingAndMarketingExpenses": 0,
    "sellingGeneralAndAdministrativeExpenses": 0,
    "otherExpenses": 1063000000,
    "operatingExpenses": 1063000000,
    "costAndExpenses": 2517000000,
    "interestIncome": 0,
    "interestExpense": 220000000,
    "depreciationAndAmortization": 315000000,
    "ebitda": 1273000000,
    "ebitdaratio": 0.373752202,
    "operatingIncome": 889000000,
    "operatingIncomeRatio": 0.2610099824,
    "totalOtherIncomeExpensesNet": -151000000,
    "incomeBeforeTax": 738000000,
    "incomeBeforeTaxRatio": 0.2166764533,
    "incomeTaxExpense": 265000000,
    "netIncome": 454000000,
    "netIncomeRatio": 0.1332941867,
    "eps": 0.76,
    "epsdiluted": 0.76,
    "weightedAverageShsOut": 593700000,
    "weightedAverageShsOutDil": 594000000,
    "link": "https://www.sec.gov/Archives/edgar/data/715957/000119312509160797/0001193125-09-160797-index.htm",
    "finalLink": "https://www.sec.gov/Archives/edgar/data/715957/000119312509160797/d10q.htm"
  },
  {
    "date": "2009-03-31",
    "symbol": "D",
    "reportedCurrency": "USD",
    "cik": "0000715957",
    "fillingDate": "2009-04-30",
    "acceptedDate": "2009-04-30 16:21:08",
    "calendarYear": "2009",
    "period": "Q1",
    "revenue": 4586000000,
    "costOfRevenue": 2256000000,
    "grossProfit": 2330000000,
    "grossProfitRatio": 0.5080680331,
    "researchAndDevelopmentExpenses": 0,
    "generalAndAdministrativeExpenses": 0,
    "sellingAndMarketingExpenses": 0,
    "sellingGeneralAndAdministrativeExpenses": 0,
    "otherExpenses": 1666000000,
    "operatingExpenses": 1666000000,
    "costAndExpenses": 3922000000,
    "interestIncome": 0,
    "interestExpense": 219000000,
    "depreciationAndAmortization": 325000000,
    "ebitda": 928000000,
    "ebitdaratio": 0.2023549935,
    "operatingIncome": 664000000,
    "operatingIncomeRatio": 0.1447884867,
    "totalOtherIncomeExpensesNet": -280000000,
    "incomeBeforeTax": 384000000,
    "incomeBeforeTaxRatio": 0.0837331007,
    "incomeTaxExpense": 141000000,
    "netIncome": 248000000,
    "netIncomeRatio": 0.0540776276,
    "eps": 0.42,
    "epsdiluted": 0.42,
    "weightedAverageShsOut": 585300000,
    "weightedAverageShsOutDil": 585700000,
    "link": "https://www.sec.gov/Archives/edgar/data/715957/000119312509094447/0001193125-09-094447-index.htm",
    "finalLink": "https://www.sec.gov/Archives/edgar/data/715957/000119312509094447/d10q.htm"
  },
  {
    "date": "2008-12-31",
    "symbol": "D",
    "reportedCurrency": "USD",
    "cik": "0000715957",
    "fillingDate": "2009-02-26",
    "acceptedDate": "2009-02-26 16:27:27",
    "calendarYear": "2008",
    "period": "Q4",
    "revenue": 4218000000,
    "costOfRevenue": 1991000000,
    "grossProfit": 2227000000,
    "grossProfitRatio": 0.5279753438,
    "researchAndDevelopmentExpenses": 0,
    "generalAndAdministrativeExpenses": 0,
    "sellingAndMarketingExpenses": 0,
    "sellingGeneralAndAdministrativeExpenses": 0,
    "otherExpenses": 1426000000,
    "operatingExpenses": 1426000000,
    "costAndExpenses": 3417000000,
    "interestIncome": 0,
    "interestExpense": 0,
    "depreciationAndAmortization": 303000000,
    "ebitda": 1104000000,
    "ebitdaratio": 0.2617354196,
    "operatingIncome": 801000000,
    "operatingIncomeRatio": 0.1899004267,
    "totalOtherIncomeExpensesNet": -275000000,
    "incomeBeforeTax": 526000000,
    "incomeBeforeTaxRatio": 0.124703651,
    "incomeTaxExpense": 178000000,
    "netIncome": 349000000,
    "netIncomeRatio": 0.0827406354,
    "eps": 0.6,
    "epsdiluted": 0.6,
    "weightedAverageShsOut": 580200000,
    "weightedAverageShsOutDil": 585300000,
    "link": "https://www.sec.gov/Archives/edgar/data/715957/000119312509039102/0001193125-09-039102-index.htm",
    "finalLink": "https://www.sec.gov/Archives/edgar/data/715957/000119312509039102/d10k.htm"
  },
  {
    "date": "2008-09-30",
    "symbol": "D",
    "reportedCurrency": "USD",
    "cik": "0000715957",
    "fillingDate": "2008-10-30",
    "acceptedDate": "2008-10-30 16:02:14",
    "calendarYear": "2008",
    "period": "Q3",
    "revenue": 4365000000,
    "costOfRevenue": 2177000000,
    "grossProfit": 2188000000,
    "grossProfitRatio": 0.5012600229,
    "researchAndDevelopmentExpenses": 0,
    "generalAndAdministrativeExpenses": 0,
    "sellingAndMarketingExpenses": 0,
    "sellingGeneralAndAdministrativeExpenses": 0,
    "otherExpenses": 1133000000,
    "operatingExpenses": 1133000000,
    "costAndExpenses": 3310000000,
    "interestIncome": 0,
    "interestExpense": 213000000,
    "depreciationAndAmortization": 312000000,
    "ebitda": 1381000000,
    "ebitdaratio": 0.3163802978,
    "operatingIncome": 1055000000,
    "operatingIncomeRatio": 0.2416953036,
    "totalOtherIncomeExpensesNet": -199000000,
    "incomeBeforeTax": 856000000,
    "incomeBeforeTaxRatio": 0.1961053837,
    "incomeTaxExpense": 344000000,
    "netIncome": 508000000,
    "netIncomeRatio": 0.1163802978,
    "eps": 0.88,
    "epsdiluted": 0.87,
    "weightedAverageShsOut": 578600000,
    "weightedAverageShsOutDil": 582000000,
    "link": "https://www.sec.gov/Archives/edgar/data/715957/000119312508220249/0001193125-08-220249-index.htm",
    "finalLink": "https://www.sec.gov/Archives/edgar/data/715957/000119312508220249/d10q.htm"
  },
  {
    "date": "2008-06-30",
    "symbol": "D",
    "reportedCurrency": "USD",
    "cik": "0000715957",
    "fillingDate": "2008-07-31",
    "acceptedDate": "2008-07-31 16:08:38",
    "calendarYear": "2008",
    "period": "Q2",
    "revenue": 3399000000,
    "costOfRevenue": 1518000000,
    "grossProfit": 1881000000,
    "grossProfitRatio": 0.5533980583,
    "researchAndDevelopmentExpenses": 0,
    "generalAndAdministrativeExpenses": 0,
    "sellingAndMarketingExpenses": 0,
    "sellingGeneralAndAdministrativeExpenses": 0,
    "otherExpenses": 1170000000,
    "operatingExpenses": 1170000000,
    "costAndExpenses": 2688000000,
    "interestIncome": 0,
    "interestExpense": 206000000,
    "depreciationAndAmortization": 282000000,
    "ebitda": 992000000,
    "ebitdaratio": 0.2918505443,
    "operatingIncome": 711000000,
    "operatingIncomeRatio": 0.2091791703,
    "totalOtherIncomeExpensesNet": -207000000,
    "incomeBeforeTax": 504000000,
    "incomeBeforeTaxRatio": 0.1482789056,
    "incomeTaxExpense": 200000000,
    "netIncome": 298000000,
    "netIncomeRatio": 0.087672845,
    "eps": 0.52,
    "epsdiluted": 0.51,
    "weightedAverageShsOut": 577100000,
    "weightedAverageShsOutDil": 580700000,
    "link": "https://www.sec.gov/Archives/edgar/data/715957/000119312508162581/0001193125-08-162581-index.htm",
    "finalLink": "https://www.sec.gov/Archives/edgar/data/715957/000119312508162581/d10q.htm"
  },
  {
    "date": "2008-03-31",
    "symbol": "D",
    "reportedCurrency": "USD",
    "cik": "0000715957",
    "fillingDate": "2008-05-01",
    "acceptedDate": "2008-05-01 16:51:53",
    "calendarYear": "2008",
    "period": "Q1",
    "revenue": 4353000000,
    "costOfRevenue": 2043000000,
    "grossProfit": 2310000000,
    "grossProfitRatio": 0.5306685045,
    "researchAndDevelopmentExpenses": 0,
    "generalAndAdministrativeExpenses": 0,
    "sellingAndMarketingExpenses": 0,
    "sellingGeneralAndAdministrativeExpenses": 0,
    "otherExpenses": 1251000000,
    "operatingExpenses": 1251000000,
    "costAndExpenses": 3294000000,
    "interestIncome": 0,
    "interestExpense": 219000000,
    "depreciationAndAmortization": 294000000,
    "ebitda": 1350000000,
    "ebitdaratio": 0.3101309442,
    "operatingIncome": 1059000000,
    "operatingIncomeRatio": 0.2432804962,
    "totalOtherIncomeExpensesNet": -222000000,
    "incomeBeforeTax": 837000000,
    "incomeBeforeTaxRatio": 0.1922811854,
    "incomeTaxExpense": 157000000,
    "netIncome": 680000000,
    "netIncomeRatio": 0.1562141052,
    "eps": 1.18,
    "epsdiluted": 1.18,
    "weightedAverageShsOut": 575300000,
    "weightedAverageShsOutDil": 578400000,
    "link": "https://www.sec.gov/Archives/edgar/data/715957/000119312508099298/0001193125-08-099298-index.htm",
    "finalLink": "https://www.sec.gov/Archives/edgar/data/715957/000119312508099298/d10q.htm"
  },
  {
    "date": "2007-12-31",
    "symbol": "D",
    "reportedCurrency": "USD",
    "cik": "0000715957",
    "fillingDate": "2008-02-28",
    "acceptedDate": "2008-02-28 09:40:33",
    "calendarYear": "2007",
    "period": "Q4",
    "revenue": 3694000000,
    "costOfRevenue": 1611000000,
    "grossProfit": 2083000000,
    "grossProfitRatio": 0.5638873849,
    "researchAndDevelopmentExpenses": 0,
    "generalAndAdministrativeExpenses": 0,
    "sellingAndMarketingExpenses": 0,
    "sellingGeneralAndAdministrativeExpenses": 0,
    "otherExpenses": 1384000000,
    "operatingExpenses": 1384000000,
    "costAndExpenses": 2995000000,
    "interestIncome": 0,
    "interestExpense": 0,
    "depreciationAndAmortization": 289000000,
    "ebitda": 988000000,
    "ebitdaratio": 0.2674607472,
    "operatingIncome": 699000000,
    "operatingIncomeRatio": 0.1892257715,
    "totalOtherIncomeExpensesNet": -190000000,
    "incomeBeforeTax": 509000000,
    "incomeBeforeTaxRatio": 0.1377910125,
    "incomeTaxExpense": 207000000,
    "netIncome": 299000000,
    "netIncomeRatio": 0.0809420682,
    "eps": 0.52,
    "epsdiluted": 0.52,
    "weightedAverageShsOut": 574002564,
    "weightedAverageShsOutDil": 576271186,
    "link": "https://www.sec.gov/Archives/edgar/data/715957/000119312508041046/0001193125-08-041046-index.htm",
    "finalLink": "https://www.sec.gov/Archives/edgar/data/715957/000119312508041046/d10k.htm"
  },
  {
    "date": "2007-09-30",
    "symbol": "D",
    "reportedCurrency": "USD",
    "cik": "0000715957",
    "fillingDate": "2007-11-01",
    "acceptedDate": "2007-11-01 16:12:17",
    "calendarYear": "2007",
    "period": "Q3",
    "revenue": 3589000000,
    "costOfRevenue": 1371000000,
    "grossProfit": 2218000000,
    "grossProfitRatio": 0.6179994427,
    "researchAndDevelopmentExpenses": 0,
    "generalAndAdministrativeExpenses": 0,
    "sellingAndMarketingExpenses": 0,
    "sellingGeneralAndAdministrativeExpenses": 0,
    "otherExpenses": 1620000000,
    "operatingExpenses": 1620000000,
    "costAndExpenses": 2991000000,
    "interestIncome": 0,
    "interestExpense": 0,
    "depreciationAndAmortization": 322000000,
    "ebitda": 920000000,
    "ebitdaratio": 0.256338813,
    "operatingIncome": 598000000,
    "operatingIncomeRatio": 0.1666202285,
    "totalOtherIncomeExpensesNet": 3220000000,
    "incomeBeforeTax": 3818000000,
    "incomeBeforeTaxRatio": 1.0638060741,
    "incomeTaxExpense": 1498000000,
    "netIncome": 2317000000,
    "netIncomeRatio": 0.6455837281,
    "eps": 3.64,
    "epsdiluted": 3.62,
    "weightedAverageShsOut": 635600000,
    "weightedAverageShsOutDil": 639600000,
    "link": "https://www.sec.gov/Archives/edgar/data/715957/000119312507232502/0001193125-07-232502-index.htm",
    "finalLink": "https://www.sec.gov/Archives/edgar/data/715957/000119312507232502/d10q.htm"
  },
  {
    "date": "2007-06-30",
    "symbol": "D",
    "reportedCurrency": "USD",
    "cik": "0000715957",
    "fillingDate": "2007-08-08",
    "acceptedDate": "2007-08-08 16:11:45",
    "calendarYear": "2007",
    "period": "Q2",
    "revenue": 3730000000,
    "costOfRevenue": 1549000000,
    "grossProfit": 2181000000,
    "grossProfitRatio": 0.5847184987,
    "researchAndDevelopmentExpenses": 0,
    "generalAndAdministrativeExpenses": 0,
    "sellingAndMarketingExpenses": 0,
    "sellingGeneralAndAdministrativeExpenses": 0,
    "otherExpenses": 2561000000,
    "operatingExpenses": 2561000000,
    "costAndExpenses": 4110000000,
    "interestIncome": 0,
    "interestExpense": 0,
    "depreciationAndAmortization": 464000000,
    "ebitda": 84000000,
    "ebitdaratio": 0.0225201072,
    "operatingIncome": -380000000,
    "operatingIncomeRatio": -0.1018766756,
    "totalOtherIncomeExpensesNet": -244000000,
    "incomeBeforeTax": -624000000,
    "incomeBeforeTaxRatio": -0.1672922252,
    "incomeTaxExpense": -232000000,
    "netIncome": -530000000,
    "netIncomeRatio": -0.1420911528,
    "eps": -0.76,
    "epsdiluted": -0.76,
    "weightedAverageShsOut": 697368421,
    "weightedAverageShsOutDil": 697368421,
    "link": "https://www.sec.gov/Archives/edgar/data/715957/000119312507175573/0001193125-07-175573-index.htm",
    "finalLink": "https://www.sec.gov/Archives/edgar/data/715957/000119312507175573/d10q.htm"
  },
  {
    "date": "2007-03-31",
    "symbol": "D",
    "reportedCurrency": "USD",
    "cik": "0000715957",
    "fillingDate": "2007-05-03",
    "acceptedDate": "2007-05-02 20:37:40",
    "calendarYear": "2007",
    "period": "Q1",
    "revenue": 4661000000,
    "costOfRevenue": 2241000000,
    "grossProfit": 2420000000,
    "grossProfitRatio": 0.519201888,
    "researchAndDevelopmentExpenses": 0,
    "generalAndAdministrativeExpenses": 0,
    "sellingAndMarketingExpenses": 0,
    "sellingGeneralAndAdministrativeExpenses": 0,
    "otherExpenses": 1421000000,
    "operatingExpenses": 1421000000,
    "costAndExpenses": 3662000000,
    "interestIncome": 0,
    "interestExpense": 0,
    "depreciationAndAmortization": 458000000,
    "ebitda": 1457000000,
    "ebitdaratio": 0.312593864,
    "operatingIncome": 999000000,
    "operatingIncomeRatio": 0.2143316885,
    "totalOtherIncomeExpensesNet": -214000000,
    "incomeBeforeTax": 785000000,
    "incomeBeforeTaxRatio": 0.1684187943,
    "incomeTaxExpense": 310000000,
    "netIncome": 453000000,
    "netIncomeRatio": 0.0971894443,
    "eps": 0.65,
    "epsdiluted": 0.65,
    "weightedAverageShsOut": 696923077,
    "weightedAverageShsOutDil": 696923077,
    "link": "https://www.sec.gov/Archives/edgar/data/715957/000119312507099925/0001193125-07-099925-index.htm",
    "finalLink": "https://www.sec.gov/Archives/edgar/data/715957/000119312507099925/d10q.htm"
  },
  {
    "date": "2006-12-31",
    "symbol": "D",
    "reportedCurrency": "USD",
    "cik": "0000715957",
    "fillingDate": "2007-02-28",
    "acceptedDate": "2007-02-28 16:14:01",
    "calendarYear": "2006",
    "period": "Q4",
    "revenue": 3936000000,
    "costOfRevenue": 1550000000,
    "grossProfit": 2386000000,
    "grossProfitRatio": 0.606199187,
    "researchAndDevelopmentExpenses": 0,
    "generalAndAdministrativeExpenses": 0,
    "sellingAndMarketingExpenses": 0,
    "sellingGeneralAndAdministrativeExpenses": 0,
    "otherExpenses": 1785000000,
    "operatingExpenses": 1785000000,
    "costAndExpenses": 3335000000,
    "interestIncome": 0,
    "interestExpense": 0,
    "depreciationAndAmortization": 443000000,
    "ebitda": 1044000000,
    "ebitdaratio": 0.2652439024,
    "operatingIncome": 601000000,
    "operatingIncomeRatio": 0.1526930894,
    "totalOtherIncomeExpensesNet": -201000000,
    "incomeBeforeTax": 400000000,
    "incomeBeforeTaxRatio": 0.1016260163,
    "incomeTaxExpense": 186000000,
    "netIncome": 31000000,
    "netIncomeRatio": 0.0078760163,
    "eps": 0.0445,
    "epsdiluted": 0.0445,
    "weightedAverageShsOut": 696923077,
    "weightedAverageShsOutDil": 696923077,
    "link": "https://www.sec.gov/Archives/edgar/data/715957/000119312507042607/0001193125-07-042607-index.htm",
    "finalLink": "https://www.sec.gov/Archives/edgar/data/715957/000119312507042607/d10k.htm"
  },
  {
    "date": "2006-09-30",
    "symbol": "D",
    "reportedCurrency": "USD",
    "cik": "0000715957",
    "fillingDate": "2006-11-01",
    "acceptedDate": "2006-11-01 17:28:30",
    "calendarYear": "2006",
    "period": "Q3",
    "revenue": 3973000000,
    "costOfRevenue": 1522000000,
    "grossProfit": 2451000000,
    "grossProfitRatio": 0.6169141707,
    "researchAndDevelopmentExpenses": 0,
    "generalAndAdministrativeExpenses": 0,
    "sellingAndMarketingExpenses": 0,
    "sellingGeneralAndAdministrativeExpenses": 0,
    "otherExpenses": 1157000000,
    "operatingExpenses": 1157000000,
    "costAndExpenses": 2679000000,
    "interestIncome": 0,
    "interestExpense": 0,
    "depreciationAndAmortization": 434000000,
    "ebitda": 1728000000,
    "ebitdaratio": 0.4349358168,
    "operatingIncome": 1294000000,
    "operatingIncomeRatio": 0.3256984646,
    "totalOtherIncomeExpensesNet": -219000000,
    "incomeBeforeTax": 1075000000,
    "incomeBeforeTaxRatio": 0.2705763906,
    "incomeTaxExpense": 421000000,
    "netIncome": 653000000,
    "netIncomeRatio": 0.1643594261,
    "eps": 0.93,
    "epsdiluted": 0.93,
    "weightedAverageShsOut": 702150538,
    "weightedAverageShsOutDil": 705945946,
    "link": "https://www.sec.gov/Archives/edgar/data/715957/000002373806000030/0000023738-06-000030-index.htm",
    "finalLink": "https://www.sec.gov/Archives/edgar/data/715957/000002373806000030/qtr3dominionq.htm"
  },
  {
    "date": "2006-06-30",
    "symbol": "D",
    "reportedCurrency": "USD",
    "cik": "0000715957",
    "fillingDate": "2006-08-03",
    "acceptedDate": "2006-08-03 17:03:17",
    "calendarYear": "2006",
    "period": "Q2",
    "revenue": 3496000000,
    "costOfRevenue": 1306000000,
    "grossProfit": 2190000000,
    "grossProfitRatio": 0.6264302059,
    "researchAndDevelopmentExpenses": 0,
    "generalAndAdministrativeExpenses": 0,
    "sellingAndMarketingExpenses": 0,
    "sellingGeneralAndAdministrativeExpenses": 0,
    "otherExpenses": 1716000000,
    "operatingExpenses": 1716000000,
    "costAndExpenses": 3022000000,
    "interestIncome": 0,
    "interestExpense": 0,
    "depreciationAndAmortization": 448000000,
    "ebitda": 922000000,
    "ebitdaratio": 0.2637299771,
    "operatingIncome": 474000000,
    "operatingIncomeRatio": 0.135583524,
    "totalOtherIncomeExpensesNet": -202000000,
    "incomeBeforeTax": 272000000,
    "incomeBeforeTaxRatio": 0.0778032037,
    "incomeTaxExpense": 126000000,
    "netIncome": 161000000,
    "netIncomeRatio": 0.0460526316,
    "eps": 0.23,
    "epsdiluted": 0.23,
    "weightedAverageShsOut": 700000000,
    "weightedAverageShsOutDil": 700000000,
    "link": "https://www.sec.gov/Archives/edgar/data/715957/000002373806000014/0000023738-06-000014-index.htm",
    "finalLink": "https://www.sec.gov/Archives/edgar/data/715957/000002373806000014/dri_secondqtr.htm"
  },
  {
    "date": "2006-03-31",
    "symbol": "D",
    "reportedCurrency": "USD",
    "cik": "0000715957",
    "fillingDate": "2006-05-04",
    "acceptedDate": "2006-05-03 19:17:41",
    "calendarYear": "2006",
    "period": "Q1",
    "revenue": 4951000000,
    "costOfRevenue": 2666000000,
    "grossProfit": 2285000000,
    "grossProfitRatio": 0.4615229247,
    "researchAndDevelopmentExpenses": 0,
    "generalAndAdministrativeExpenses": 0,
    "sellingAndMarketingExpenses": 0,
    "sellingGeneralAndAdministrativeExpenses": 0,
    "otherExpenses": 1324000000,
    "operatingExpenses": 1324000000,
    "costAndExpenses": 3990000000,
    "interestIncome": 0,
    "interestExpense": 0,
    "depreciationAndAmortization": 414000000,
    "ebitda": 1375000000,
    "ebitdaratio": 0.2777216724,
    "operatingIncome": 961000000,
    "operatingIncomeRatio": 0.1941022016,
    "totalOtherIncomeExpensesNet": -215000000,
    "incomeBeforeTax": 746000000,
    "incomeBeforeTaxRatio": 0.150676631,
    "incomeTaxExpense": 207000000,
    "netIncome": 534000000,
    "netIncomeRatio": 0.1078569986,
    "eps": 0.77,
    "epsdiluted": 0.77,
    "weightedAverageShsOut": 693506494,
    "weightedAverageShsOutDil": 698039216,
    "link": "https://www.sec.gov/Archives/edgar/data/715957/000071595706000013/0000715957-06-000013-index.htm",
    "finalLink": "https://www.sec.gov/Archives/edgar/data/715957/000071595706000013/dominion10q.htm"
  },
  {
    "date": "2005-12-31",
    "symbol": "D",
    "reportedCurrency": "USD",
    "cik": "0000715957",
    "fillingDate": "2006-03-02",
    "acceptedDate": "2006-03-02 08:40:52",
    "calendarYear": "2005",
    "period": "Q4",
    "revenue": 5108000000,
    "costOfRevenue": 3179000000,
    "grossProfit": 1929000000,
    "grossProfitRatio": 0.3776429131,
    "researchAndDevelopmentExpenses": 0,
    "generalAndAdministrativeExpenses": 0,
    "sellingAndMarketingExpenses": 0,
    "sellingGeneralAndAdministrativeExpenses": 0,
    "otherExpenses": 1253000000,
    "operatingExpenses": 1253000000,
    "costAndExpenses": 4432000000,
    "interestIncome": 0,
    "interestExpense": 0,
    "depreciationAndAmortization": 395000000,
    "ebitda": 1071000000,
    "ebitdaratio": 0.2096711042,
    "operatingIncome": 676000000,
    "operatingIncomeRatio": 0.1323414252,
    "totalOtherIncomeExpensesNet": -253000000,
    "incomeBeforeTax": 423000000,
    "incomeBeforeTaxRatio": 0.0828112764,
    "incomeTaxExpense": 160000000,
    "netIncome": 257000000,
    "netIncomeRatio": 0.0503132341,
    "eps": 0.37,
    "epsdiluted": 0.37,
    "weightedAverageShsOut": 685322519,
    "weightedAverageShsOutDil": 693506494,
    "link": "https://www.sec.gov/Archives/edgar/data/715957/000119312506043336/0001193125-06-043336-index.htm",
    "finalLink": "https://www.sec.gov/Archives/edgar/data/715957/000119312506043336/d10k.htm"
  },
  {
    "date": "2005-09-30",
    "symbol": "D",
    "reportedCurrency": "USD",
    "cik": "0000715957",
    "fillingDate": "2005-11-03",
    "acceptedDate": "2005-11-03 16:44:20",
    "calendarYear": "2005",
    "period": "Q3",
    "revenue": 4564000000,
    "costOfRevenue": 2502000000,
    "grossProfit": 2062000000,
    "grossProfitRatio": 0.4517966696,
    "researchAndDevelopmentExpenses": 0,
    "generalAndAdministrativeExpenses": 0,
    "sellingAndMarketingExpenses": 0,
    "sellingGeneralAndAdministrativeExpenses": 0,
    "otherExpenses": 1877000000,
    "operatingExpenses": 1877000000,
    "costAndExpenses": 4379000000,
    "interestIncome": 0,
    "interestExpense": 0,
    "depreciationAndAmortization": 392000000,
    "ebitda": 577000000,
    "ebitdaratio": 0.1264241893,
    "operatingIncome": 185000000,
    "operatingIncomeRatio": 0.0405346188,
    "totalOtherIncomeExpensesNet": -177000000,
    "incomeBeforeTax": 8000000,
    "incomeBeforeTaxRatio": 0.0017528484,
    "incomeTaxExpense": -2000000,
    "netIncome": 15000000,
    "netIncomeRatio": 0.0032865907,
    "eps": 0.02,
    "epsdiluted": 0.02,
    "weightedAverageShsOut": 750000000,
    "weightedAverageShsOutDil": 750000000,
    "link": "https://www.sec.gov/Archives/edgar/data/715957/000071595705000053/0000715957-05-000053-index.htm",
    "finalLink": "https://www.sec.gov/Archives/edgar/data/715957/000071595705000053/dom3q.htm"
  },
  {
    "date": "2005-06-30",
    "symbol": "D",
    "reportedCurrency": "USD",
    "cik": "0000715957",
    "fillingDate": "2005-08-03",
    "acceptedDate": "2005-08-03 16:39:59",
    "calendarYear": "2005",
    "period": "Q2",
    "revenue": 3646000000,
    "costOfRevenue": 1618000000,
    "grossProfit": 2028000000,
    "grossProfitRatio": 0.5562260011,
    "researchAndDevelopmentExpenses": 0,
    "generalAndAdministrativeExpenses": 0,
    "sellingAndMarketingExpenses": 0,
    "sellingGeneralAndAdministrativeExpenses": 0,
    "otherExpenses": 1323000000,
    "operatingExpenses": 1323000000,
    "costAndExpenses": 2941000000,
    "interestIncome": 0,
    "interestExpense": 0,
    "depreciationAndAmortization": 371000000,
    "ebitda": 1076000000,
    "ebitdaratio": 0.2951179375,
    "operatingIncome": 705000000,
    "operatingIncomeRatio": 0.1933625891,
    "totalOtherIncomeExpensesNet": -197000000,
    "incomeBeforeTax": 508000000,
    "incomeBeforeTaxRatio": 0.1393307735,
    "incomeTaxExpense": 176000000,
    "netIncome": 332000000,
    "netIncomeRatio": 0.0910586945,
    "eps": 0.49,
    "epsdiluted": 0.49,
    "weightedAverageShsOut": 677551020,
    "weightedAverageShsOutDil": 684536082,
    "link": "https://www.sec.gov/Archives/edgar/data/715957/000071595705000037/0000715957-05-000037-index.htm",
    "finalLink": "https://www.sec.gov/Archives/edgar/data/715957/000071595705000037/dri10q.htm"
  },
  {
    "date": "2005-03-31",
    "symbol": "D",
    "reportedCurrency": "USD",
    "cik": "0000715957",
    "fillingDate": "2005-05-04",
    "acceptedDate": "2005-05-04 16:05:50",
    "calendarYear": "2005",
    "period": "Q1",
    "revenue": 4736000000,
    "costOfRevenue": 2197000000,
    "grossProfit": 2539000000,
    "grossProfitRatio": 0.5361064189,
    "researchAndDevelopmentExpenses": 0,
    "generalAndAdministrativeExpenses": 0,
    "sellingAndMarketingExpenses": 0,
    "sellingGeneralAndAdministrativeExpenses": 0,
    "otherExpenses": 1666000000,
    "operatingExpenses": 1666000000,
    "costAndExpenses": 3863000000,
    "interestIncome": 0,
    "interestExpense": 0,
    "depreciationAndAmortization": 380000000,
    "ebitda": 1253000000,
    "ebitdaratio": 0.2645692568,
    "operatingIncome": 873000000,
    "operatingIncomeRatio": 0.1843327703,
    "totalOtherIncomeExpensesNet": -196000000,
    "incomeBeforeTax": 677000000,
    "incomeBeforeTaxRatio": 0.1429476351,
    "incomeTaxExpense": 248000000,
    "netIncome": 429000000,
    "netIncomeRatio": 0.0905827703,
    "eps": 0.63,
    "epsdiluted": 0.63,
    "weightedAverageShsOut": 680952381,
    "weightedAverageShsOutDil": 686400000,
    "link": "https://www.sec.gov/Archives/edgar/data/715957/000071595705000018/0000715957-05-000018-index.htm",
    "finalLink": "https://www.sec.gov/Archives/edgar/data/715957/000071595705000018/dri10q.htm"
  },
  {
    "date": "2004-12-31",
    "symbol": "D",
    "reportedCurrency": "USD",
    "cik": "0000715957",
    "fillingDate": "2005-02-28",
    "acceptedDate": "2005-02-28 16:40:56",
    "calendarYear": "2004",
    "period": "Q4",
    "revenue": 3761000000,
    "costOfRevenue": 1814000000,
    "grossProfit": 1947000000,
    "grossProfitRatio": 0.5176814677,
    "researchAndDevelopmentExpenses": 0,
    "generalAndAdministrativeExpenses": 0,
    "sellingAndMarketingExpenses": 0,
    "sellingGeneralAndAdministrativeExpenses": 0,
    "otherExpenses": 1444000000,
    "operatingExpenses": 1444000000,
    "costAndExpenses": 3258000000,
    "interestIncome": 0,
    "interestExpense": 0,
    "depreciationAndAmortization": 373000000,
    "ebitda": 876000000,
    "ebitdaratio": 0.2329167775,
    "operatingIncome": 503000000,
    "operatingIncomeRatio": 0.1337410263,
    "totalOtherIncomeExpensesNet": -196000000,
    "incomeBeforeTax": 307000000,
    "incomeBeforeTaxRatio": 0.0816272268,
    "incomeTaxExpense": 83000000,
    "netIncome": 224000000,
    "netIncomeRatio": 0.059558628,
    "eps": 0.33,
    "epsdiluted": 0.33,
    "weightedAverageShsOut": 664617454,
    "weightedAverageShsOutDil": 680952381,
    "link": "https://www.sec.gov/Archives/edgar/data/715957/000119312505038704/0001193125-05-038704-index.htm",
    "finalLink": "https://www.sec.gov/Archives/edgar/data/715957/000119312505038704/d10k.htm"
  },
  {
    "date": "2004-09-30",
    "symbol": "D",
    "reportedCurrency": "USD",
    "cik": "0000715957",
    "fillingDate": "2004-11-03",
    "acceptedDate": "2004-11-03 16:30:48",
    "calendarYear": "2004",
    "period": "Q3",
    "revenue": 3292000000,
    "costOfRevenue": 1466000000,
    "grossProfit": 1826000000,
    "grossProfitRatio": 0.5546780073,
    "researchAndDevelopmentExpenses": 0,
    "generalAndAdministrativeExpenses": 0,
    "sellingAndMarketingExpenses": 0,
    "sellingGeneralAndAdministrativeExpenses": 0,
    "otherExpenses": 1071000000,
    "operatingExpenses": 1071000000,
    "costAndExpenses": 2537000000,
    "interestIncome": 0,
    "interestExpense": 0,
    "depreciationAndAmortization": 361000000,
    "ebitda": 1116000000,
    "ebitdaratio": 0.3390036452,
    "operatingIncome": 755000000,
    "operatingIncomeRatio": 0.2293438639,
    "totalOtherIncomeExpensesNet": -197000000,
    "incomeBeforeTax": 558000000,
    "incomeBeforeTaxRatio": 0.1695018226,
    "incomeTaxExpense": 221000000,
    "netIncome": 337000000,
    "netIncomeRatio": 0.1023693803,
    "eps": 0.51,
    "epsdiluted": 0.51,
    "weightedAverageShsOut": 660784314,
    "weightedAverageShsOutDil": 660784314,
    "link": "https://www.sec.gov/Archives/edgar/data/715957/000071595704000160/0000715957-04-000160-index.htm",
    "finalLink": "https://www.sec.gov/Archives/edgar/data/715957/000071595704000160/dir10q.htm"
  },
  {
    "date": "2004-06-30",
    "symbol": "D",
    "reportedCurrency": "USD",
    "cik": "0000715957",
    "fillingDate": "2004-08-04",
    "acceptedDate": "2004-08-04 16:31:01",
    "calendarYear": "2004",
    "period": "Q2",
    "revenue": 3040000000,
    "costOfRevenue": 1466000000,
    "grossProfit": 1574000000,
    "grossProfitRatio": 0.5177631579,
    "researchAndDevelopmentExpenses": 0,
    "generalAndAdministrativeExpenses": 0,
    "sellingAndMarketingExpenses": 0,
    "sellingGeneralAndAdministrativeExpenses": 0,
    "otherExpenses": 994000000,
    "operatingExpenses": 994000000,
    "costAndExpenses": 2460000000,
    "interestIncome": 0,
    "interestExpense": 0,
    "depreciationAndAmortization": 347000000,
    "ebitda": 927000000,
    "ebitdaratio": 0.3049342105,
    "operatingIncome": 580000000,
    "operatingIncomeRatio": 0.1907894737,
    "totalOtherIncomeExpensesNet": -186000000,
    "incomeBeforeTax": 394000000,
    "incomeBeforeTaxRatio": 0.1296052632,
    "incomeTaxExpense": 136000000,
    "netIncome": 251000000,
    "netIncomeRatio": 0.0825657895,
    "eps": 0.38,
    "epsdiluted": 0.38,
    "weightedAverageShsOut": 660526316,
    "weightedAverageShsOutDil": 660526316,
    "link": "https://www.sec.gov/Archives/edgar/data/715957/000071595704000141/0000715957-04-000141-index.htm",
    "finalLink": "https://www.sec.gov/Archives/edgar/data/715957/000071595704000141/dri10q.htm"
  },
  {
    "date": "2004-03-31",
    "symbol": "D",
    "reportedCurrency": "USD",
    "cik": "0000715957",
    "fillingDate": "2004-05-05",
    "acceptedDate": "2004-05-05 16:30:20",
    "calendarYear": "2004",
    "period": "Q1",
    "revenue": 3879000000,
    "costOfRevenue": 1937000000,
    "grossProfit": 1942000000,
    "grossProfitRatio": 0.500644496,
    "researchAndDevelopmentExpenses": 0,
    "generalAndAdministrativeExpenses": 0,
    "sellingAndMarketingExpenses": 0,
    "sellingGeneralAndAdministrativeExpenses": 0,
    "otherExpenses": 1052000000,
    "operatingExpenses": 1052000000,
    "costAndExpenses": 2989000000,
    "interestIncome": 0,
    "interestExpense": 0,
    "depreciationAndAmortization": 352000000,
    "ebitda": 1242000000,
    "ebitdaratio": 0.3201856148,
    "operatingIncome": 890000000,
    "operatingIncomeRatio": 0.2294405775,
    "totalOtherIncomeExpensesNet": -185000000,
    "incomeBeforeTax": 705000000,
    "incomeBeforeTaxRatio": 0.1817478732,
    "incomeTaxExpense": 260000000,
    "netIncome": 437000000,
    "netIncomeRatio": 0.1126579015,
    "eps": 0.68,
    "epsdiluted": 0.67,
    "weightedAverageShsOut": 647407407,
    "weightedAverageShsOutDil": 652238806,
    "link": "https://www.sec.gov/Archives/edgar/data/715957/000071595704000062/0000715957-04-000062-index.htm",
    "finalLink": "https://www.sec.gov/Archives/edgar/data/715957/000071595704000062/dri10q.htm"
  },
  {
    "date": "2003-12-31",
    "symbol": "D",
    "reportedCurrency": "USD",
    "cik": "0000715957",
    "fillingDate": "2004-03-01",
    "acceptedDate": "2004-02-27 18:50:33",
    "calendarYear": "2003",
    "period": "Q4",
    "revenue": 3001000000,
    "costOfRevenue": 1403000000,
    "grossProfit": 1598000000,
    "grossProfitRatio": 0.5324891703,
    "researchAndDevelopmentExpenses": 0,
    "generalAndAdministrativeExpenses": 0,
    "sellingAndMarketingExpenses": 0,
    "sellingGeneralAndAdministrativeExpenses": 0,
    "otherExpenses": 730000000,
    "operatingExpenses": 730000000,
    "costAndExpenses": 2133000000,
    "interestIncome": 0,
    "interestExpense": 0,
    "depreciationAndAmortization": 309000000,
    "ebitda": 1177000000,
    "ebitdaratio": 0.3922025991,
    "operatingIncome": 868000000,
    "operatingIncomeRatio": 0.289236921,
    "totalOtherIncomeExpensesNet": -294000000,
    "incomeBeforeTax": 574000000,
    "incomeBeforeTaxRatio": 0.1912695768,
    "incomeTaxExpense": 4000000,
    "netIncome": -174000000,
    "netIncomeRatio": -0.0579806731,
    "eps": -0.27,
    "epsdiluted": -0.27,
    "weightedAverageShsOut": 647407407,
    "weightedAverageShsOutDil": 647407407,
    "link": "https://www.sec.gov/Archives/edgar/data/715957/000119312504031543/0001193125-04-031543-index.htm",
    "finalLink": "https://www.sec.gov/Archives/edgar/data/715957/000119312504031543/d10k.htm"
  },
  {
    "date": "2003-09-30",
    "symbol": "D",
    "reportedCurrency": "USD",
    "cik": "0000715957",
    "fillingDate": "2003-11-07",
    "acceptedDate": "2003-11-07 16:20:06",
    "calendarYear": "2003",
    "period": "Q3",
    "revenue": 2853000000,
    "costOfRevenue": 1034000000,
    "grossProfit": 1819000000,
    "grossProfitRatio": 0.637574483,
    "researchAndDevelopmentExpenses": 0,
    "generalAndAdministrativeExpenses": 0,
    "sellingAndMarketingExpenses": 0,
    "sellingGeneralAndAdministrativeExpenses": 0,
    "otherExpenses": 1121000000,
    "operatingExpenses": 1121000000,
    "costAndExpenses": 2155000000,
    "interestIncome": 0,
    "interestExpense": 0,
    "depreciationAndAmortization": 354000000,
    "ebitda": 1052000000,
    "ebitdaratio": 0.3687346653,
    "operatingIncome": 698000000,
    "operatingIncomeRatio": 0.2446547494,
    "totalOtherIncomeExpensesNet": -163000000,
    "incomeBeforeTax": 535000000,
    "incomeBeforeTaxRatio": 0.1875219068,
    "incomeTaxExpense": 209000000,
    "netIncome": -256000000,
    "netIncomeRatio": -0.0897301087,
    "eps": -0.39,
    "epsdiluted": -0.39,
    "weightedAverageShsOut": 648101266,
    "weightedAverageShsOutDil": 648101266,
    "link": "https://www.sec.gov/Archives/edgar/data/715957/000071595703000227/0000715957-03-000227-index.htm",
    "finalLink": "https://www.sec.gov/Archives/edgar/data/715957/000071595703000227/dom10q.htm"
  },
  {
    "date": "2003-06-30",
    "symbol": "D",
    "reportedCurrency": "USD",
    "cik": "0000715957",
    "fillingDate": "2003-08-11",
    "acceptedDate": "2003-08-11 16:17:02",
    "calendarYear": "2003",
    "period": "Q2",
    "revenue": 2630000000,
    "costOfRevenue": 1029000000,
    "grossProfit": 1601000000,
    "grossProfitRatio": 0.6087452471,
    "researchAndDevelopmentExpenses": 0,
    "generalAndAdministrativeExpenses": 0,
    "sellingAndMarketingExpenses": 0,
    "sellingGeneralAndAdministrativeExpenses": 0,
    "otherExpenses": 1024000000,
    "operatingExpenses": 1024000000,
    "costAndExpenses": 2053000000,
    "interestIncome": 0,
    "interestExpense": 0,
    "depreciationAndAmortization": 343000000,
    "ebitda": 920000000,
    "ebitdaratio": 0.3498098859,
    "operatingIncome": 577000000,
    "operatingIncomeRatio": 0.219391635,
    "totalOtherIncomeExpensesNet": -192000000,
    "incomeBeforeTax": 385000000,
    "incomeBeforeTaxRatio": 0.1463878327,
    "incomeTaxExpense": 139000000,
    "netIncome": 240000000,
    "netIncomeRatio": 0.0912547529,
    "eps": 0.38,
    "epsdiluted": 0.38,
    "weightedAverageShsOut": 631578947,
    "weightedAverageShsOutDil": 631578947,
    "link": "https://www.sec.gov/Archives/edgar/data/715957/000071595703000177/0000715957-03-000177-index.htm",
    "finalLink": "https://www.sec.gov/Archives/edgar/data/715957/000071595703000177/dom10q.htm"
  },
  {
    "date": "2003-03-31",
    "symbol": "D",
    "reportedCurrency": "USD",
    "cik": "0000715957",
    "fillingDate": "2003-05-09",
    "acceptedDate": "2003-05-09 16:23:55",
    "calendarYear": "2003",
    "period": "Q1",
    "revenue": 3579000000,
    "costOfRevenue": 1451000000,
    "grossProfit": 2128000000,
    "grossProfitRatio": 0.5945794915,
    "researchAndDevelopmentExpenses": 0,
    "generalAndAdministrativeExpenses": 0,
    "sellingAndMarketingExpenses": 0,
    "sellingGeneralAndAdministrativeExpenses": 0,
    "otherExpenses": 1114000000,
    "operatingExpenses": 1114000000,
    "costAndExpenses": 2565000000,
    "interestIncome": 0,
    "interestExpense": 0,
    "depreciationAndAmortization": 328000000,
    "ebitda": 1342000000,
    "ebitdaratio": 0.374965074,
    "operatingIncome": 1014000000,
    "operatingIncomeRatio": 0.283319363,
    "totalOtherIncomeExpensesNet": -376000000,
    "incomeBeforeTax": 638000000,
    "incomeBeforeTaxRatio": 0.1782620844,
    "incomeTaxExpense": 229000000,
    "netIncome": 508000000,
    "netIncomeRatio": 0.1419390891,
    "eps": 0.83,
    "epsdiluted": 0.82,
    "weightedAverageShsOut": 615757576,
    "weightedAverageShsOutDil": 619512195,
    "link": "https://www.sec.gov/Archives/edgar/data/715957/000071595703000142/0000715957-03-000142-index.htm",
    "finalLink": "https://www.sec.gov/Archives/edgar/data/715957/000071595703000142/dominion10q.htm"
  },
  {
    "date": "2002-12-31",
    "symbol": "D",
    "reportedCurrency": "USD",
    "cik": "0000715957",
    "fillingDate": "2003-03-20",
    "acceptedDate": "2003-03-20 17:03:31",
    "calendarYear": "2002",
    "period": "Q4",
    "revenue": 2706000000,
    "costOfRevenue": 1005000000,
    "grossProfit": 1701000000,
    "grossProfitRatio": 0.6286031042,
    "researchAndDevelopmentExpenses": 0,
    "generalAndAdministrativeExpenses": 0,
    "sellingAndMarketingExpenses": 0,
    "sellingGeneralAndAdministrativeExpenses": 0,
    "otherExpenses": 987000000,
    "operatingExpenses": 987000000,
    "costAndExpenses": 1992000000,
    "interestIncome": 0,
    "interestExpense": 0,
    "depreciationAndAmortization": 336000000,
    "ebitda": 1050000000,
    "ebitdaratio": 0.3880266075,
    "operatingIncome": 714000000,
    "operatingIncomeRatio": 0.2638580931,
    "totalOtherIncomeExpensesNet": -220000000,
    "incomeBeforeTax": 494000000,
    "incomeBeforeTaxRatio": 0.1825572801,
    "incomeTaxExpense": 156000000,
    "netIncome": 338000000,
    "netIncomeRatio": 0.1249076127,
    "eps": 0.55,
    "epsdiluted": 0.55,
    "weightedAverageShsOut": 601397938,
    "weightedAverageShsOutDil": 615757576,
    "link": "https://www.sec.gov/Archives/edgar/data/715957/000092838503000725/0000928385-03-000725-index.htm",
    "finalLink": "https://www.sec.gov/Archives/edgar/data/715957/000092838503000725/d10k.htm"
  },
  {
    "date": "2002-09-30",
    "symbol": "D",
    "reportedCurrency": "USD",
    "cik": "0000715957",
    "fillingDate": "2002-11-08",
    "acceptedDate": "2002-11-08 16:04:28",
    "calendarYear": "2002",
    "period": "Q3",
    "revenue": 2545000000,
    "costOfRevenue": 743000000,
    "grossProfit": 1802000000,
    "grossProfitRatio": 0.7080550098,
    "researchAndDevelopmentExpenses": 0,
    "generalAndAdministrativeExpenses": 0,
    "sellingAndMarketingExpenses": 0,
    "sellingGeneralAndAdministrativeExpenses": 0,
    "otherExpenses": 966000000,
    "operatingExpenses": 966000000,
    "costAndExpenses": 1709000000,
    "interestIncome": 0,
    "interestExpense": 0,
    "depreciationAndAmortization": 348000000,
    "ebitda": 1184000000,
    "ebitdaratio": 0.4652259332,
    "operatingIncome": 836000000,
    "operatingIncomeRatio": 0.3284872299,
    "totalOtherIncomeExpensesNet": -195000000,
    "incomeBeforeTax": 641000000,
    "incomeBeforeTaxRatio": 0.2518664047,
    "incomeTaxExpense": 211000000,
    "netIncome": 430000000,
    "netIncomeRatio": 0.1689587426,
    "eps": 0.78,
    "epsdiluted": 0.77,
    "weightedAverageShsOut": 556600000,
    "weightedAverageShsOutDil": 559400000,
    "link": "https://www.sec.gov/Archives/edgar/data/715957/000071595702000143/0000715957-02-000143-index.htm",
    "finalLink": "https://www.sec.gov/Archives/edgar/data/715957/000071595702000143/dri10q.htm"
  },
  {
    "date": "2002-06-30",
    "symbol": "D",
    "reportedCurrency": "USD",
    "cik": "0000715957",
    "fillingDate": "2002-08-07",
    "acceptedDate": "2002-08-07 17:04:18",
    "calendarYear": "2002",
    "period": "Q2",
    "revenue": 2332000000,
    "costOfRevenue": 745000000,
    "grossProfit": 1587000000,
    "grossProfitRatio": 0.6805317324,
    "researchAndDevelopmentExpenses": 0,
    "generalAndAdministrativeExpenses": 0,
    "sellingAndMarketingExpenses": 0,
    "sellingGeneralAndAdministrativeExpenses": 0,
    "otherExpenses": 962000000,
    "operatingExpenses": 962000000,
    "costAndExpenses": 1707000000,
    "interestIncome": 0,
    "interestExpense": 0,
    "depreciationAndAmortization": 341000000,
    "ebitda": 966000000,
    "ebitdaratio": 0.4142367067,
    "operatingIncome": 625000000,
    "operatingIncomeRatio": 0.2680102916,
    "totalOtherIncomeExpensesNet": -208000000,
    "incomeBeforeTax": 417000000,
    "incomeBeforeTaxRatio": 0.1788164666,
    "incomeTaxExpense": 145000000,
    "netIncome": 272000000,
    "netIncomeRatio": 0.1166380789,
    "eps": 0.49,
    "epsdiluted": 0.49,
    "weightedAverageShsOut": 554600000,
    "weightedAverageShsOutDil": 559800000,
    "link": "https://www.sec.gov/Archives/edgar/data/715957/000071595702000093/0000715957-02-000093-index.htm",
    "finalLink": "https://www.sec.gov/Archives/edgar/data/715957/000071595702000093/dri10q.htm"
  },
  {
    "date": "2002-03-31",
    "symbol": "D",
    "reportedCurrency": "USD",
    "cik": "0000715957",
    "fillingDate": "2002-05-03",
    "acceptedDate": "2002-05-03 13:59:29",
    "calendarYear": "2002",
    "period": "Q1",
    "revenue": 2634000000,
    "costOfRevenue": 963000000,
    "grossProfit": 1671000000,
    "grossProfitRatio": 0.6343963554,
    "researchAndDevelopmentExpenses": 0,
    "generalAndAdministrativeExpenses": 0,
    "sellingAndMarketingExpenses": 0,
    "sellingGeneralAndAdministrativeExpenses": 0,
    "otherExpenses": 960000000,
    "operatingExpenses": 960000000,
    "costAndExpenses": 1923000000,
    "interestIncome": 0,
    "interestExpense": 0,
    "depreciationAndAmortization": 354000000,
    "ebitda": 1065000000,
    "ebitdaratio": 0.4043280182,
    "operatingIncome": 711000000,
    "operatingIncomeRatio": 0.2699316629,
    "totalOtherIncomeExpensesNet": -220000000,
    "incomeBeforeTax": 491000000,
    "incomeBeforeTaxRatio": 0.1864085042,
    "incomeTaxExpense": 169000000,
    "netIncome": 322000000,
    "netIncomeRatio": 0.1222475323,
    "eps": 0.61,
    "epsdiluted": 0.6,
    "weightedAverageShsOut": 533600000,
    "weightedAverageShsOutDil": 538000000,
    "link": "https://www.sec.gov/Archives/edgar/data/715957/000071595702000055/0000715957-02-000055-index.htm",
    "finalLink": "https://www.sec.gov/Archives/edgar/data/715957/000071595702000055/dri10q.htm"
  },
  {
    "date": "2001-12-31",
    "symbol": "D",
    "reportedCurrency": "USD",
    "cik": "0000715957",
    "fillingDate": "2002-03-11",
    "acceptedDate": "2002-03-11 00:00:00",
    "calendarYear": "2001",
    "period": "Q4",
    "revenue": 2507000000,
    "costOfRevenue": 873000000,
    "grossProfit": 1634000000,
    "grossProfitRatio": 0.6517750299,
    "researchAndDevelopmentExpenses": 0,
    "generalAndAdministrativeExpenses": 0,
    "sellingAndMarketingExpenses": 0,
    "sellingGeneralAndAdministrativeExpenses": 0,
    "otherExpenses": 1643000000,
    "operatingExpenses": 1643000000,
    "costAndExpenses": 2516000000,
    "interestIncome": 0,
    "interestExpense": 0,
    "depreciationAndAmortization": 0,
    "ebitda": 330000000,
    "ebitdaratio": 0.131631432,
    "operatingIncome": -9000000,
    "operatingIncomeRatio": -0.0035899481,
    "totalOtherIncomeExpensesNet": -182000000,
    "incomeBeforeTax": -191000000,
    "incomeBeforeTaxRatio": -0.0761866773,
    "incomeTaxExpense": -74000000,
    "netIncome": -117000000,
    "netIncomeRatio": -0.0466693259,
    "eps": -0.22,
    "epsdiluted": -0.22,
    "weightedAverageShsOut": 521729954,
    "weightedAverageShsOutDil": 532231405,
    "link": "https://www.sec.gov/Archives/edgar/data/715957/000091664102000388/0000916641-02-000388-index.htm",
    "finalLink": "https://www.sec.gov/Archives/edgar/data/715957/000091664102000388/d10k.htm"
  },
  {
    "date": "2001-09-30",
    "symbol": "D",
    "reportedCurrency": "USD",
    "cik": "0000715957",
    "fillingDate": "2001-11-05",
    "acceptedDate": "2001-11-05 00:00:00",
    "calendarYear": "2001",
    "period": "Q3",
    "revenue": 2544000000,
    "costOfRevenue": 794000000,
    "grossProfit": 1750000000,
    "grossProfitRatio": 0.6878930818,
    "researchAndDevelopmentExpenses": 0,
    "generalAndAdministrativeExpenses": 0,
    "sellingAndMarketingExpenses": 0,
    "sellingGeneralAndAdministrativeExpenses": 0,
    "otherExpenses": 970000000,
    "operatingExpenses": 970000000,
    "costAndExpenses": 1764000000,
    "interestIncome": 0,
    "interestExpense": 0,
    "depreciationAndAmortization": 336000000,
    "ebitda": 1116000000,
    "ebitdaratio": 0.4386792453,
    "operatingIncome": 780000000,
    "operatingIncomeRatio": 0.3066037736,
    "totalOtherIncomeExpensesNet": -219000000,
    "incomeBeforeTax": 561000000,
    "incomeBeforeTaxRatio": 0.2205188679,
    "incomeTaxExpense": 217000000,
    "netIncome": 344000000,
    "netIncomeRatio": 0.1352201258,
    "eps": 0.69,
    "epsdiluted": 0.69,
    "weightedAverageShsOut": 496600000,
    "weightedAverageShsOutDil": 500600000,
    "link": "https://www.sec.gov/Archives/edgar/data/715957/000071595701500053/0000715957-01-500053-index.htm",
    "finalLink": "https://www.sec.gov/Archives/edgar/data/715957/000071595701500053/drifinalsep01.htm"
  },
  {
    "date": "2001-06-30",
    "symbol": "D",
    "reportedCurrency": "USD",
    "cik": "0000715957",
    "fillingDate": "2001-08-03",
    "acceptedDate": "2001-08-03 00:00:00",
    "calendarYear": "2001",
    "period": "Q2",
    "revenue": 2309000000,
    "costOfRevenue": 797000000,
    "grossProfit": 1512000000,
    "grossProfitRatio": 0.6548289303,
    "researchAndDevelopmentExpenses": 0,
    "generalAndAdministrativeExpenses": 0,
    "sellingAndMarketingExpenses": 0,
    "sellingGeneralAndAdministrativeExpenses": 0,
    "otherExpenses": 994000000,
    "operatingExpenses": 994000000,
    "costAndExpenses": 1791000000,
    "interestIncome": 0,
    "interestExpense": 0,
    "depreciationAndAmortization": 0,
    "ebitda": 833000000,
    "ebitdaratio": 0.3607622347,
    "operatingIncome": 518000000,
    "operatingIncomeRatio": 0.2243395409,
    "totalOtherIncomeExpensesNet": -232000000,
    "incomeBeforeTax": 286000000,
    "incomeBeforeTaxRatio": 0.1238631442,
    "incomeTaxExpense": 131000000,
    "netIncome": 155000000,
    "netIncomeRatio": 0.0671286271,
    "eps": 0.32,
    "epsdiluted": 0.31,
    "weightedAverageShsOut": 494800000,
    "weightedAverageShsOutDil": 500000000,
    "link": "https://www.sec.gov/Archives/edgar/data/715957/000071595701500034/0000715957-01-500034-index.htm",
    "finalLink": "https://www.sec.gov/Archives/edgar/data/715957/000071595701500034/drisecond.htm"
  },
  {
    "date": "2001-03-31",
    "symbol": "D",
    "reportedCurrency": "USD",
    "cik": "0000715957",
    "fillingDate": "2001-05-08",
    "acceptedDate": "2001-05-08 00:00:00",
    "calendarYear": "2001",
    "period": "Q1",
    "revenue": 3198000000,
    "costOfRevenue": 1626000000,
    "grossProfit": 1572000000,
    "grossProfitRatio": 0.4915572233,
    "researchAndDevelopmentExpenses": 0,
    "generalAndAdministrativeExpenses": 0,
    "sellingAndMarketingExpenses": 0,
    "sellingGeneralAndAdministrativeExpenses": 0,
    "otherExpenses": 1076000000,
    "operatingExpenses": 1076000000,
    "costAndExpenses": 2702000000,
    "interestIncome": 0,
    "interestExpense": 0,
    "depreciationAndAmortization": 0,
    "ebitda": 777000000,
    "ebitdaratio": 0.2429643527,
    "operatingIncome": 496000000,
    "operatingIncomeRatio": 0.1550969356,
    "totalOtherIncomeExpensesNet": -238000000,
    "incomeBeforeTax": 258000000,
    "incomeBeforeTaxRatio": 0.0806754221,
    "incomeTaxExpense": 96000000,
    "netIncome": 162000000,
    "netIncomeRatio": 0.0506566604,
    "eps": 0.33,
    "epsdiluted": 0.33,
    "weightedAverageShsOut": 492600000,
    "weightedAverageShsOutDil": 497600000,
    "link": "https://www.sec.gov/Archives/edgar/data/715957/000071595701500012/0000715957-01-500012-index.htm",
    "finalLink": "https://www.sec.gov/Archives/edgar/data/715957/000071595701500012/drifinal10qmarch2001.htm"
  },
  {
    "date": "2000-12-31",
    "symbol": "D",
    "reportedCurrency": "USD",
    "cik": "0000715957",
    "fillingDate": "2001-03-20",
    "acceptedDate": "2001-03-20 00:00:00",
    "calendarYear": "2000",
    "period": "Q4",
    "revenue": 2781000000,
    "costOfRevenue": 1285000000,
    "grossProfit": 1496000000,
    "grossProfitRatio": 0.5379359942,
    "researchAndDevelopmentExpenses": 0,
    "generalAndAdministrativeExpenses": 0,
    "sellingAndMarketingExpenses": 0,
    "sellingGeneralAndAdministrativeExpenses": 0,
    "otherExpenses": 1452000000,
    "operatingExpenses": 1452000000,
    "costAndExpenses": 2737000000,
    "interestIncome": 0,
    "interestExpense": 0,
    "depreciationAndAmortization": 344000000,
    "ebitda": 388000000,
    "ebitdaratio": 0.1395181589,
    "operatingIncome": 44000000,
    "operatingIncomeRatio": 0.0158216469,
    "totalOtherIncomeExpensesNet": 90000000,
    "incomeBeforeTax": 134000000,
    "incomeBeforeTaxRatio": 0.0481841064,
    "incomeTaxExpense": 28000000,
    "netIncome": 106000000,
    "netIncomeRatio": 0.0381157857,
    "eps": 0.22,
    "epsdiluted": 0.22,
    "weightedAverageShsOut": 486805405,
    "weightedAverageShsOutDil": 492600000,
    "link": "https://www.sec.gov/Archives/edgar/data/715957/000091664101000361/0000916641-01-000361-index.htm",
    "finalLink": "https://www.sec.gov/Archives/edgar/data/715957/000091664101000361/0000916641-01-000361-0001.txt"
  },
  {
    "date": "2000-09-30",
    "symbol": "D",
    "reportedCurrency": "USD",
    "cik": "0000715957",
    "fillingDate": "2000-11-14",
    "acceptedDate": "2000-11-14 00:00:00",
    "calendarYear": "2000",
    "period": "Q3",
    "revenue": 2344000000,
    "costOfRevenue": 805000000,
    "grossProfit": 1539000000,
    "grossProfitRatio": 0.6565699659,
    "researchAndDevelopmentExpenses": 0,
    "generalAndAdministrativeExpenses": 0,
    "sellingAndMarketingExpenses": 0,
    "sellingGeneralAndAdministrativeExpenses": 0,
    "otherExpenses": 879000000,
    "operatingExpenses": 879000000,
    "costAndExpenses": 1684000000,
    "interestIncome": 0,
    "interestExpense": 0,
    "depreciationAndAmortization": 324000000,
    "ebitda": 957000000,
    "ebitdaratio": 0.4082764505,
    "operatingIncome": 660000000,
    "operatingIncomeRatio": 0.2815699659,
    "totalOtherIncomeExpensesNet": -247000000,
    "incomeBeforeTax": 413000000,
    "incomeBeforeTaxRatio": 0.1761945392,
    "incomeTaxExpense": 153000000,
    "netIncome": 260000000,
    "netIncomeRatio": 0.1109215017,
    "eps": 0.55,
    "epsdiluted": 0.55,
    "weightedAverageShsOut": 476200000,
    "weightedAverageShsOutDil": 479000000,
    "link": "https://www.sec.gov/Archives/edgar/data/715957/000071595700500027/0000715957-00-500027-index.htm",
    "finalLink": "https://www.sec.gov/Archives/edgar/data/715957/000071595700500027/0000715957-00-500027-0001.htm"
  },
  {
    "date": "2000-06-30",
    "symbol": "D",
    "reportedCurrency": "USD",
    "cik": "0000715957",
    "fillingDate": "2000-08-14",
    "acceptedDate": "2000-08-14 00:00:00",
    "calendarYear": "2000",
    "period": "Q2",
    "revenue": 2051000000,
    "costOfRevenue": 738000000,
    "grossProfit": 1313000000,
    "grossProfitRatio": 0.6401755241,
    "researchAndDevelopmentExpenses": 0,
    "generalAndAdministrativeExpenses": 0,
    "sellingAndMarketingExpenses": 0,
    "sellingGeneralAndAdministrativeExpenses": 0,
    "otherExpenses": 1242000000,
    "operatingExpenses": 1242000000,
    "costAndExpenses": 1980000000,
    "interestIncome": 0,
    "interestExpense": 0,
    "depreciationAndAmortization": 324000000,
    "ebitda": 369000000,
    "ebitdaratio": 0.1799122379,
    "operatingIncome": 71000000,
    "operatingIncomeRatio": 0.0346172599,
    "totalOtherIncomeExpensesNet": -244000000,
    "incomeBeforeTax": -173000000,
    "incomeBeforeTaxRatio": -0.084349098,
    "incomeTaxExpense": -75000000,
    "netIncome": -98000000,
    "netIncomeRatio": -0.04778157,
    "eps": -0.22,
    "epsdiluted": -0.22,
    "weightedAverageShsOut": 475600000,
    "weightedAverageShsOutDil": 475600000,
    "link": "https://www.sec.gov/Archives/edgar/data/715957/000071595700000066/0000715957-00-000066-index.htm",
    "finalLink": "https://www.sec.gov/Archives/edgar/data/715957/000071595700000066/0000715957-00-000066-0001.htm"
  },
  {
    "date": "2000-03-31",
    "symbol": "D",
    "reportedCurrency": "USD",
    "cik": "0000715957",
    "fillingDate": "2000-05-15",
    "acceptedDate": "2000-05-15 00:00:00",
    "calendarYear": "2000",
    "period": "Q1",
    "revenue": 2069000000,
    "costOfRevenue": 771000000,
    "grossProfit": 1298000000,
    "grossProfitRatio": 0.6273562107,
    "researchAndDevelopmentExpenses": 0,
    "generalAndAdministrativeExpenses": 0,
    "sellingAndMarketingExpenses": 0,
    "sellingGeneralAndAdministrativeExpenses": 0,
    "otherExpenses": 880000000,
    "operatingExpenses": 880000000,
    "costAndExpenses": 1651000000,
    "interestIncome": 0,
    "interestExpense": 0,
    "depreciationAndAmortization": 276000000,
    "ebitda": 669000000,
    "ebitdaratio": 0.3233446109,
    "operatingIncome": 418000000,
    "operatingIncomeRatio": 0.2020299662,
    "totalOtherIncomeExpensesNet": -194000000,
    "incomeBeforeTax": 224000000,
    "incomeBeforeTaxRatio": 0.1082648623,
    "incomeTaxExpense": 77000000,
    "netIncome": 168000000,
    "netIncomeRatio": 0.0811986467,
    "eps": 0.38,
    "epsdiluted": 0.38,
    "weightedAverageShsOut": 446800000,
    "weightedAverageShsOutDil": 446800000,
    "link": "https://www.sec.gov/Archives/edgar/data/715957/000091664100000682/0000916641-00-000682-index.html",
    "finalLink": "https://www.sec.gov/Archives/edgar/data/715957/000091664100000682/"
  },
  {
    "date": "1999-12-31",
    "symbol": "D",
    "reportedCurrency": "USD",
    "cik": "0000715957",
    "fillingDate": "2000-05-19",
    "acceptedDate": "2000-05-19 00:00:00",
    "calendarYear": "1999",
    "period": "Q4",
    "revenue": 1249200000,
    "costOfRevenue": 413200000,
    "grossProfit": 836000000,
    "grossProfitRatio": 0.6692283061,
    "researchAndDevelopmentExpenses": 0,
    "generalAndAdministrativeExpenses": 0,
    "sellingAndMarketingExpenses": 0,
    "sellingGeneralAndAdministrativeExpenses": 0,
    "otherExpenses": 620600000,
    "operatingExpenses": 620600000,
    "costAndExpenses": 1033800000,
    "interestIncome": 0,
    "interestExpense": 0,
    "depreciationAndAmortization": 0,
    "ebitda": 409200000,
    "ebitdaratio": 0.3275696446,
    "operatingIncome": 215400000,
    "operatingIncomeRatio": 0.1724303554,
    "totalOtherIncomeExpensesNet": -134100000,
    "incomeBeforeTax": 81300000,
    "incomeBeforeTaxRatio": 0.0650816523,
    "incomeTaxExpense": 18300000,
    "netIncome": 62800000,
    "netIncomeRatio": 0.0502721742,
    "eps": 0.14,
    "epsdiluted": 0.14,
    "weightedAverageShsOut": 447619048,
    "weightedAverageShsOutDil": 447619048,
    "link": "https://www.sec.gov/Archives/edgar/data/715957/000095010900002262/0000950109-00-002262-index.html",
    "finalLink": "https://www.sec.gov/Archives/edgar/data/715957/000095010900002262/"
  },
  {
    "date": "1999-09-30",
    "symbol": "D",
    "reportedCurrency": "USD",
    "cik": "0000715957",
    "fillingDate": "1999-11-12",
    "acceptedDate": "1999-11-12 00:00:00",
    "calendarYear": "1999",
    "period": "Q3",
    "revenue": 1663000000,
    "costOfRevenue": 517000000,
    "grossProfit": 1146000000,
    "grossProfitRatio": 0.6891160553,
    "researchAndDevelopmentExpenses": 0,
    "generalAndAdministrativeExpenses": 0,
    "sellingAndMarketingExpenses": 0,
    "sellingGeneralAndAdministrativeExpenses": 0,
    "otherExpenses": 562000000,
    "operatingExpenses": 562000000,
    "costAndExpenses": 1079000000,
    "interestIncome": 0,
    "interestExpense": 0,
    "depreciationAndAmortization": 198000000,
    "ebitda": 782000000,
    "ebitdaratio": 0.4702345159,
    "operatingIncome": 584000000,
    "operatingIncomeRatio": 0.3511725797,
    "totalOtherIncomeExpensesNet": -226000000,
    "incomeBeforeTax": 358000000,
    "incomeBeforeTaxRatio": 0.2152736019,
    "incomeTaxExpense": 123000000,
    "netIncome": 235000000,
    "netIncomeRatio": 0.1413108839,
    "eps": 0.62,
    "epsdiluted": 0.62,
    "weightedAverageShsOut": 382113821,
    "weightedAverageShsOutDil": 382113821,
    "link": "https://www.sec.gov/Archives/edgar/data/715957/000071595799000061/0000715957-99-000061-index.html",
    "finalLink": "https://www.sec.gov/Archives/edgar/data/715957/000071595799000061/0000715957-99-000061-d1.html"
  },
  {
    "date": "1999-06-30",
    "symbol": "D",
    "reportedCurrency": "USD",
    "cik": "0000715957",
    "fillingDate": "1999-08-12",
    "acceptedDate": "1999-08-12 00:00:00",
    "calendarYear": "1999",
    "period": "Q2",
    "revenue": 1315000000,
    "costOfRevenue": 441000000,
    "grossProfit": 874000000,
    "grossProfitRatio": 0.6646387833,
    "researchAndDevelopmentExpenses": 0,
    "generalAndAdministrativeExpenses": 0,
    "sellingAndMarketingExpenses": 0,
    "sellingGeneralAndAdministrativeExpenses": 0,
    "otherExpenses": 574000000,
    "operatingExpenses": 574000000,
    "costAndExpenses": 1015000000,
    "interestIncome": 0,
    "interestExpense": 0,
    "depreciationAndAmortization": 195000000,
    "ebitda": 495000000,
    "ebitdaratio": 0.3764258555,
    "operatingIncome": 300000000,
    "operatingIncomeRatio": 0.2281368821,
    "totalOtherIncomeExpensesNet": -125000000,
    "incomeBeforeTax": 175000000,
    "incomeBeforeTaxRatio": 0.1330798479,
    "incomeTaxExpense": 55000000,
    "netIncome": 120000000,
    "netIncomeRatio": 0.0912547529,
    "eps": 0.32,
    "epsdiluted": 0.32,
    "weightedAverageShsOut": 384000000,
    "weightedAverageShsOutDil": 384000000,
    "link": "https://www.sec.gov/Archives/edgar/data/715957/000091664199000676/0000916641-99-000676-index.html",
    "finalLink": "https://www.sec.gov/Archives/edgar/data/715957/000091664199000676/"
  },
  {
    "date": "1999-03-31",
    "symbol": "D",
    "reportedCurrency": "USD",
    "cik": "0000715957",
    "fillingDate": "1999-05-17",
    "acceptedDate": "1999-05-17 00:00:00",
    "calendarYear": "1999",
    "period": "Q1",
    "revenue": 1293000000,
    "costOfRevenue": 430000000,
    "grossProfit": 863000000,
    "grossProfitRatio": 0.6674400619,
    "researchAndDevelopmentExpenses": 0,
    "generalAndAdministrativeExpenses": 0,
    "sellingAndMarketingExpenses": 0,
    "sellingGeneralAndAdministrativeExpenses": 0,
    "otherExpenses": 541000000,
    "operatingExpenses": 541000000,
    "costAndExpenses": 971000000,
    "interestIncome": 0,
    "interestExpense": 0,
    "depreciationAndAmortization": 201000000,
    "ebitda": 523000000,
    "ebitdaratio": 0.4044856922,
    "operatingIncome": 322000000,
    "operatingIncomeRatio": 0.249033256,
    "totalOtherIncomeExpensesNet": -118000000,
    "incomeBeforeTax": 204000000,
    "incomeBeforeTaxRatio": 0.1577726218,
    "incomeTaxExpense": 66000000,
    "netIncome": -117000000,
    "netIncomeRatio": -0.090487239,
    "eps": -0.3,
    "epsdiluted": -0.3,
    "weightedAverageShsOut": 386800000,
    "weightedAverageShsOutDil": 386800000,
    "link": "https://www.sec.gov/Archives/edgar/data/715957/000095010999001873/0000950109-99-001873-index.html",
    "finalLink": "https://www.sec.gov/Archives/edgar/data/715957/"
  },
  {
    "date": "1998-12-31",
    "symbol": "D",
    "reportedCurrency": "USD",
    "cik": "0000715957",
    "fillingDate": "1999-05-19",
    "acceptedDate": "1999-05-19 00:00:00",
    "calendarYear": "1998",
    "period": "Q4",
    "revenue": -942000000,
    "costOfRevenue": -1666300000,
    "grossProfit": 724300000,
    "grossProfitRatio": -0.768895966,
    "researchAndDevelopmentExpenses": 0,
    "generalAndAdministrativeExpenses": 0,
    "sellingAndMarketingExpenses": 0,
    "sellingGeneralAndAdministrativeExpenses": 0,
    "otherExpenses": 570000000,
    "operatingExpenses": 570000000,
    "costAndExpenses": -1096300000,
    "interestIncome": 0,
    "interestExpense": 0,
    "depreciationAndAmortization": 0,
    "ebitda": 344400000,
    "ebitdaratio": -0.3656050955,
    "operatingIncome": 154300000,
    "operatingIncomeRatio": -0.1638004246,
    "totalOtherIncomeExpensesNet": -63300000,
    "incomeBeforeTax": 91000000,
    "incomeBeforeTaxRatio": -0.0966029724,
    "incomeTaxExpense": 36800000,
    "netIncome": 54200000,
    "netIncomeRatio": -0.057537155,
    "eps": 0.14,
    "epsdiluted": 0.14,
    "weightedAverageShsOut": 387666667,
    "weightedAverageShsOutDil": 387666667,
    "link": "https://www.sec.gov/Archives/edgar/data/715957/000095013099003143/0000950130-99-003143-index.html",
    "finalLink": "https://www.sec.gov/Archives/edgar/data/715957/"
  },
  {
    "date": "1998-09-30",
    "symbol": "D",
    "reportedCurrency": "USD",
    "cik": "0000715957",
    "fillingDate": "1998-11-10",
    "acceptedDate": "1998-11-10 00:00:00",
    "calendarYear": "1998",
    "period": "Q3",
    "revenue": 1544300000,
    "costOfRevenue": 501800000,
    "grossProfit": 1042500000,
    "grossProfitRatio": 0.6750631354,
    "researchAndDevelopmentExpenses": 0,
    "generalAndAdministrativeExpenses": 0,
    "sellingAndMarketingExpenses": 0,
    "sellingGeneralAndAdministrativeExpenses": 0,
    "otherExpenses": 274600000,
    "operatingExpenses": 274600000,
    "costAndExpenses": 776400000,
    "interestIncome": 0,
    "interestExpense": 0,
    "depreciationAndAmortization": 0,
    "ebitda": 963100000,
    "ebitdaratio": 0.6236482549,
    "operatingIncome": 767900000,
    "operatingIncomeRatio": 0.4972479441,
    "totalOtherIncomeExpensesNet": -108500000,
    "incomeBeforeTax": 659400000,
    "incomeBeforeTaxRatio": 0.4269895746,
    "incomeTaxExpense": 234900000,
    "netIncome": 424500000,
    "netIncomeRatio": 0.2748818235,
    "eps": 1.09,
    "epsdiluted": 1.09,
    "weightedAverageShsOut": 391244240,
    "weightedAverageShsOutDil": 391244240,
    "link": "https://www.sec.gov/Archives/edgar/data/715957/000091664198001180/0000916641-98-001180-index.html",
    "finalLink": "https://www.sec.gov/Archives/edgar/data/715957/"
  },
  {
    "date": "1998-06-30",
    "symbol": "D",
    "reportedCurrency": "USD",
    "cik": "0000715957",
    "fillingDate": "1998-08-07",
    "acceptedDate": "1998-08-07 00:00:00",
    "calendarYear": "1998",
    "period": "Q2",
    "revenue": 1585200000,
    "costOfRevenue": 741400000,
    "grossProfit": 843800000,
    "grossProfitRatio": 0.5322987636,
    "researchAndDevelopmentExpenses": 0,
    "generalAndAdministrativeExpenses": 0,
    "sellingAndMarketingExpenses": 0,
    "sellingGeneralAndAdministrativeExpenses": 0,
    "otherExpenses": 776700000,
    "operatingExpenses": 776700000,
    "costAndExpenses": 1518100000,
    "interestIncome": 0,
    "interestExpense": 0,
    "depreciationAndAmortization": 0,
    "ebitda": 263300000,
    "ebitdaratio": 0.166098915,
    "operatingIncome": 67100000,
    "operatingIncomeRatio": 0.0423290437,
    "totalOtherIncomeExpensesNet": -182000000,
    "incomeBeforeTax": -114900000,
    "incomeBeforeTaxRatio": -0.0724829674,
    "incomeTaxExpense": -32200000,
    "netIncome": -82700000,
    "netIncomeRatio": -0.0521700732,
    "eps": -0.21,
    "epsdiluted": -0.21,
    "weightedAverageShsOut": 393809524,
    "weightedAverageShsOutDil": 393809524,
    "link": "https://www.sec.gov/Archives/edgar/data/715957/000091664198000875/0000916641-98-000875-index.html",
    "finalLink": "https://www.sec.gov/Archives/edgar/data/715957/"
  },
  {
    "date": "1998-03-31",
    "symbol": "D",
    "reportedCurrency": "USD",
    "cik": "0000715957",
    "fillingDate": "1998-05-15",
    "acceptedDate": "1998-05-15 00:00:00",
    "calendarYear": "1998",
    "period": "Q1",
    "revenue": 1773500000,
    "costOfRevenue": 768300000,
    "grossProfit": 1005200000,
    "grossProfitRatio": 0.5667888356,
    "researchAndDevelopmentExpenses": 0,
    "generalAndAdministrativeExpenses": 0,
    "sellingAndMarketingExpenses": 0,
    "sellingGeneralAndAdministrativeExpenses": 0,
    "otherExpenses": 624600000,
    "operatingExpenses": 624600000,
    "costAndExpenses": 1392900000,
    "interestIncome": 0,
    "interestExpense": 0,
    "depreciationAndAmortization": 0,
    "ebitda": 615400000,
    "ebitdaratio": 0.3469974626,
    "operatingIncome": 380600000,
    "operatingIncomeRatio": 0.2146038906,
    "totalOtherIncomeExpensesNet": -174600000,
    "incomeBeforeTax": 206000000,
    "incomeBeforeTaxRatio": 0.1161544968,
    "incomeTaxExpense": 66500000,
    "netIncome": 139500000,
    "netIncomeRatio": 0.0786580209,
    "eps": 0.36,
    "epsdiluted": 0.36,
    "weightedAverageShsOut": 387500000,
    "weightedAverageShsOutDil": 387500000,
    "link": "https://www.sec.gov/Archives/edgar/data/715957/000091664198000611/0000916641-98-000611-index.html",
    "finalLink": "https://www.sec.gov/Archives/edgar/data/715957/"
  },
  {
    "date": "1997-12-31",
    "symbol": "D",
    "reportedCurrency": "USD",
    "cik": "0000715957",
    "fillingDate": "1998-06-10",
    "acceptedDate": "1998-06-10 00:00:00",
    "calendarYear": "1997",
    "period": "Q4",
    "revenue": 2128300000,
    "costOfRevenue": 1159500000,
    "grossProfit": 968800000,
    "grossProfitRatio": 0.4551989851,
    "researchAndDevelopmentExpenses": 0,
    "generalAndAdministrativeExpenses": 0,
    "sellingAndMarketingExpenses": 0,
    "sellingGeneralAndAdministrativeExpenses": 0,
    "otherExpenses": 633300000,
    "operatingExpenses": 633300000,
    "costAndExpenses": 1792800000,
    "interestIncome": 0,
    "interestExpense": 0,
    "depreciationAndAmortization": 0,
    "ebitda": 583400000,
    "ebitdaratio": 0.2741154912,
    "operatingIncome": 335500000,
    "operatingIncomeRatio": 0.1576375511,
    "totalOtherIncomeExpensesNet": -220300000,
    "incomeBeforeTax": 115200000,
    "incomeBeforeTaxRatio": 0.0541277076,
    "incomeTaxExpense": 15400000,
    "netIncome": 99800000,
    "netIncomeRatio": 0.0468918855,
    "eps": 0.26,
    "epsdiluted": 0.26,
    "weightedAverageShsOut": 375762274,
    "weightedAverageShsOutDil": 387500000,
    "link": "https://www.sec.gov/Archives/edgar/data/715957/000091664198000700/0000916641-98-000700-index.html",
    "finalLink": "https://www.sec.gov/Archives/edgar/data/715957/"
  },
  {
    "date": "1997-09-30",
    "symbol": "D",
    "reportedCurrency": "USD",
    "cik": "0000715957",
    "fillingDate": "1997-11-12",
    "acceptedDate": "1997-11-12 00:00:00",
    "calendarYear": "1997",
    "period": "Q3",
    "revenue": 2094800000,
    "costOfRevenue": 1007200000,
    "grossProfit": 1087600000,
    "grossProfitRatio": 0.5191903762,
    "researchAndDevelopmentExpenses": 0,
    "generalAndAdministrativeExpenses": 0,
    "sellingAndMarketingExpenses": 0,
    "sellingGeneralAndAdministrativeExpenses": 0,
    "otherExpenses": 775900000,
    "operatingExpenses": 775900000,
    "costAndExpenses": 1783100000,
    "interestIncome": 0,
    "interestExpense": 0,
    "depreciationAndAmortization": 0,
    "ebitda": 538600000,
    "ebitdaratio": 0.2571128509,
    "operatingIncome": 311700000,
    "operatingIncomeRatio": 0.1487970212,
    "totalOtherIncomeExpensesNet": -163700000,
    "incomeBeforeTax": 148000000,
    "incomeBeforeTaxRatio": 0.0706511361,
    "incomeTaxExpense": 97600000,
    "netIncome": 50400000,
    "netIncomeRatio": 0.0240595761,
    "eps": 0.14,
    "epsdiluted": 0.14,
    "weightedAverageShsOut": 373333333,
    "weightedAverageShsOutDil": 373333333,
    "link": "https://www.sec.gov/Archives/edgar/data/715957/000091664197001066/0000916641-97-001066-index.html",
    "finalLink": "https://www.sec.gov/Archives/edgar/data/715957/"
  },
  {
    "date": "1997-06-30",
    "symbol": "D",
    "reportedCurrency": "USD",
    "cik": "0000715957",
    "fillingDate": "1997-08-13",
    "acceptedDate": "1997-08-13 00:00:00",
    "calendarYear": "1997",
    "period": "Q2",
    "revenue": 1653000000,
    "costOfRevenue": 779000000,
    "grossProfit": 874000000,
    "grossProfitRatio": 0.5287356322,
    "researchAndDevelopmentExpenses": 0,
    "generalAndAdministrativeExpenses": 0,
    "sellingAndMarketingExpenses": 0,
    "sellingGeneralAndAdministrativeExpenses": 0,
    "otherExpenses": 587600000,
    "operatingExpenses": 587600000,
    "costAndExpenses": 1366600000,
    "interestIncome": 0,
    "interestExpense": 0,
    "depreciationAndAmortization": 0,
    "ebitda": 512500000,
    "ebitdaratio": 0.3100423472,
    "operatingIncome": 286400000,
    "operatingIncomeRatio": 0.1732607381,
    "totalOtherIncomeExpensesNet": -168500000,
    "incomeBeforeTax": 117900000,
    "incomeBeforeTaxRatio": 0.0713248639,
    "incomeTaxExpense": 38800000,
    "netIncome": 79100000,
    "netIncomeRatio": 0.0478523896,
    "eps": 0.22,
    "epsdiluted": 0.22,
    "weightedAverageShsOut": 367906977,
    "weightedAverageShsOutDil": 367906977,
    "link": "https://www.sec.gov/Archives/edgar/data/715957/000071595797000032/0000715957-97-000032-index.html",
    "finalLink": "https://www.sec.gov/Archives/edgar/data/715957/"
  },
  {
    "date": "1997-03-31",
    "symbol": "D",
    "reportedCurrency": "USD",
    "cik": "0000715957",
    "fillingDate": "1997-05-14",
    "acceptedDate": "1997-05-14 00:00:00",
    "calendarYear": "1997",
    "period": "Q1",
    "revenue": 1897800000,
    "costOfRevenue": 960600000,
    "grossProfit": 937200000,
    "grossProfitRatio": 0.4938349668,
    "researchAndDevelopmentExpenses": 0,
    "generalAndAdministrativeExpenses": 0,
    "sellingAndMarketingExpenses": 0,
    "sellingGeneralAndAdministrativeExpenses": 0,
    "otherExpenses": 551200000,
    "operatingExpenses": 551200000,
    "costAndExpenses": 1511800000,
    "interestIncome": 0,
    "interestExpense": 0,
    "depreciationAndAmortization": 0,
    "ebitda": 597900000,
    "ebitdaratio": 0.3150490041,
    "operatingIncome": 386000000,
    "operatingIncomeRatio": 0.2033934029,
    "totalOtherIncomeExpensesNet": -137600000,
    "incomeBeforeTax": 248400000,
    "incomeBeforeTaxRatio": 0.1308883971,
    "incomeTaxExpense": 78500000,
    "netIncome": 169900000,
    "netIncomeRatio": 0.0895247128,
    "eps": 0.46,
    "epsdiluted": 0.46,
    "weightedAverageShsOut": 369347826,
    "weightedAverageShsOutDil": 369347826,
    "link": "https://www.sec.gov/Archives/edgar/data/715957/000091664197000506/0000916641-97-000506-index.html",
    "finalLink": "https://www.sec.gov/Archives/edgar/data/715957/"
  },
  {
    "date": "1996-12-31",
    "symbol": "D",
    "reportedCurrency": "USD",
    "cik": "0000715957",
    "fillingDate": "1997-06-27",
    "acceptedDate": "1997-06-27 00:00:00",
    "calendarYear": "1996",
    "period": "Q4",
    "revenue": 1195300000,
    "costOfRevenue": 403100000,
    "grossProfit": 792200000,
    "grossProfitRatio": 0.6627624864,
    "researchAndDevelopmentExpenses": 0,
    "generalAndAdministrativeExpenses": 0,
    "sellingAndMarketingExpenses": 0,
    "sellingGeneralAndAdministrativeExpenses": 0,
    "otherExpenses": 604100000,
    "operatingExpenses": 604100000,
    "costAndExpenses": 1007200000,
    "interestIncome": 0,
    "interestExpense": 0,
    "depreciationAndAmortization": 0,
    "ebitda": 361400000,
    "ebitdaratio": 0.3023508743,
    "operatingIncome": 188100000,
    "operatingIncomeRatio": 0.1573663515,
    "totalOtherIncomeExpensesNet": -102700000,
    "incomeBeforeTax": 85400000,
    "incomeBeforeTaxRatio": 0.0714464988,
    "incomeTaxExpense": 19900000,
    "netIncome": 65500000,
    "netIncomeRatio": 0.0547979587,
    "eps": 0.18,
    "epsdiluted": 0.18,
    "weightedAverageShsOut": 359880036,
    "weightedAverageShsOutDil": 369347826,
    "link": "https://www.sec.gov/Archives/edgar/data/715957/000091664197000637/0000916641-97-000637-index.html",
    "finalLink": "https://www.sec.gov/Archives/edgar/data/715957/"
  },
  {
    "date": "1996-09-30",
    "symbol": "D",
    "reportedCurrency": "USD",
    "cik": "0000715957",
    "fillingDate": "1996-11-13",
    "acceptedDate": "1996-11-13 00:00:00",
    "calendarYear": "1996",
    "period": "Q3",
    "revenue": 1286700000,
    "costOfRevenue": 435500000,
    "grossProfit": 851200000,
    "grossProfitRatio": 0.6615372659,
    "researchAndDevelopmentExpenses": 0,
    "generalAndAdministrativeExpenses": 0,
    "sellingAndMarketingExpenses": 0,
    "sellingGeneralAndAdministrativeExpenses": 0,
    "otherExpenses": 499500000,
    "operatingExpenses": 499500000,
    "costAndExpenses": 935000000,
    "interestIncome": 0,
    "interestExpense": 0,
    "depreciationAndAmortization": 0,
    "ebitda": 527900000,
    "ebitdaratio": 0.4102743452,
    "operatingIncome": 351700000,
    "operatingIncomeRatio": 0.2733348877,
    "totalOtherIncomeExpensesNet": -111300000,
    "incomeBeforeTax": 240400000,
    "incomeBeforeTaxRatio": 0.186834538,
    "incomeTaxExpense": 78200000,
    "netIncome": 162200000,
    "netIncomeRatio": 0.1260589104,
    "eps": 0.46,
    "epsdiluted": 0.46,
    "weightedAverageShsOut": 356483516,
    "weightedAverageShsOutDil": 356483516,
    "link": "https://www.sec.gov/Archives/edgar/data/715957/000071595796000057/0000715957-96-000057-index.html",
    "finalLink": "https://www.sec.gov/Archives/edgar/data/715957/"
  },
  {
    "date": "1996-06-30",
    "symbol": "D",
    "reportedCurrency": "USD",
    "cik": "0000715957",
    "fillingDate": "1996-08-12",
    "acceptedDate": "1996-08-12 00:00:00",
    "calendarYear": "1996",
    "period": "Q2",
    "revenue": 1121000000,
    "costOfRevenue": 391500000,
    "grossProfit": 729500000,
    "grossProfitRatio": 0.6507582516,
    "researchAndDevelopmentExpenses": 0,
    "generalAndAdministrativeExpenses": 0,
    "sellingAndMarketingExpenses": 0,
    "sellingGeneralAndAdministrativeExpenses": 0,
    "otherExpenses": 488300000,
    "operatingExpenses": 488300000,
    "costAndExpenses": 879800000,
    "interestIncome": 0,
    "interestExpense": 0,
    "depreciationAndAmortization": 0,
    "ebitda": 416700000,
    "ebitdaratio": 0.3717216771,
    "operatingIncome": 241200000,
    "operatingIncomeRatio": 0.2151650312,
    "totalOtherIncomeExpensesNet": -102700000,
    "incomeBeforeTax": 138500000,
    "incomeBeforeTaxRatio": 0.1235504014,
    "incomeTaxExpense": 44300000,
    "netIncome": 94200000,
    "netIncomeRatio": 0.0840321142,
    "eps": 0.27,
    "epsdiluted": 0.27,
    "weightedAverageShsOut": 355471698,
    "weightedAverageShsOutDil": 355471698,
    "link": "https://www.sec.gov/Archives/edgar/data/715957/000071595796000054/0000715957-96-000054-index.html",
    "finalLink": "https://www.sec.gov/Archives/edgar/data/715957/"
  },
  {
    "date": "1996-03-31",
    "symbol": "D",
    "reportedCurrency": "USD",
    "cik": "0000715957",
    "fillingDate": "1996-05-10",
    "acceptedDate": "1996-05-10 00:00:00",
    "calendarYear": "1996",
    "period": "Q1",
    "revenue": 1239300000,
    "costOfRevenue": 457300000,
    "grossProfit": 782000000,
    "grossProfitRatio": 0.6310013717,
    "researchAndDevelopmentExpenses": 0,
    "generalAndAdministrativeExpenses": 0,
    "sellingAndMarketingExpenses": 0,
    "sellingGeneralAndAdministrativeExpenses": 0,
    "otherExpenses": 458500000,
    "operatingExpenses": 458500000,
    "costAndExpenses": 915800000,
    "interestIncome": 0,
    "interestExpense": 0,
    "depreciationAndAmortization": 0,
    "ebitda": 492900000,
    "ebitdaratio": 0.3977245219,
    "operatingIncome": 323500000,
    "operatingIncomeRatio": 0.2610344549,
    "totalOtherIncomeExpensesNet": -103200000,
    "incomeBeforeTax": 220300000,
    "incomeBeforeTaxRatio": 0.1777616396,
    "incomeTaxExpense": 70100000,
    "netIncome": 150200000,
    "netIncomeRatio": 0.1211974502,
    "eps": 0.43,
    "epsdiluted": 0.43,
    "weightedAverageShsOut": 353411765,
    "weightedAverageShsOutDil": 353411765,
    "link": "https://www.sec.gov/Archives/edgar/data/715957/000071595796000044/0000715957-96-000044-index.html",
    "finalLink": "https://www.sec.gov/Archives/edgar/data/715957/"
  },
  {
    "date": "1995-12-31",
    "symbol": "D",
    "reportedCurrency": "USD",
    "cik": "0000715957",
    "fillingDate": "1996-03-12",
    "acceptedDate": "1996-03-12 00:00:00",
    "calendarYear": "1995",
    "period": "Q4",
    "revenue": 1134600000,
    "costOfRevenue": 407300000,
    "grossProfit": 727300000,
    "grossProfitRatio": 0.6410188613,
    "researchAndDevelopmentExpenses": 0,
    "generalAndAdministrativeExpenses": 0,
    "sellingAndMarketingExpenses": 0,
    "sellingGeneralAndAdministrativeExpenses": 0,
    "otherExpenses": 569500000,
    "operatingExpenses": 569500000,
    "costAndExpenses": 976800000,
    "interestIncome": 0,
    "interestExpense": 0,
    "depreciationAndAmortization": 0,
    "ebitda": 323600000,
    "ebitdaratio": 0.2852106469,
    "operatingIncome": 157800000,
    "operatingIncomeRatio": 0.1390798519,
    "totalOtherIncomeExpensesNet": -104900000,
    "incomeBeforeTax": 52900000,
    "incomeBeforeTaxRatio": 0.046624361,
    "incomeTaxExpense": 12400000,
    "netIncome": 40500000,
    "netIncomeRatio": 0.0356953993,
    "eps": 0.11,
    "epsdiluted": 0.11,
    "weightedAverageShsOut": 348565913,
    "weightedAverageShsOutDil": 353411765,
    "link": "https://www.sec.gov/Archives/edgar/data/715957/000091664196000146/0000916641-96-000146-index.html",
    "finalLink": "https://www.sec.gov/Archives/edgar/data/715957/"
  },
  {
    "date": "1995-09-30",
    "symbol": "D",
    "reportedCurrency": "USD",
    "cik": "0000715957",
    "fillingDate": "1995-11-07",
    "acceptedDate": "1995-11-07 00:00:00",
    "calendarYear": "1995",
    "period": "Q3",
    "revenue": 1345000000,
    "costOfRevenue": 476800000,
    "grossProfit": 868200000,
    "grossProfitRatio": 0.6455018587,
    "researchAndDevelopmentExpenses": 0,
    "generalAndAdministrativeExpenses": 0,
    "sellingAndMarketingExpenses": 0,
    "sellingGeneralAndAdministrativeExpenses": 0,
    "otherExpenses": 469500000,
    "operatingExpenses": 469500000,
    "costAndExpenses": 946300000,
    "interestIncome": 0,
    "interestExpense": 0,
    "depreciationAndAmortization": 0,
    "ebitda": 554600000,
    "ebitdaratio": 0.4123420074,
    "operatingIncome": 398700000,
    "operatingIncomeRatio": 0.2964312268,
    "totalOtherIncomeExpensesNet": -103600000,
    "incomeBeforeTax": 295100000,
    "incomeBeforeTaxRatio": 0.2194052045,
    "incomeTaxExpense": 97200000,
    "netIncome": 197900000,
    "netIncomeRatio": 0.1471375465,
    "eps": 0.57,
    "epsdiluted": 0.57,
    "weightedAverageShsOut": 347192982,
    "weightedAverageShsOutDil": 347192982,
    "link": "https://www.sec.gov/Archives/edgar/data/715957/000071595795000014/0000715957-95-000014-index.html",
    "finalLink": "https://www.sec.gov/Archives/edgar/data/715957/"
  }
]