[
  {
    "date": "2025-06-30",
    "symbol": "DAL",
    "reportedCurrency": "USD",
    "cik": "0000027904",
    "fillingDate": "2025-07-10",
    "acceptedDate": "2025-07-10 06:30:26",
    "calendarYear": "2025",
    "period": "Q2",
    "revenue": 16648000000,
    "costOfRevenue": 12678000000,
    "grossProfit": 3970000000,
    "grossProfitRatio": 0.2384670831,
    "researchAndDevelopmentExpenses": 0,
    "generalAndAdministrativeExpenses": 0,
    "sellingAndMarketingExpenses": 672000000,
    "sellingGeneralAndAdministrativeExpenses": 673000000,
    "otherExpenses": 1195000000,
    "operatingExpenses": 1868000000,
    "costAndExpenses": 14546000000,
    "interestIncome": 0,
    "interestExpense": 172000000,
    "depreciationAndAmortization": 602000000,
    "ebitda": 3348000000,
    "ebitdaratio": 0.2011052379,
    "operatingIncome": 2102000000,
    "operatingIncomeRatio": 0.1262614128,
    "totalOtherIncomeExpensesNet": 473000000,
    "incomeBeforeTax": 2575000000,
    "incomeBeforeTaxRatio": 0.154673234,
    "incomeTaxExpense": 444000000,
    "netIncome": 2130000000,
    "netIncomeRatio": 0.1279432965,
    "eps": 3.29,
    "epsdiluted": 3.26,
    "weightedAverageShsOut": 647000000,
    "weightedAverageShsOutDil": 652000000,
    "link": "https://www.sec.gov/Archives/edgar/data/27904/000002790425000012/0000027904-25-000012-index.htm",
    "finalLink": "https://www.sec.gov/Archives/edgar/data/27904/000002790425000012/dal-20250630.htm"
  },
  {
    "date": "2025-03-31",
    "symbol": "DAL",
    "reportedCurrency": "USD",
    "cik": "0000027904",
    "fillingDate": "2025-04-09",
    "acceptedDate": "2025-04-09 16:20:48",
    "calendarYear": "2025",
    "period": "Q1",
    "revenue": 14040000000,
    "costOfRevenue": 11027000000,
    "grossProfit": 3013000000,
    "grossProfitRatio": 0.2146011396,
    "researchAndDevelopmentExpenses": 0,
    "generalAndAdministrativeExpenses": 124000000,
    "sellingAndMarketingExpenses": 552000000,
    "sellingGeneralAndAdministrativeExpenses": 676000000,
    "otherExpenses": 1768000000,
    "operatingExpenses": 2444000000,
    "costAndExpenses": 13471000000,
    "interestIncome": 0,
    "interestExpense": 179000000,
    "depreciationAndAmortization": 0,
    "ebitda": 499000000,
    "ebitdaratio": 0.0355413105,
    "operatingIncome": 569000000,
    "operatingIncomeRatio": 0.0405270655,
    "totalOtherIncomeExpensesNet": -249000000,
    "incomeBeforeTax": 320000000,
    "incomeBeforeTaxRatio": 0.0227920228,
    "incomeTaxExpense": 80000000,
    "netIncome": 240000000,
    "netIncomeRatio": 0.0170940171,
    "eps": 0.37,
    "epsdiluted": 0.37,
    "weightedAverageShsOut": 644000000,
    "weightedAverageShsOutDil": 652000000,
    "link": "https://www.sec.gov/Archives/edgar/data/27904/000002790425000007/0000027904-25-000007-index.htm",
    "finalLink": "https://www.sec.gov/Archives/edgar/data/27904/000002790425000007/dal-20250331.htm"
  },
  {
    "date": "2024-12-31",
    "symbol": "DAL",
    "reportedCurrency": "USD",
    "cik": "0000027904",
    "fillingDate": "2025-02-11",
    "acceptedDate": "2025-02-11 17:02:24",
    "calendarYear": "2024",
    "period": "Q4",
    "revenue": 15559000000,
    "costOfRevenue": 11115000000,
    "grossProfit": 4444000000,
    "grossProfitRatio": 0.2856224693,
    "researchAndDevelopmentExpenses": 0,
    "generalAndAdministrativeExpenses": 425000000,
    "sellingAndMarketingExpenses": 620000000,
    "sellingGeneralAndAdministrativeExpenses": 1045000000,
    "otherExpenses": 1682000000,
    "operatingExpenses": 2727000000,
    "costAndExpenses": 13842000000,
    "interestIncome": 0,
    "interestExpense": 180000000,
    "depreciationAndAmortization": 635000000,
    "ebitda": 2017000000,
    "ebitdaratio": 0.1296355807,
    "operatingIncome": 1717000000,
    "operatingIncomeRatio": 0.1103541359,
    "totalOtherIncomeExpensesNet": -515000000,
    "incomeBeforeTax": 1202000000,
    "incomeBeforeTaxRatio": 0.0772543223,
    "incomeTaxExpense": 359000000,
    "netIncome": 843000000,
    "netIncomeRatio": 0.05418086,
    "eps": 1.29,
    "epsdiluted": 1.29,
    "weightedAverageShsOut": 652000000,
    "weightedAverageShsOutDil": 652000000,
    "link": "https://www.sec.gov/Archives/edgar/data/27904/000002790425000004/0000027904-25-000004-index.htm",
    "finalLink": "https://www.sec.gov/Archives/edgar/data/27904/000002790425000004/dal-20241231.htm"
  },
  {
    "date": "2024-09-30",
    "symbol": "DAL",
    "reportedCurrency": "USD",
    "cik": "0000027904",
    "fillingDate": "2024-10-10",
    "acceptedDate": "2024-10-10 16:16:49",
    "calendarYear": "2024",
    "period": "Q3",
    "revenue": 15677000000,
    "costOfRevenue": 11530000000,
    "grossProfit": 4146000000,
    "grossProfitRatio": 0.2644638643,
    "researchAndDevelopmentExpenses": 0,
    "generalAndAdministrativeExpenses": 320000000,
    "sellingAndMarketingExpenses": 643000000,
    "sellingGeneralAndAdministrativeExpenses": 963000000,
    "otherExpenses": 1787000000,
    "operatingExpenses": 2750000000,
    "costAndExpenses": 14280000000,
    "interestIncome": 0,
    "interestExpense": 173000000,
    "depreciationAndAmortization": 643000000,
    "ebitda": 2377000000,
    "ebitdaratio": 0.1516233973,
    "operatingIncome": 1397000000,
    "operatingIncomeRatio": 0.0891114371,
    "totalOtherIncomeExpensesNet": 164000000,
    "incomeBeforeTax": 1561000000,
    "incomeBeforeTaxRatio": 0.0995726223,
    "incomeTaxExpense": 289000000,
    "netIncome": 1272000000,
    "netIncomeRatio": 0.0811379728,
    "eps": 1.98,
    "epsdiluted": 1.97,
    "weightedAverageShsOut": 641000000,
    "weightedAverageShsOutDil": 647000000,
    "link": "https://www.sec.gov/Archives/edgar/data/27904/000002790424000012/0000027904-24-000012-index.htm",
    "finalLink": "https://www.sec.gov/Archives/edgar/data/27904/000002790424000012/dal-20240930.htm"
  },
  {
    "date": "2024-06-30",
    "symbol": "DAL",
    "reportedCurrency": "USD",
    "cik": "0000027904",
    "fillingDate": "2024-07-11",
    "acceptedDate": "2024-07-11 16:38:45",
    "calendarYear": "2024",
    "period": "Q2",
    "revenue": 16658000000,
    "costOfRevenue": 11539000000,
    "grossProfit": 5119000000,
    "grossProfitRatio": 0.3072997959,
    "researchAndDevelopmentExpenses": 0,
    "generalAndAdministrativeExpenses": 519000000,
    "sellingAndMarketingExpenses": 672000000,
    "sellingGeneralAndAdministrativeExpenses": 1191000000,
    "otherExpenses": 1661000000,
    "operatingExpenses": 2852000000,
    "costAndExpenses": 14391000000,
    "interestIncome": 0,
    "interestExpense": 188000000,
    "depreciationAndAmortization": 620000000,
    "ebitda": 2581000000,
    "ebitdaratio": 0.1549405691,
    "operatingIncome": 2267000000,
    "operatingIncomeRatio": 0.1360907672,
    "totalOtherIncomeExpensesNet": -494000000,
    "incomeBeforeTax": 1773000000,
    "incomeBeforeTaxRatio": 0.1064353464,
    "incomeTaxExpense": 468000000,
    "netIncome": 1305000000,
    "netIncomeRatio": 0.0783407372,
    "eps": 2.04,
    "epsdiluted": 2.01,
    "weightedAverageShsOut": 641000000,
    "weightedAverageShsOutDil": 648000000,
    "link": "https://www.sec.gov/Archives/edgar/data/27904/000002790424000009/0000027904-24-000009-index.htm",
    "finalLink": "https://www.sec.gov/Archives/edgar/data/27904/000002790424000009/dal-20240630.htm"
  },
  {
    "date": "2024-03-31",
    "symbol": "DAL",
    "reportedCurrency": "USD",
    "cik": "0000027904",
    "fillingDate": "2024-04-10",
    "acceptedDate": "2024-04-10 16:17:39",
    "calendarYear": "2024",
    "period": "Q1",
    "revenue": 13748000000,
    "costOfRevenue": 10900000000,
    "grossProfit": 2848000000,
    "grossProfitRatio": 0.2071574047,
    "researchAndDevelopmentExpenses": 0,
    "generalAndAdministrativeExpenses": 125000000,
    "sellingAndMarketingExpenses": 550000000,
    "sellingGeneralAndAdministrativeExpenses": 675000000,
    "otherExpenses": 1559000000,
    "operatingExpenses": 2234000000,
    "costAndExpenses": 13134000000,
    "interestIncome": 0,
    "interestExpense": 205000000,
    "depreciationAndAmortization": 615000000,
    "ebitda": 942000000,
    "ebitdaratio": 0.0685190573,
    "operatingIncome": 614000000,
    "operatingIncomeRatio": 0.0446610416,
    "totalOtherIncomeExpensesNet": -492000000,
    "incomeBeforeTax": 122000000,
    "incomeBeforeTaxRatio": 0.008874018,
    "incomeTaxExpense": 85000000,
    "netIncome": 37000000,
    "netIncomeRatio": 0.0026913006,
    "eps": 0.0578,
    "epsdiluted": 0.0574,
    "weightedAverageShsOut": 640000000,
    "weightedAverageShsOutDil": 645000000,
    "link": "https://www.sec.gov/Archives/edgar/data/27904/000002790424000006/0000027904-24-000006-index.htm",
    "finalLink": "https://www.sec.gov/Archives/edgar/data/27904/000002790424000006/dal-20240331.htm"
  },
  {
    "date": "2023-12-31",
    "symbol": "DAL",
    "reportedCurrency": "USD",
    "cik": "0000027904",
    "fillingDate": "2024-02-12",
    "acceptedDate": "2024-02-12 17:04:29",
    "calendarYear": "2023",
    "period": "Q4",
    "revenue": 14223000000,
    "costOfRevenue": 10735000000,
    "grossProfit": 3488000000,
    "grossProfitRatio": 0.2452365886,
    "researchAndDevelopmentExpenses": 0,
    "generalAndAdministrativeExpenses": 61000000,
    "sellingAndMarketingExpenses": 564000000,
    "sellingGeneralAndAdministrativeExpenses": 625000000,
    "otherExpenses": 1541000000,
    "operatingExpenses": 2166000000,
    "costAndExpenses": 12901000000,
    "interestIncome": 0,
    "interestExpense": 207000000,
    "depreciationAndAmortization": 610000000,
    "ebitda": 3092000000,
    "ebitdaratio": 0.2173943612,
    "operatingIncome": 1322000000,
    "operatingIncomeRatio": 0.0929480419,
    "totalOtherIncomeExpensesNet": 953000000,
    "incomeBeforeTax": 2275000000,
    "incomeBeforeTaxRatio": 0.1599521901,
    "incomeTaxExpense": 238000000,
    "netIncome": 2037000000,
    "netIncomeRatio": 0.1432187302,
    "eps": 3.19,
    "epsdiluted": 3.16,
    "weightedAverageShsOut": 639000000,
    "weightedAverageShsOutDil": 644000000,
    "link": "https://www.sec.gov/Archives/edgar/data/27904/000002790424000003/0000027904-24-000003-index.htm",
    "finalLink": "https://www.sec.gov/Archives/edgar/data/27904/000002790424000003/dal-20231231.htm"
  },
  {
    "date": "2023-09-30",
    "symbol": "DAL",
    "reportedCurrency": "USD",
    "cik": "0000027904",
    "fillingDate": "2023-10-12",
    "acceptedDate": "2023-10-12 16:24:15",
    "calendarYear": "2023",
    "period": "Q3",
    "revenue": 15488000000,
    "costOfRevenue": 11301000000,
    "grossProfit": 4187000000,
    "grossProfitRatio": 0.2703383264,
    "researchAndDevelopmentExpenses": 0,
    "generalAndAdministrativeExpenses": 0,
    "sellingAndMarketingExpenses": 618000000,
    "sellingGeneralAndAdministrativeExpenses": 618000000,
    "otherExpenses": 1585000000,
    "operatingExpenses": 2203000000,
    "costAndExpenses": 13504000000,
    "interestIncome": 0,
    "interestExpense": 196000000,
    "depreciationAndAmortization": 594000000,
    "ebitda": 2311000000,
    "ebitdaratio": 0.1492122934,
    "operatingIncome": 1984000000,
    "operatingIncomeRatio": 0.1280991736,
    "totalOtherIncomeExpensesNet": -463000000,
    "incomeBeforeTax": 1521000000,
    "incomeBeforeTaxRatio": 0.098205062,
    "incomeTaxExpense": 413000000,
    "netIncome": 1108000000,
    "netIncomeRatio": 0.0715392562,
    "eps": 1.73,
    "epsdiluted": 1.72,
    "weightedAverageShsOut": 639000000,
    "weightedAverageShsOutDil": 644000000,
    "link": "https://www.sec.gov/Archives/edgar/data/27904/000002790423000013/0000027904-23-000013-index.htm",
    "finalLink": "https://www.sec.gov/Archives/edgar/data/27904/000002790423000013/dal-20230930.htm"
  },
  {
    "date": "2023-06-30",
    "symbol": "DAL",
    "reportedCurrency": "USD",
    "cik": "0000027904",
    "fillingDate": "2023-07-13",
    "acceptedDate": "2023-07-13 16:42:15",
    "calendarYear": "2023",
    "period": "Q2",
    "revenue": 15578000000,
    "costOfRevenue": 10913000000,
    "grossProfit": 4665000000,
    "grossProfitRatio": 0.299460778,
    "researchAndDevelopmentExpenses": 0,
    "generalAndAdministrativeExpenses": 0,
    "sellingAndMarketingExpenses": 651000000,
    "sellingGeneralAndAdministrativeExpenses": 651000000,
    "otherExpenses": 1523000000,
    "operatingExpenses": 2174000000,
    "costAndExpenses": 13087000000,
    "interestIncome": 0,
    "interestExpense": 203000000,
    "depreciationAndAmortization": 573000000,
    "ebitda": 3093000000,
    "ebitdaratio": 0.1985492361,
    "operatingIncome": 2491000000,
    "operatingIncomeRatio": 0.1599049942,
    "totalOtherIncomeExpensesNet": -174000000,
    "incomeBeforeTax": 2317000000,
    "incomeBeforeTaxRatio": 0.1487353961,
    "incomeTaxExpense": 490000000,
    "netIncome": 1827000000,
    "netIncomeRatio": 0.1172807806,
    "eps": 2.86,
    "epsdiluted": 2.85,
    "weightedAverageShsOut": 639000000,
    "weightedAverageShsOutDil": 642000000,
    "link": "https://www.sec.gov/Archives/edgar/data/27904/000002790423000009/0000027904-23-000009-index.htm",
    "finalLink": "https://www.sec.gov/Archives/edgar/data/27904/000002790423000009/dal-20230630.htm"
  },
  {
    "date": "2023-03-31",
    "symbol": "DAL",
    "reportedCurrency": "USD",
    "cik": "0000027904",
    "fillingDate": "2023-04-13",
    "acceptedDate": "2023-04-13 16:24:48",
    "calendarYear": "2023",
    "period": "Q1",
    "revenue": 12759000000,
    "costOfRevenue": 10963000000,
    "grossProfit": 1796000000,
    "grossProfitRatio": 0.1407633827,
    "researchAndDevelopmentExpenses": 0,
    "generalAndAdministrativeExpenses": 0,
    "sellingAndMarketingExpenses": 500000000,
    "sellingGeneralAndAdministrativeExpenses": 500000000,
    "otherExpenses": 1573000000,
    "operatingExpenses": 2073000000,
    "costAndExpenses": 13036000000,
    "interestIncome": 0,
    "interestExpense": 227000000,
    "depreciationAndAmortization": 564000000,
    "ebitda": 285000000,
    "ebitdaratio": 0.0223371738,
    "operatingIncome": -277000000,
    "operatingIncomeRatio": -0.0217101654,
    "totalOtherIncomeExpensesNet": -229000000,
    "incomeBeforeTax": -506000000,
    "incomeBeforeTaxRatio": -0.0396582804,
    "incomeTaxExpense": -143000000,
    "netIncome": -363000000,
    "netIncomeRatio": -0.0284505055,
    "eps": -0.57,
    "epsdiluted": -0.57,
    "weightedAverageShsOut": 639000000,
    "weightedAverageShsOutDil": 639000000,
    "link": "https://www.sec.gov/Archives/edgar/data/27904/000002790423000006/0000027904-23-000006-index.htm",
    "finalLink": "https://www.sec.gov/Archives/edgar/data/27904/000002790423000006/dal-20230331.htm"
  },
  {
    "date": "2022-12-31",
    "symbol": "DAL",
    "reportedCurrency": "USD",
    "cik": "0000027904",
    "fillingDate": "2023-02-10",
    "acceptedDate": "2023-02-10 16:38:33",
    "calendarYear": "2022",
    "period": "Q4",
    "revenue": 13435000000,
    "costOfRevenue": 10164000000,
    "grossProfit": 3271000000,
    "grossProfitRatio": 0.2434685523,
    "researchAndDevelopmentExpenses": 0,
    "generalAndAdministrativeExpenses": -74000000,
    "sellingAndMarketingExpenses": 506000000,
    "sellingGeneralAndAdministrativeExpenses": 432000000,
    "otherExpenses": 1369000000,
    "operatingExpenses": 1801000000,
    "costAndExpenses": 11965000000,
    "interestIncome": 0,
    "interestExpense": 238000000,
    "depreciationAndAmortization": 554000000,
    "ebitda": 1912000000,
    "ebitdaratio": 0.1423148493,
    "operatingIncome": 1470000000,
    "operatingIncomeRatio": 0.1094157052,
    "totalOtherIncomeExpensesNet": -350000000,
    "incomeBeforeTax": 1120000000,
    "incomeBeforeTaxRatio": 0.0833643469,
    "incomeTaxExpense": 291000000,
    "netIncome": 829000000,
    "netIncomeRatio": 0.0617045032,
    "eps": 1.3,
    "epsdiluted": 1.29,
    "weightedAverageShsOut": 638000000,
    "weightedAverageShsOutDil": 641000000,
    "link": "https://www.sec.gov/Archives/edgar/data/27904/000002790423000003/0000027904-23-000003-index.htm",
    "finalLink": "https://www.sec.gov/Archives/edgar/data/27904/000002790423000003/dal-20221231.htm"
  },
  {
    "date": "2022-09-30",
    "symbol": "DAL",
    "reportedCurrency": "USD",
    "cik": "0000027904",
    "fillingDate": "2022-10-13",
    "acceptedDate": "2022-10-13 16:28:04",
    "calendarYear": "2022",
    "period": "Q3",
    "revenue": 13975000000,
    "costOfRevenue": 10606000000,
    "grossProfit": 3369000000,
    "grossProfitRatio": 0.2410733453,
    "researchAndDevelopmentExpenses": 0,
    "generalAndAdministrativeExpenses": -73000000,
    "sellingAndMarketingExpenses": 546000000,
    "sellingGeneralAndAdministrativeExpenses": 473000000,
    "otherExpenses": 1440000000,
    "operatingExpenses": 1913000000,
    "costAndExpenses": 12519000000,
    "interestIncome": 0,
    "interestExpense": 248000000,
    "depreciationAndAmortization": 538000000,
    "ebitda": 1748000000,
    "ebitdaratio": 0.1250805009,
    "operatingIncome": 1456000000,
    "operatingIncomeRatio": 0.1041860465,
    "totalOtherIncomeExpensesNet": -494000000,
    "incomeBeforeTax": 962000000,
    "incomeBeforeTaxRatio": 0.0688372093,
    "incomeTaxExpense": 267000000,
    "netIncome": 695000000,
    "netIncomeRatio": 0.0497316637,
    "eps": 1.09,
    "epsdiluted": 1.08,
    "weightedAverageShsOut": 638000000,
    "weightedAverageShsOutDil": 641000000,
    "link": "https://www.sec.gov/Archives/edgar/data/27904/000002790422000013/0000027904-22-000013-index.htm",
    "finalLink": "https://www.sec.gov/Archives/edgar/data/27904/000002790422000013/dal-20220930.htm"
  },
  {
    "date": "2022-06-30",
    "symbol": "DAL",
    "reportedCurrency": "USD",
    "cik": "0000027904",
    "fillingDate": "2022-07-13",
    "acceptedDate": "2022-07-13 16:22:49",
    "calendarYear": "2022",
    "period": "Q2",
    "revenue": 13824000000,
    "costOfRevenue": 10552000000,
    "grossProfit": 3272000000,
    "grossProfitRatio": 0.2366898148,
    "researchAndDevelopmentExpenses": 0,
    "generalAndAdministrativeExpenses": -73000000,
    "sellingAndMarketingExpenses": 526000000,
    "sellingGeneralAndAdministrativeExpenses": 453000000,
    "otherExpenses": 1300000000,
    "operatingExpenses": 1753000000,
    "costAndExpenses": 12305000000,
    "interestIncome": 0,
    "interestExpense": 269000000,
    "depreciationAndAmortization": 510000000,
    "ebitda": 1812000000,
    "ebitdaratio": 0.1310763889,
    "operatingIncome": 1519000000,
    "operatingIncomeRatio": 0.1098813657,
    "totalOtherIncomeExpensesNet": -486000000,
    "incomeBeforeTax": 1033000000,
    "incomeBeforeTaxRatio": 0.0747251157,
    "incomeTaxExpense": 298000000,
    "netIncome": 735000000,
    "netIncomeRatio": 0.0531684028,
    "eps": 1.15,
    "epsdiluted": 1.15,
    "weightedAverageShsOut": 638000000,
    "weightedAverageShsOutDil": 641000000,
    "link": "https://www.sec.gov/Archives/edgar/data/27904/000002790422000010/0000027904-22-000010-index.htm",
    "finalLink": "https://www.sec.gov/Archives/edgar/data/27904/000002790422000010/dal-20220630.htm"
  },
  {
    "date": "2022-03-31",
    "symbol": "DAL",
    "reportedCurrency": "USD",
    "cik": "0000027904",
    "fillingDate": "2022-04-13",
    "acceptedDate": "2022-04-13 16:38:41",
    "calendarYear": "2022",
    "period": "Q1",
    "revenue": 9348000000,
    "costOfRevenue": 8663000000,
    "grossProfit": 685000000,
    "grossProfitRatio": 0.0732777065,
    "researchAndDevelopmentExpenses": 0,
    "generalAndAdministrativeExpenses": -73000000,
    "sellingAndMarketingExpenses": 312000000,
    "sellingGeneralAndAdministrativeExpenses": 239000000,
    "otherExpenses": 1229000000,
    "operatingExpenses": 1468000000,
    "costAndExpenses": 10131000000,
    "interestIncome": 0,
    "interestExpense": 274000000,
    "depreciationAndAmortization": 506000000,
    "ebitda": -420000000,
    "ebitdaratio": -0.0449293967,
    "operatingIncome": -783000000,
    "operatingIncomeRatio": -0.0837612323,
    "totalOtherIncomeExpensesNet": -417000000,
    "incomeBeforeTax": -1200000000,
    "incomeBeforeTaxRatio": -0.1283697047,
    "incomeTaxExpense": -260000000,
    "netIncome": -940000000,
    "netIncomeRatio": -0.1005562687,
    "eps": -1.48,
    "epsdiluted": -1.48,
    "weightedAverageShsOut": 635135135,
    "weightedAverageShsOutDil": 637000000,
    "link": "https://www.sec.gov/Archives/edgar/data/27904/000002790422000006/0000027904-22-000006-index.htm",
    "finalLink": "https://www.sec.gov/Archives/edgar/data/27904/000002790422000006/dal-20220331.htm"
  },
  {
    "date": "2021-12-31",
    "symbol": "DAL",
    "reportedCurrency": "USD",
    "cik": "0000027904",
    "fillingDate": "2022-02-11",
    "acceptedDate": "2022-02-11 16:49:30",
    "calendarYear": "2021",
    "period": "Q4",
    "revenue": 9470000000,
    "costOfRevenue": 7814000000,
    "grossProfit": 1656000000,
    "grossProfitRatio": 0.1748680042,
    "researchAndDevelopmentExpenses": 0,
    "generalAndAdministrativeExpenses": -451000000,
    "sellingAndMarketingExpenses": 313000000,
    "sellingGeneralAndAdministrativeExpenses": -138000000,
    "otherExpenses": 1531000000,
    "operatingExpenses": 1393000000,
    "costAndExpenses": 9207000000,
    "interestIncome": 0,
    "interestExpense": 265000000,
    "depreciationAndAmortization": 504000000,
    "ebitda": 374000000,
    "ebitdaratio": 0.0394931362,
    "operatingIncome": 263000000,
    "operatingIncomeRatio": 0.0277719113,
    "totalOtherIncomeExpensesNet": -658000000,
    "incomeBeforeTax": -395000000,
    "incomeBeforeTaxRatio": -0.0417106653,
    "incomeTaxExpense": 13000000,
    "netIncome": -408000000,
    "netIncomeRatio": -0.0430834213,
    "eps": -0.64,
    "epsdiluted": -0.64,
    "weightedAverageShsOut": 636000000,
    "weightedAverageShsOutDil": 637000000,
    "link": "https://www.sec.gov/Archives/edgar/data/27904/000002790422000003/0000027904-22-000003-index.htm",
    "finalLink": "https://www.sec.gov/Archives/edgar/data/27904/000002790422000003/dal-20211231.htm"
  },
  {
    "date": "2021-09-30",
    "symbol": "DAL",
    "reportedCurrency": "USD",
    "cik": "0000027904",
    "fillingDate": "2021-10-13",
    "acceptedDate": "2021-10-13 16:12:36",
    "calendarYear": "2021",
    "period": "Q3",
    "revenue": 9154000000,
    "costOfRevenue": 7439000000,
    "grossProfit": 1715000000,
    "grossProfitRatio": 0.1873497924,
    "researchAndDevelopmentExpenses": 0,
    "generalAndAdministrativeExpenses": -111000000,
    "sellingAndMarketingExpenses": 308000000,
    "sellingGeneralAndAdministrativeExpenses": 197000000,
    "otherExpenses": -687000000,
    "operatingExpenses": -490000000,
    "costAndExpenses": 6949000000,
    "interestIncome": 0,
    "interestExpense": 314000000,
    "depreciationAndAmortization": 501000000,
    "ebitda": 2347000000,
    "ebitdaratio": 0.2563906489,
    "operatingIncome": 2205000000,
    "operatingIncomeRatio": 0.2408783046,
    "totalOtherIncomeExpensesNet": -673000000,
    "incomeBeforeTax": 1532000000,
    "incomeBeforeTaxRatio": 0.1673585318,
    "incomeTaxExpense": 320000000,
    "netIncome": 1212000000,
    "netIncomeRatio": 0.1324011361,
    "eps": 1.9,
    "epsdiluted": 1.89,
    "weightedAverageShsOut": 637000000,
    "weightedAverageShsOutDil": 641000000,
    "link": "https://www.sec.gov/Archives/edgar/data/27904/000002790421000012/0000027904-21-000012-index.htm",
    "finalLink": "https://www.sec.gov/Archives/edgar/data/27904/000002790421000012/dal-20210930.htm"
  },
  {
    "date": "2021-06-30",
    "symbol": "DAL",
    "reportedCurrency": "USD",
    "cik": "0000027904",
    "fillingDate": "2021-07-14",
    "acceptedDate": "2021-07-14 16:39:29",
    "calendarYear": "2021",
    "period": "Q2",
    "revenue": 7126000000,
    "costOfRevenue": 6684000000,
    "grossProfit": 442000000,
    "grossProfitRatio": 0.0620263823,
    "researchAndDevelopmentExpenses": 0,
    "generalAndAdministrativeExpenses": -119000000,
    "sellingAndMarketingExpenses": 222000000,
    "sellingGeneralAndAdministrativeExpenses": 103000000,
    "otherExpenses": -477000000,
    "operatingExpenses": -374000000,
    "costAndExpenses": 6310000000,
    "interestIncome": 0,
    "interestExpense": 338000000,
    "depreciationAndAmortization": 501000000,
    "ebitda": 1615000000,
    "ebitdaratio": 0.2266348583,
    "operatingIncome": 816000000,
    "operatingIncomeRatio": 0.1145102442,
    "totalOtherIncomeExpensesNet": -40000000,
    "incomeBeforeTax": 776000000,
    "incomeBeforeTaxRatio": 0.1088969969,
    "incomeTaxExpense": 124000000,
    "netIncome": 652000000,
    "netIncomeRatio": 0.0914959304,
    "eps": 1.02,
    "epsdiluted": 1.02,
    "weightedAverageShsOut": 637000000,
    "weightedAverageShsOutDil": 642000000,
    "link": "https://www.sec.gov/Archives/edgar/data/27904/000002790421000009/0000027904-21-000009-index.htm",
    "finalLink": "https://www.sec.gov/Archives/edgar/data/27904/000002790421000009/dal-20210630.htm"
  },
  {
    "date": "2021-03-31",
    "symbol": "DAL",
    "reportedCurrency": "USD",
    "cik": "0000027904",
    "fillingDate": "2021-04-15",
    "acceptedDate": "2021-04-15 16:44:58",
    "calendarYear": "2021",
    "period": "Q1",
    "revenue": 4150000000,
    "costOfRevenue": 5827000000,
    "grossProfit": -1677000000,
    "grossProfitRatio": -0.4040963855,
    "researchAndDevelopmentExpenses": 0,
    "generalAndAdministrativeExpenses": -107000000,
    "sellingAndMarketingExpenses": 110000000,
    "sellingGeneralAndAdministrativeExpenses": 3000000,
    "otherExpenses": -282000000,
    "operatingExpenses": -279000000,
    "costAndExpenses": 5548000000,
    "interestIncome": 0,
    "interestExpense": 361000000,
    "depreciationAndAmortization": 492000000,
    "ebitda": -662000000,
    "ebitdaratio": -0.1595180723,
    "operatingIncome": -1398000000,
    "operatingIncomeRatio": -0.3368674699,
    "totalOtherIncomeExpensesNet": -117000000,
    "incomeBeforeTax": -1515000000,
    "incomeBeforeTaxRatio": -0.365060241,
    "incomeTaxExpense": -338000000,
    "netIncome": -1177000000,
    "netIncomeRatio": -0.2836144578,
    "eps": -1.85,
    "epsdiluted": -1.85,
    "weightedAverageShsOut": 636000000,
    "weightedAverageShsOutDil": 636000000,
    "link": "https://www.sec.gov/Archives/edgar/data/27904/000002790421000006/0000027904-21-000006-index.htm",
    "finalLink": "https://www.sec.gov/Archives/edgar/data/27904/000002790421000006/dal-20210331.htm"
  },
  {
    "date": "2020-12-31",
    "symbol": "DAL",
    "reportedCurrency": "USD",
    "cik": "0000027904",
    "fillingDate": "2021-02-12",
    "acceptedDate": "2021-02-12 17:27:56",
    "calendarYear": "2020",
    "period": "Q4",
    "revenue": 3973000000,
    "costOfRevenue": 5078000000,
    "grossProfit": -1105000000,
    "grossProfitRatio": -0.2781273597,
    "researchAndDevelopmentExpenses": 0,
    "generalAndAdministrativeExpenses": 0,
    "sellingAndMarketingExpenses": 84000000,
    "sellingGeneralAndAdministrativeExpenses": 84000000,
    "otherExpenses": -331000000,
    "operatingExpenses": -247000000,
    "costAndExpenses": 4831000000,
    "interestIncome": 0,
    "interestExpense": 365000000,
    "depreciationAndAmortization": 499000000,
    "ebitda": -244000000,
    "ebitdaratio": -0.0614145482,
    "operatingIncome": -858000000,
    "operatingIncomeRatio": -0.2159577146,
    "totalOtherIncomeExpensesNet": -250000000,
    "incomeBeforeTax": -1108000000,
    "incomeBeforeTaxRatio": -0.2788824566,
    "incomeTaxExpense": -353000000,
    "netIncome": -755000000,
    "netIncomeRatio": -0.1900327209,
    "eps": -1.19,
    "epsdiluted": -1.19,
    "weightedAverageShsOut": 633456221,
    "weightedAverageShsOutDil": 635000000,
    "link": "https://www.sec.gov/Archives/edgar/data/27904/000002790421000003/0000027904-21-000003-index.htm",
    "finalLink": "https://www.sec.gov/Archives/edgar/data/27904/000002790421000003/dal-20201231.htm"
  },
  {
    "date": "2020-09-30",
    "symbol": "DAL",
    "reportedCurrency": "USD",
    "cik": "0000027904",
    "fillingDate": "2020-10-14",
    "acceptedDate": "2020-10-13 20:24:45",
    "calendarYear": "2020",
    "period": "Q3",
    "revenue": 3062000000,
    "costOfRevenue": 4649000000,
    "grossProfit": -1587000000,
    "grossProfitRatio": -0.5182887002,
    "researchAndDevelopmentExpenses": 0,
    "generalAndAdministrativeExpenses": 0,
    "sellingAndMarketingExpenses": 100000000,
    "sellingGeneralAndAdministrativeExpenses": 100000000,
    "otherExpenses": 4699000000,
    "operatingExpenses": 4799000000,
    "costAndExpenses": 9448000000,
    "interestIncome": 0,
    "interestExpense": 291000000,
    "depreciationAndAmortization": 544000000,
    "ebitda": -6024000000,
    "ebitdaratio": -1.9673416068,
    "operatingIncome": -6386000000,
    "operatingIncomeRatio": -2.0855649902,
    "totalOtherIncomeExpensesNet": -473000000,
    "incomeBeforeTax": -6859000000,
    "incomeBeforeTaxRatio": -2.2400391901,
    "incomeTaxExpense": -1480000000,
    "netIncome": -5379000000,
    "netIncomeRatio": -1.7566949706,
    "eps": -8.47,
    "epsdiluted": -8.47,
    "weightedAverageShsOut": 635000000,
    "weightedAverageShsOutDil": 635000000,
    "link": "https://www.sec.gov/Archives/edgar/data/27904/000002790420000013/0000027904-20-000013-index.htm",
    "finalLink": "https://www.sec.gov/Archives/edgar/data/27904/000002790420000013/dal-20200930.htm"
  },
  {
    "date": "2020-06-30",
    "symbol": "DAL",
    "reportedCurrency": "USD",
    "cik": "0000027904",
    "fillingDate": "2020-07-15",
    "acceptedDate": "2020-07-14 18:23:01",
    "calendarYear": "2020",
    "period": "Q2",
    "revenue": 1468000000,
    "costOfRevenue": 4481000000,
    "grossProfit": -3013000000,
    "grossProfitRatio": -2.0524523161,
    "researchAndDevelopmentExpenses": 0,
    "generalAndAdministrativeExpenses": 0,
    "sellingAndMarketingExpenses": 50000000,
    "sellingGeneralAndAdministrativeExpenses": 50000000,
    "otherExpenses": 1752000000,
    "operatingExpenses": 1802000000,
    "costAndExpenses": 6283000000,
    "interestIncome": 0,
    "interestExpense": 194000000,
    "depreciationAndAmortization": 589000000,
    "ebitda": -6231000000,
    "ebitdaratio": -4.2445504087,
    "operatingIncome": -4815000000,
    "operatingIncomeRatio": -3.279972752,
    "totalOtherIncomeExpensesNet": -2199000000,
    "incomeBeforeTax": -7014000000,
    "incomeBeforeTaxRatio": -4.7779291553,
    "incomeTaxExpense": -1297000000,
    "netIncome": -5717000000,
    "netIncomeRatio": -3.8944141689,
    "eps": -9.01,
    "epsdiluted": -9,
    "weightedAverageShsOut": 634517203,
    "weightedAverageShsOutDil": 635000000,
    "link": "https://www.sec.gov/Archives/edgar/data/27904/000002790420000010/0000027904-20-000010-index.htm",
    "finalLink": "https://www.sec.gov/Archives/edgar/data/27904/000002790420000010/dal-20200630.htm"
  },
  {
    "date": "2020-03-31",
    "symbol": "DAL",
    "reportedCurrency": "USD",
    "cik": "0000027904",
    "fillingDate": "2020-04-22",
    "acceptedDate": "2020-04-22 08:02:54",
    "calendarYear": "2020",
    "period": "Q1",
    "revenue": 8592000000,
    "costOfRevenue": 7323000000,
    "grossProfit": 1269000000,
    "grossProfitRatio": 0.1476955307,
    "researchAndDevelopmentExpenses": 0,
    "generalAndAdministrativeExpenses": 0,
    "sellingAndMarketingExpenses": 398000000,
    "sellingGeneralAndAdministrativeExpenses": 398000000,
    "otherExpenses": 1281000000,
    "operatingExpenses": 1679000000,
    "costAndExpenses": 9002000000,
    "interestIncome": 0,
    "interestExpense": 79000000,
    "depreciationAndAmortization": 678000000,
    "ebitda": 150000000,
    "ebitdaratio": 0.0174581006,
    "operatingIncome": -410000000,
    "operatingIncomeRatio": -0.0477188082,
    "totalOtherIncomeExpensesNet": -197000000,
    "incomeBeforeTax": -607000000,
    "incomeBeforeTaxRatio": -0.0706471136,
    "incomeTaxExpense": -73000000,
    "netIncome": -534000000,
    "netIncomeRatio": -0.062150838,
    "eps": -0.84,
    "epsdiluted": -0.84,
    "weightedAverageShsOut": 635714285,
    "weightedAverageShsOutDil": 637000000,
    "link": "https://www.sec.gov/Archives/edgar/data/27904/000002790420000007/0000027904-20-000007-index.htm",
    "finalLink": "https://www.sec.gov/Archives/edgar/data/27904/000002790420000007/dal-20200331.htm"
  },
  {
    "date": "2019-12-31",
    "symbol": "DAL",
    "reportedCurrency": "USD",
    "cik": "0000027904",
    "fillingDate": "2020-02-13",
    "acceptedDate": "2020-02-12 21:32:24",
    "calendarYear": "2019",
    "period": "Q4",
    "revenue": 11439000000,
    "costOfRevenue": 8431000000,
    "grossProfit": 3008000000,
    "grossProfitRatio": 0.262960049,
    "researchAndDevelopmentExpenses": 0,
    "generalAndAdministrativeExpenses": 0,
    "sellingAndMarketingExpenses": 488000000,
    "sellingGeneralAndAdministrativeExpenses": 488000000,
    "otherExpenses": 1121000000,
    "operatingExpenses": 1609000000,
    "costAndExpenses": 10040000000,
    "interestIncome": 0,
    "interestExpense": 73000000,
    "depreciationAndAmortization": 622000000,
    "ebitda": 2093000000,
    "ebitdaratio": 0.1829705394,
    "operatingIncome": 1399000000,
    "operatingIncomeRatio": 0.1223009004,
    "totalOtherIncomeExpensesNet": -1000000,
    "incomeBeforeTax": 1398000000,
    "incomeBeforeTaxRatio": 0.1222134802,
    "incomeTaxExpense": 300000000,
    "netIncome": 1098000000,
    "netIncomeRatio": 0.0959874115,
    "eps": 1.71,
    "epsdiluted": 1.71,
    "weightedAverageShsOut": 642000000,
    "weightedAverageShsOutDil": 644000000,
    "link": "https://www.sec.gov/Archives/edgar/data/27904/000002790420000004/0000027904-20-000004-index.htm",
    "finalLink": "https://www.sec.gov/Archives/edgar/data/27904/000002790420000004/dal-20191231.htm"
  },
  {
    "date": "2019-09-30",
    "symbol": "DAL",
    "reportedCurrency": "USD",
    "cik": "0000027904",
    "fillingDate": "2019-10-10",
    "acceptedDate": "2019-10-10 16:21:30",
    "calendarYear": "2019",
    "period": "Q3",
    "revenue": 12560000000,
    "costOfRevenue": 8789000000,
    "grossProfit": 3771000000,
    "grossProfitRatio": 0.3002388535,
    "researchAndDevelopmentExpenses": 0,
    "generalAndAdministrativeExpenses": 0,
    "sellingAndMarketingExpenses": 539000000,
    "sellingGeneralAndAdministrativeExpenses": 539000000,
    "otherExpenses": 1161000000,
    "operatingExpenses": 1700000000,
    "costAndExpenses": 10489000000,
    "interestIncome": 0,
    "interestExpense": 70000000,
    "depreciationAndAmortization": 632000000,
    "ebitda": 2649000000,
    "ebitdaratio": 0.2109076433,
    "operatingIncome": 2071000000,
    "operatingIncomeRatio": 0.164888535,
    "totalOtherIncomeExpensesNet": -124000000,
    "incomeBeforeTax": 1947000000,
    "incomeBeforeTaxRatio": 0.1550159236,
    "incomeTaxExpense": 452000000,
    "netIncome": 1495000000,
    "netIncomeRatio": 0.1190286624,
    "eps": 2.31,
    "epsdiluted": 2.31,
    "weightedAverageShsOut": 646000000,
    "weightedAverageShsOutDil": 648000000,
    "link": "https://www.sec.gov/Archives/edgar/data/27904/000002790419000012/0000027904-19-000012-index.htm",
    "finalLink": "https://www.sec.gov/Archives/edgar/data/27904/000002790419000012/dal930201910q.htm"
  },
  {
    "date": "2019-06-30",
    "symbol": "DAL",
    "reportedCurrency": "USD",
    "cik": "0000027904",
    "fillingDate": "2019-07-11",
    "acceptedDate": "2019-07-11 16:25:49",
    "calendarYear": "2019",
    "period": "Q2",
    "revenue": 12536000000,
    "costOfRevenue": 8800000000,
    "grossProfit": 3736000000,
    "grossProfitRatio": 0.2980216975,
    "researchAndDevelopmentExpenses": 0,
    "generalAndAdministrativeExpenses": 0,
    "sellingAndMarketingExpenses": 538000000,
    "sellingGeneralAndAdministrativeExpenses": 538000000,
    "otherExpenses": 1070000000,
    "operatingExpenses": 1608000000,
    "costAndExpenses": 10408000000,
    "interestIncome": 0,
    "interestExpense": 75000000,
    "depreciationAndAmortization": 713000000,
    "ebitda": 2695000000,
    "ebitdaratio": 0.2149808551,
    "operatingIncome": 2128000000,
    "operatingIncomeRatio": 0.1697511168,
    "totalOtherIncomeExpensesNet": -221000000,
    "incomeBeforeTax": 1907000000,
    "incomeBeforeTaxRatio": 0.152121889,
    "incomeTaxExpense": 464000000,
    "netIncome": 1443000000,
    "netIncomeRatio": 0.1151084876,
    "eps": 2.22,
    "epsdiluted": 2.21,
    "weightedAverageShsOut": 650000000,
    "weightedAverageShsOutDil": 652000000,
    "link": "https://www.sec.gov/Archives/edgar/data/27904/000002790419000008/0000027904-19-000008-index.htm",
    "finalLink": "https://www.sec.gov/Archives/edgar/data/27904/000002790419000008/dal630201910q.htm"
  },
  {
    "date": "2019-03-31",
    "symbol": "DAL",
    "reportedCurrency": "USD",
    "cik": "0000027904",
    "fillingDate": "2019-04-10",
    "acceptedDate": "2019-04-10 16:20:17",
    "calendarYear": "2019",
    "period": "Q1",
    "revenue": 10472000000,
    "costOfRevenue": 7964000000,
    "grossProfit": 2508000000,
    "grossProfitRatio": 0.2394957983,
    "researchAndDevelopmentExpenses": 0,
    "generalAndAdministrativeExpenses": 0,
    "sellingAndMarketingExpenses": 427000000,
    "sellingGeneralAndAdministrativeExpenses": 427000000,
    "otherExpenses": 1061000000,
    "operatingExpenses": 1488000000,
    "costAndExpenses": 9452000000,
    "interestIncome": 0,
    "interestExpense": 83000000,
    "depreciationAndAmortization": 615000000,
    "ebitda": 1644000000,
    "ebitdaratio": 0.1569900688,
    "operatingIncome": 1020000000,
    "operatingIncomeRatio": 0.0974025974,
    "totalOtherIncomeExpensesNet": -74000000,
    "incomeBeforeTax": 946000000,
    "incomeBeforeTaxRatio": 0.0903361345,
    "incomeTaxExpense": 216000000,
    "netIncome": 730000000,
    "netIncomeRatio": 0.0697097021,
    "eps": 1.1,
    "epsdiluted": 1.09,
    "weightedAverageShsOut": 665000000,
    "weightedAverageShsOutDil": 667000000,
    "link": "https://www.sec.gov/Archives/edgar/data/27904/000002790419000005/0000027904-19-000005-index.htm",
    "finalLink": "https://www.sec.gov/Archives/edgar/data/27904/000002790419000005/dal331201910q.htm"
  },
  {
    "date": "2018-12-31",
    "symbol": "DAL",
    "reportedCurrency": "USD",
    "cik": "0000027904",
    "fillingDate": "2019-02-15",
    "acceptedDate": "2019-02-15 16:05:46",
    "calendarYear": "2018",
    "period": "Q4",
    "revenue": 10742000000,
    "costOfRevenue": 8224000000,
    "grossProfit": 2518000000,
    "grossProfitRatio": 0.2344070006,
    "researchAndDevelopmentExpenses": 0,
    "generalAndAdministrativeExpenses": 0,
    "sellingAndMarketingExpenses": 468000000,
    "sellingGeneralAndAdministrativeExpenses": 468000000,
    "otherExpenses": 947000000,
    "operatingExpenses": 1415000000,
    "costAndExpenses": 9639000000,
    "interestIncome": 0,
    "interestExpense": 37000000,
    "depreciationAndAmortization": 570000000,
    "ebitda": 1994000000,
    "ebitdaratio": 0.1856265128,
    "operatingIncome": 1103000000,
    "operatingIncomeRatio": 0.102681065,
    "totalOtherIncomeExpensesNet": 284000000,
    "incomeBeforeTax": 1387000000,
    "incomeBeforeTaxRatio": 0.1291193446,
    "incomeTaxExpense": 336000000,
    "netIncome": 1051000000,
    "netIncomeRatio": 0.0978402532,
    "eps": 1.5,
    "epsdiluted": 1.49,
    "weightedAverageShsOut": 680000000,
    "weightedAverageShsOutDil": 683000000,
    "link": "https://www.sec.gov/Archives/edgar/data/27904/000002790419000003/0000027904-19-000003-index.htm",
    "finalLink": "https://www.sec.gov/Archives/edgar/data/27904/000002790419000003/dal1231201810k.htm"
  },
  {
    "date": "2018-09-30",
    "symbol": "DAL",
    "reportedCurrency": "USD",
    "cik": "0000027904",
    "fillingDate": "2018-10-11",
    "acceptedDate": "2018-10-11 17:25:12",
    "calendarYear": "2018",
    "period": "Q3",
    "revenue": 11953000000,
    "costOfRevenue": 8756000000,
    "grossProfit": 3197000000,
    "grossProfitRatio": 0.2674642349,
    "researchAndDevelopmentExpenses": 0,
    "generalAndAdministrativeExpenses": 0,
    "sellingAndMarketingExpenses": 535000000,
    "sellingGeneralAndAdministrativeExpenses": 535000000,
    "otherExpenses": 1017000000,
    "operatingExpenses": 1552000000,
    "costAndExpenses": 10308000000,
    "interestIncome": 0,
    "interestExpense": 73000000,
    "depreciationAndAmortization": 66000000,
    "ebitda": 1827000000,
    "ebitdaratio": 0.1528486572,
    "operatingIncome": 1645000000,
    "operatingIncomeRatio": 0.1376223542,
    "totalOtherIncomeExpensesNet": 43000000,
    "incomeBeforeTax": 1688000000,
    "incomeBeforeTaxRatio": 0.1412197775,
    "incomeTaxExpense": 366000000,
    "netIncome": 1322000000,
    "netIncomeRatio": 0.1105998494,
    "eps": 1.91,
    "epsdiluted": 1.91,
    "weightedAverageShsOut": 686000000,
    "weightedAverageShsOutDil": 688000000,
    "link": "https://www.sec.gov/Archives/edgar/data/27904/000002790418000020/0000027904-18-000020-index.htm",
    "finalLink": "https://www.sec.gov/Archives/edgar/data/27904/000002790418000020/dal930201810q.htm"
  },
  {
    "date": "2018-06-30",
    "symbol": "DAL",
    "reportedCurrency": "USD",
    "cik": "0000027904",
    "fillingDate": "2018-07-12",
    "acceptedDate": "2018-07-12 16:24:02",
    "calendarYear": "2018",
    "period": "Q2",
    "revenue": 11775000000,
    "costOfRevenue": 8602000000,
    "grossProfit": 3173000000,
    "grossProfitRatio": 0.2694692144,
    "researchAndDevelopmentExpenses": 0,
    "generalAndAdministrativeExpenses": 0,
    "sellingAndMarketingExpenses": 511000000,
    "sellingGeneralAndAdministrativeExpenses": 511000000,
    "otherExpenses": 978000000,
    "operatingExpenses": 1489000000,
    "costAndExpenses": 10091000000,
    "interestIncome": 0,
    "interestExpense": 79000000,
    "depreciationAndAmortization": 19000000,
    "ebitda": 1484000000,
    "ebitdaratio": 0.126029724,
    "operatingIncome": 1684000000,
    "operatingIncomeRatio": 0.143014862,
    "totalOtherIncomeExpensesNet": -298000000,
    "incomeBeforeTax": 1386000000,
    "incomeBeforeTaxRatio": 0.1177070064,
    "incomeTaxExpense": 350000000,
    "netIncome": 1036000000,
    "netIncomeRatio": 0.0879830149,
    "eps": 1.47,
    "epsdiluted": 1.47,
    "weightedAverageShsOut": 695000000,
    "weightedAverageShsOutDil": 697000000,
    "link": "https://www.sec.gov/Archives/edgar/data/27904/000002790418000016/0000027904-18-000016-index.htm",
    "finalLink": "https://www.sec.gov/Archives/edgar/data/27904/000002790418000016/dal630201810q.htm"
  },
  {
    "date": "2018-03-31",
    "symbol": "DAL",
    "reportedCurrency": "USD",
    "cik": "0000027904",
    "fillingDate": "2018-04-12",
    "acceptedDate": "2018-04-12 17:00:57",
    "calendarYear": "2018",
    "period": "Q1",
    "revenue": 9968000000,
    "costOfRevenue": 7743000000,
    "grossProfit": 2225000000,
    "grossProfitRatio": 0.2232142857,
    "researchAndDevelopmentExpenses": 0,
    "generalAndAdministrativeExpenses": 0,
    "sellingAndMarketingExpenses": 427000000,
    "sellingGeneralAndAdministrativeExpenses": 427000000,
    "otherExpenses": 954000000,
    "operatingExpenses": 1381000000,
    "costAndExpenses": 9124000000,
    "interestIncome": 0,
    "interestExpense": 92000000,
    "depreciationAndAmortization": 610000000,
    "ebitda": 1434000000,
    "ebitdaratio": 0.1438603531,
    "operatingIncome": 844000000,
    "operatingIncomeRatio": 0.084670947,
    "totalOtherIncomeExpensesNet": -112000000,
    "incomeBeforeTax": 732000000,
    "incomeBeforeTaxRatio": 0.073434992,
    "incomeTaxExpense": 175000000,
    "netIncome": 557000000,
    "netIncomeRatio": 0.0558788122,
    "eps": 0.78,
    "epsdiluted": 0.77,
    "weightedAverageShsOut": 704000000,
    "weightedAverageShsOutDil": 706000000,
    "link": "https://www.sec.gov/Archives/edgar/data/27904/000002790418000013/0000027904-18-000013-index.htm",
    "finalLink": "https://www.sec.gov/Archives/edgar/data/27904/000002790418000013/dal331201810q.htm"
  },
  {
    "date": "2017-12-31",
    "symbol": "DAL",
    "reportedCurrency": "USD",
    "cik": "0000027904",
    "fillingDate": "2018-02-23",
    "acceptedDate": "2018-02-23 14:24:23",
    "calendarYear": "2017",
    "period": "Q4",
    "revenue": 10245000000,
    "costOfRevenue": 7395000000,
    "grossProfit": 2850000000,
    "grossProfitRatio": 0.2781844802,
    "researchAndDevelopmentExpenses": 187000000,
    "generalAndAdministrativeExpenses": 0,
    "sellingAndMarketingExpenses": 443000000,
    "sellingGeneralAndAdministrativeExpenses": 443000000,
    "otherExpenses": 1026000000,
    "operatingExpenses": 1656000000,
    "costAndExpenses": 9051000000,
    "interestIncome": 0,
    "interestExpense": 99000000,
    "depreciationAndAmortization": -5000000,
    "ebitda": 1184000000,
    "ebitdaratio": 0.11556857,
    "operatingIncome": 1194000000,
    "operatingIncomeRatio": 0.1165446559,
    "totalOtherIncomeExpensesNet": -104000000,
    "incomeBeforeTax": 1090000000,
    "incomeBeforeTaxRatio": 0.1063933626,
    "incomeTaxExpense": 518000000,
    "netIncome": 572000000,
    "netIncomeRatio": 0.0558321132,
    "eps": 0.42,
    "epsdiluted": 0.42,
    "weightedAverageShsOut": 707197979,
    "weightedAverageShsOutDil": 711904762,
    "link": "https://www.sec.gov/Archives/edgar/data/27904/000002790418000006/0000027904-18-000006-index.htm",
    "finalLink": "https://www.sec.gov/Archives/edgar/data/27904/000002790418000006/dal1231201710k.htm"
  },
  {
    "date": "2017-09-30",
    "symbol": "DAL",
    "reportedCurrency": "USD",
    "cik": "0000027904",
    "fillingDate": "2017-10-11",
    "acceptedDate": "2017-10-11 16:19:44",
    "calendarYear": "2017",
    "period": "Q3",
    "revenue": 11061000000,
    "costOfRevenue": 7765000000,
    "grossProfit": 3296000000,
    "grossProfitRatio": 0.2979839074,
    "researchAndDevelopmentExpenses": 0,
    "generalAndAdministrativeExpenses": 0,
    "sellingAndMarketingExpenses": 499000000,
    "sellingGeneralAndAdministrativeExpenses": 499000000,
    "otherExpenses": 974000000,
    "operatingExpenses": 1473000000,
    "costAndExpenses": 9238000000,
    "interestIncome": 0,
    "interestExpense": 100000000,
    "depreciationAndAmortization": 66000000,
    "ebitda": 1942000000,
    "ebitdaratio": 0.1755718289,
    "operatingIncome": 1823000000,
    "operatingIncomeRatio": 0.164813308,
    "totalOtherIncomeExpensesNet": -47000000,
    "incomeBeforeTax": 1776000000,
    "incomeBeforeTaxRatio": 0.1605641443,
    "incomeTaxExpense": 617000000,
    "netIncome": 1159000000,
    "netIncomeRatio": 0.1047825694,
    "eps": 1.65,
    "epsdiluted": 1.64,
    "weightedAverageShsOut": 716000000,
    "weightedAverageShsOutDil": 719000000,
    "link": "https://www.sec.gov/Archives/edgar/data/27904/000002790417000017/0000027904-17-000017-index.htm",
    "finalLink": "https://www.sec.gov/Archives/edgar/data/27904/000002790417000017/dal930201710q.htm"
  },
  {
    "date": "2017-06-30",
    "symbol": "DAL",
    "reportedCurrency": "USD",
    "cik": "0000027904",
    "fillingDate": "2017-07-13",
    "acceptedDate": "2017-07-13 17:06:37",
    "calendarYear": "2017",
    "period": "Q2",
    "revenue": 10747000000,
    "costOfRevenue": 7346000000,
    "grossProfit": 3401000000,
    "grossProfitRatio": 0.3164604076,
    "researchAndDevelopmentExpenses": 0,
    "generalAndAdministrativeExpenses": 0,
    "sellingAndMarketingExpenses": 467000000,
    "sellingGeneralAndAdministrativeExpenses": 467000000,
    "otherExpenses": 952000000,
    "operatingExpenses": 1419000000,
    "costAndExpenses": 8765000000,
    "interestIncome": 0,
    "interestExpense": 103000000,
    "depreciationAndAmortization": -34000000,
    "ebitda": 1900000000,
    "ebitdaratio": 0.1767935238,
    "operatingIncome": 1982000000,
    "operatingIncomeRatio": 0.1844235601,
    "totalOtherIncomeExpensesNet": -151000000,
    "incomeBeforeTax": 1831000000,
    "incomeBeforeTaxRatio": 0.1703731274,
    "incomeTaxExpense": 645000000,
    "netIncome": 1186000000,
    "netIncomeRatio": 0.1103563785,
    "eps": 1.68,
    "epsdiluted": 1.67,
    "weightedAverageShsOut": 728000000,
    "weightedAverageShsOutDil": 731000000,
    "link": "https://www.sec.gov/Archives/edgar/data/27904/000002790417000013/0000027904-17-000013-index.htm",
    "finalLink": "https://www.sec.gov/Archives/edgar/data/27904/000002790417000013/dal630201710q.htm"
  },
  {
    "date": "2017-03-31",
    "symbol": "DAL",
    "reportedCurrency": "USD",
    "cik": "0000027904",
    "fillingDate": "2017-04-12",
    "acceptedDate": "2017-04-12 17:13:59",
    "calendarYear": "2017",
    "period": "Q1",
    "revenue": 9101000000,
    "costOfRevenue": 6823000000,
    "grossProfit": 2278000000,
    "grossProfitRatio": 0.2503021646,
    "researchAndDevelopmentExpenses": 0,
    "generalAndAdministrativeExpenses": 12000000,
    "sellingAndMarketingExpenses": 404000000,
    "sellingGeneralAndAdministrativeExpenses": 404000000,
    "otherExpenses": 875000000,
    "operatingExpenses": 1279000000,
    "costAndExpenses": 8102000000,
    "interestIncome": 0,
    "interestExpense": 94000000,
    "depreciationAndAmortization": 540000000,
    "ebitda": 1483000000,
    "ebitdaratio": 0.1629491265,
    "operatingIncome": 999000000,
    "operatingIncomeRatio": 0.1097681573,
    "totalOtherIncomeExpensesNet": -150000000,
    "incomeBeforeTax": 849000000,
    "incomeBeforeTaxRatio": 0.093286452,
    "incomeTaxExpense": 288000000,
    "netIncome": 561000000,
    "netIncomeRatio": 0.0616415778,
    "eps": 0.83,
    "epsdiluted": 0.82,
    "weightedAverageShsOut": 728000000,
    "weightedAverageShsOutDil": 731000000,
    "link": "https://www.sec.gov/Archives/edgar/data/27904/000002790417000008/0000027904-17-000008-index.htm",
    "finalLink": "https://www.sec.gov/Archives/edgar/data/27904/000002790417000008/dal331201710q.htm"
  },
  {
    "date": "2016-12-31",
    "symbol": "DAL",
    "reportedCurrency": "USD",
    "cik": "0000027904",
    "fillingDate": "2017-04-12",
    "acceptedDate": "2017-04-12 17:10:09",
    "calendarYear": "2016",
    "period": "Q4",
    "revenue": 9458000000,
    "costOfRevenue": 7027000000,
    "grossProfit": 2431000000,
    "grossProfitRatio": 0.2570310848,
    "researchAndDevelopmentExpenses": 0,
    "generalAndAdministrativeExpenses": 0,
    "sellingAndMarketingExpenses": 419000000,
    "sellingGeneralAndAdministrativeExpenses": 419000000,
    "otherExpenses": 992000000,
    "operatingExpenses": 1411000000,
    "costAndExpenses": 8438000000,
    "interestIncome": 0,
    "interestExpense": 93000000,
    "depreciationAndAmortization": 472000000,
    "ebitda": 1517000000,
    "ebitdaratio": 0.1603933178,
    "operatingIncome": 1020000000,
    "operatingIncomeRatio": 0.1078452104,
    "totalOtherIncomeExpensesNet": -68000000,
    "incomeBeforeTax": 952000000,
    "incomeBeforeTaxRatio": 0.1006555297,
    "incomeTaxExpense": 330000000,
    "netIncome": 622000000,
    "netIncomeRatio": 0.0657644322,
    "eps": 0.85,
    "epsdiluted": 0.84,
    "weightedAverageShsOut": 732000000,
    "weightedAverageShsOutDil": 737000000,
    "link": "https://www.sec.gov/Archives/edgar/data/27904/000168316817000904/0001683168-17-000904-index.htm",
    "finalLink": "https://www.sec.gov/Archives/edgar/data/27904/000168316817000904/delta_10ka.htm"
  },
  {
    "date": "2016-09-30",
    "symbol": "DAL",
    "reportedCurrency": "USD",
    "cik": "0000027904",
    "fillingDate": "2016-10-13",
    "acceptedDate": "2016-10-13 16:35:13",
    "calendarYear": "2016",
    "period": "Q3",
    "revenue": 10483000000,
    "costOfRevenue": 7001000000,
    "grossProfit": 3482000000,
    "grossProfitRatio": 0.3321568253,
    "researchAndDevelopmentExpenses": 0,
    "generalAndAdministrativeExpenses": 0,
    "sellingAndMarketingExpenses": 466000000,
    "sellingGeneralAndAdministrativeExpenses": 466000000,
    "otherExpenses": 1047000000,
    "operatingExpenses": 1513000000,
    "costAndExpenses": 8514000000,
    "interestIncome": 0,
    "interestExpense": 95000000,
    "depreciationAndAmortization": 474000000,
    "ebitda": 2469000000,
    "ebitdaratio": 0.235524182,
    "operatingIncome": 1969000000,
    "operatingIncomeRatio": 0.1878279119,
    "totalOtherIncomeExpensesNet": -69000000,
    "incomeBeforeTax": 1900000000,
    "incomeBeforeTaxRatio": 0.1812458266,
    "incomeTaxExpense": 641000000,
    "netIncome": 1259000000,
    "netIncomeRatio": 0.1200992082,
    "eps": 1.7,
    "epsdiluted": 1.69,
    "weightedAverageShsOut": 740000000,
    "weightedAverageShsOutDil": 744000000,
    "link": "https://www.sec.gov/Archives/edgar/data/27904/000002790416000029/0000027904-16-000029-index.htm",
    "finalLink": "https://www.sec.gov/Archives/edgar/data/27904/000002790416000029/dal930201610q.htm"
  },
  {
    "date": "2016-06-30",
    "symbol": "DAL",
    "reportedCurrency": "USD",
    "cik": "0000027904",
    "fillingDate": "2016-07-15",
    "acceptedDate": "2016-07-14 17:33:36",
    "calendarYear": "2016",
    "period": "Q2",
    "revenue": 10447000000,
    "costOfRevenue": 6618000000,
    "grossProfit": 3829000000,
    "grossProfitRatio": 0.3665167034,
    "researchAndDevelopmentExpenses": 0,
    "generalAndAdministrativeExpenses": 0,
    "sellingAndMarketingExpenses": 437000000,
    "sellingGeneralAndAdministrativeExpenses": 437000000,
    "otherExpenses": 969000000,
    "operatingExpenses": 1406000000,
    "costAndExpenses": 8024000000,
    "interestIncome": 0,
    "interestExpense": 93000000,
    "depreciationAndAmortization": 470000000,
    "ebitda": 2913000000,
    "ebitdaratio": 0.2788360295,
    "operatingIncome": 2423000000,
    "operatingIncomeRatio": 0.2319326122,
    "totalOtherIncomeExpensesNet": -73000000,
    "incomeBeforeTax": 2350000000,
    "incomeBeforeTaxRatio": 0.2249449603,
    "incomeTaxExpense": 804000000,
    "netIncome": 1546000000,
    "netIncomeRatio": 0.1479850675,
    "eps": 2.04,
    "epsdiluted": 2.03,
    "weightedAverageShsOut": 758000000,
    "weightedAverageShsOutDil": 763000000,
    "link": "https://www.sec.gov/Archives/edgar/data/27904/000002790416000026/0000027904-16-000026-index.htm",
    "finalLink": "https://www.sec.gov/Archives/edgar/data/27904/000002790416000026/dal630201610q.htm"
  },
  {
    "date": "2016-03-31",
    "symbol": "DAL",
    "reportedCurrency": "USD",
    "cik": "0000027904",
    "fillingDate": "2016-04-14",
    "acceptedDate": "2016-04-14 16:10:55",
    "calendarYear": "2016",
    "period": "Q1",
    "revenue": 9251000000,
    "costOfRevenue": 6354000000,
    "grossProfit": 2897000000,
    "grossProfitRatio": 0.3131553346,
    "researchAndDevelopmentExpenses": 0,
    "generalAndAdministrativeExpenses": 0,
    "sellingAndMarketingExpenses": 388000000,
    "sellingGeneralAndAdministrativeExpenses": 388000000,
    "otherExpenses": 969000000,
    "operatingExpenses": 1357000000,
    "costAndExpenses": 7711000000,
    "interestIncome": 0,
    "interestExpense": 107000000,
    "depreciationAndAmortization": 1000000,
    "ebitda": 1542000000,
    "ebitdaratio": 0.1666846827,
    "operatingIncome": 1540000000,
    "operatingIncomeRatio": 0.1664684899,
    "totalOtherIncomeExpensesNet": -106000000,
    "incomeBeforeTax": 1434000000,
    "incomeBeforeTaxRatio": 0.1550102692,
    "incomeTaxExpense": 488000000,
    "netIncome": 946000000,
    "netIncomeRatio": 0.1022592152,
    "eps": 1.22,
    "epsdiluted": 1.21,
    "weightedAverageShsOut": 774000000,
    "weightedAverageShsOutDil": 780000000,
    "link": "https://www.sec.gov/Archives/edgar/data/27904/000002790416000022/0000027904-16-000022-index.htm",
    "finalLink": "https://www.sec.gov/Archives/edgar/data/27904/000002790416000022/dal331201610q.htm"
  },
  {
    "date": "2015-12-31",
    "symbol": "DAL",
    "reportedCurrency": "USD",
    "cik": "0000027904",
    "fillingDate": "2016-02-05",
    "acceptedDate": "2016-02-05 16:22:04",
    "calendarYear": "2015",
    "period": "Q4",
    "revenue": 9502000000,
    "costOfRevenue": 6517000000,
    "grossProfit": 2985000000,
    "grossProfitRatio": 0.3141443907,
    "researchAndDevelopmentExpenses": 0,
    "generalAndAdministrativeExpenses": 0,
    "sellingAndMarketingExpenses": 402000000,
    "sellingGeneralAndAdministrativeExpenses": 402000000,
    "otherExpenses": 866000000,
    "operatingExpenses": 1268000000,
    "costAndExpenses": 7785000000,
    "interestIncome": 0,
    "interestExpense": 102000000,
    "depreciationAndAmortization": 451000000,
    "ebitda": 2086000000,
    "ebitdaratio": 0.21953273,
    "operatingIncome": 1717000000,
    "operatingIncomeRatio": 0.1806988003,
    "totalOtherIncomeExpensesNet": -184000000,
    "incomeBeforeTax": 1533000000,
    "incomeBeforeTaxRatio": 0.1613344559,
    "incomeTaxExpense": 553000000,
    "netIncome": 980000000,
    "netIncomeRatio": 0.1031361819,
    "eps": 1.26,
    "epsdiluted": 1.25,
    "weightedAverageShsOut": 778000000,
    "weightedAverageShsOutDil": 785000000,
    "link": "https://www.sec.gov/Archives/edgar/data/27904/000002790416000018/0000027904-16-000018-index.htm",
    "finalLink": "https://www.sec.gov/Archives/edgar/data/27904/000002790416000018/dal1231201510k.htm"
  },
  {
    "date": "2015-09-30",
    "symbol": "DAL",
    "reportedCurrency": "USD",
    "cik": "0000027904",
    "fillingDate": "2015-10-14",
    "acceptedDate": "2015-10-14 16:15:09",
    "calendarYear": "2015",
    "period": "Q3",
    "revenue": 11107000000,
    "costOfRevenue": 7389000000,
    "grossProfit": 3718000000,
    "grossProfitRatio": 0.3347438552,
    "researchAndDevelopmentExpenses": 0,
    "generalAndAdministrativeExpenses": 0,
    "sellingAndMarketingExpenses": 463000000,
    "sellingGeneralAndAdministrativeExpenses": 463000000,
    "otherExpenses": 1042000000,
    "operatingExpenses": 1505000000,
    "costAndExpenses": 8894000000,
    "interestIncome": 0,
    "interestExpense": 121000000,
    "depreciationAndAmortization": -20000000,
    "ebitda": 2173000000,
    "ebitdaratio": 0.1956423877,
    "operatingIncome": 2213000000,
    "operatingIncomeRatio": 0.1992437202,
    "totalOtherIncomeExpensesNet": -141000000,
    "incomeBeforeTax": 2072000000,
    "incomeBeforeTaxRatio": 0.1865490231,
    "incomeTaxExpense": 757000000,
    "netIncome": 1315000000,
    "netIncomeRatio": 0.1183938057,
    "eps": 1.67,
    "epsdiluted": 1.65,
    "weightedAverageShsOut": 788000000,
    "weightedAverageShsOutDil": 795000000,
    "link": "https://www.sec.gov/Archives/edgar/data/27904/000002790415000013/0000027904-15-000013-index.htm",
    "finalLink": "https://www.sec.gov/Archives/edgar/data/27904/000002790415000013/dal930201510q.htm"
  },
  {
    "date": "2015-06-30",
    "symbol": "DAL",
    "reportedCurrency": "USD",
    "cik": "0000027904",
    "fillingDate": "2015-07-15",
    "acceptedDate": "2015-07-15 16:28:52",
    "calendarYear": "2015",
    "period": "Q2",
    "revenue": 10707000000,
    "costOfRevenue": 6782000000,
    "grossProfit": 3925000000,
    "grossProfitRatio": 0.3665826095,
    "researchAndDevelopmentExpenses": 0,
    "generalAndAdministrativeExpenses": 0,
    "sellingAndMarketingExpenses": 421000000,
    "sellingGeneralAndAdministrativeExpenses": 421000000,
    "otherExpenses": 1030000000,
    "operatingExpenses": 1451000000,
    "costAndExpenses": 8233000000,
    "interestIncome": 0,
    "interestExpense": 127000000,
    "depreciationAndAmortization": 44000000,
    "ebitda": 2537000000,
    "ebitdaratio": 0.2369477912,
    "operatingIncome": 2474000000,
    "operatingIncomeRatio": 0.23106379,
    "totalOtherIncomeExpensesNet": -108000000,
    "incomeBeforeTax": 2366000000,
    "incomeBeforeTaxRatio": 0.220976931,
    "incomeTaxExpense": 881000000,
    "netIncome": 1485000000,
    "netIncomeRatio": 0.1386943121,
    "eps": 1.85,
    "epsdiluted": 1.83,
    "weightedAverageShsOut": 803000000,
    "weightedAverageShsOutDil": 811000000,
    "link": "https://www.sec.gov/Archives/edgar/data/27904/000002790415000010/0000027904-15-000010-index.htm",
    "finalLink": "https://www.sec.gov/Archives/edgar/data/27904/000002790415000010/dal630201510q.htm"
  },
  {
    "date": "2015-03-31",
    "symbol": "DAL",
    "reportedCurrency": "USD",
    "cik": "0000027904",
    "fillingDate": "2015-04-15",
    "acceptedDate": "2015-04-15 17:02:46",
    "calendarYear": "2015",
    "period": "Q1",
    "revenue": 9388000000,
    "costOfRevenue": 6661000000,
    "grossProfit": 2727000000,
    "grossProfitRatio": 0.2904772049,
    "researchAndDevelopmentExpenses": 0,
    "generalAndAdministrativeExpenses": 0,
    "sellingAndMarketingExpenses": 386000000,
    "sellingGeneralAndAdministrativeExpenses": 386000000,
    "otherExpenses": 943000000,
    "operatingExpenses": 1329000000,
    "costAndExpenses": 7990000000,
    "interestIncome": 0,
    "interestExpense": 131000000,
    "depreciationAndAmortization": -71000000,
    "ebitda": 1246000000,
    "ebitdaratio": 0.1327226246,
    "operatingIncome": 1398000000,
    "operatingIncomeRatio": 0.1489135066,
    "totalOtherIncomeExpensesNet": -212000000,
    "incomeBeforeTax": 1186000000,
    "incomeBeforeTaxRatio": 0.126331487,
    "incomeTaxExpense": 440000000,
    "netIncome": 746000000,
    "netIncomeRatio": 0.0794631444,
    "eps": 0.91,
    "epsdiluted": 0.9,
    "weightedAverageShsOut": 818000000,
    "weightedAverageShsOutDil": 826000000,
    "link": "https://www.sec.gov/Archives/edgar/data/27904/000002790415000006/0000027904-15-000006-index.htm",
    "finalLink": "https://www.sec.gov/Archives/edgar/data/27904/000002790415000006/dal331201510q.htm"
  },
  {
    "date": "2014-12-31",
    "symbol": "DAL",
    "reportedCurrency": "USD",
    "cik": "0000027904",
    "fillingDate": "2015-02-11",
    "acceptedDate": "2015-02-10 20:00:23",
    "calendarYear": "2014",
    "period": "Q4",
    "revenue": 9647000000,
    "costOfRevenue": 9079000000,
    "grossProfit": 568000000,
    "grossProfitRatio": 0.0588784078,
    "researchAndDevelopmentExpenses": 0,
    "generalAndAdministrativeExpenses": 0,
    "sellingAndMarketingExpenses": 411000000,
    "sellingGeneralAndAdministrativeExpenses": 411000000,
    "otherExpenses": 985000000,
    "operatingExpenses": 1396000000,
    "costAndExpenses": 10475000000,
    "interestIncome": 0,
    "interestExpense": 137000000,
    "depreciationAndAmortization": -103000000,
    "ebitda": -1106000000,
    "ebitdaratio": -0.1146470405,
    "operatingIncome": -828000000,
    "operatingIncomeRatio": -0.0858297916,
    "totalOtherIncomeExpensesNet": -312000000,
    "incomeBeforeTax": -1140000000,
    "incomeBeforeTaxRatio": -0.1181714523,
    "incomeTaxExpense": -428000000,
    "netIncome": -712000000,
    "netIncomeRatio": -0.0738053281,
    "eps": -0.86,
    "epsdiluted": -0.86,
    "weightedAverageShsOut": 825000000,
    "weightedAverageShsOutDil": 825000000,
    "link": "https://www.sec.gov/Archives/edgar/data/27904/000002790415000003/0000027904-15-000003-index.htm",
    "finalLink": "https://www.sec.gov/Archives/edgar/data/27904/000002790415000003/dal1231201410k.htm"
  },
  {
    "date": "2014-09-30",
    "symbol": "DAL",
    "reportedCurrency": "USD",
    "cik": "0000027904",
    "fillingDate": "2014-10-24",
    "acceptedDate": "2014-10-24 17:16:03",
    "calendarYear": "2014",
    "period": "Q3",
    "revenue": 11178000000,
    "costOfRevenue": 8323000000,
    "grossProfit": 2855000000,
    "grossProfitRatio": 0.2554124172,
    "researchAndDevelopmentExpenses": 0,
    "generalAndAdministrativeExpenses": 0,
    "sellingAndMarketingExpenses": 476000000,
    "sellingGeneralAndAdministrativeExpenses": 476000000,
    "otherExpenses": 1544000000,
    "operatingExpenses": 2020000000,
    "costAndExpenses": 10343000000,
    "interestIncome": 0,
    "interestExpense": 154000000,
    "depreciationAndAmortization": 602000000,
    "ebitda": 1335000000,
    "ebitdaratio": 0.1194310252,
    "operatingIncome": 835000000,
    "operatingIncomeRatio": 0.0747003042,
    "totalOtherIncomeExpensesNet": -256000000,
    "incomeBeforeTax": 579000000,
    "incomeBeforeTaxRatio": 0.051798175,
    "incomeTaxExpense": 222000000,
    "netIncome": 357000000,
    "netIncomeRatio": 0.0319377348,
    "eps": 0.43,
    "epsdiluted": 0.42,
    "weightedAverageShsOut": 834000000,
    "weightedAverageShsOutDil": 843000000,
    "link": "https://www.sec.gov/Archives/edgar/data/27904/000002790414000014/0000027904-14-000014-index.htm",
    "finalLink": "https://www.sec.gov/Archives/edgar/data/27904/000002790414000014/dal930201410q.htm"
  },
  {
    "date": "2014-06-30",
    "symbol": "DAL",
    "reportedCurrency": "USD",
    "cik": "0000027904",
    "fillingDate": "2014-07-24",
    "acceptedDate": "2014-07-23 18:15:58",
    "calendarYear": "2014",
    "period": "Q2",
    "revenue": 10621000000,
    "costOfRevenue": 7724000000,
    "grossProfit": 2897000000,
    "grossProfitRatio": 0.2727615102,
    "researchAndDevelopmentExpenses": 0,
    "generalAndAdministrativeExpenses": 0,
    "sellingAndMarketingExpenses": 440000000,
    "sellingGeneralAndAdministrativeExpenses": 440000000,
    "otherExpenses": 878000000,
    "operatingExpenses": 1318000000,
    "costAndExpenses": 9042000000,
    "interestIncome": 0,
    "interestExpense": 173000000,
    "depreciationAndAmortization": 33000000,
    "ebitda": 1504000000,
    "ebitdaratio": 0.1416062518,
    "operatingIncome": 1579000000,
    "operatingIncomeRatio": 0.1486677337,
    "totalOtherIncomeExpensesNet": -281000000,
    "incomeBeforeTax": 1298000000,
    "incomeBeforeTaxRatio": 0.1222107146,
    "incomeTaxExpense": 497000000,
    "netIncome": 801000000,
    "netIncomeRatio": 0.0754166274,
    "eps": 0.95,
    "epsdiluted": 0.94,
    "weightedAverageShsOut": 841000000,
    "weightedAverageShsOutDil": 850000000,
    "link": "https://www.sec.gov/Archives/edgar/data/27904/000002790414000011/0000027904-14-000011-index.htm",
    "finalLink": "https://www.sec.gov/Archives/edgar/data/27904/000002790414000011/dal630201410q.htm"
  },
  {
    "date": "2014-03-31",
    "symbol": "DAL",
    "reportedCurrency": "USD",
    "cik": "0000027904",
    "fillingDate": "2014-04-24",
    "acceptedDate": "2014-04-24 17:29:00",
    "calendarYear": "2014",
    "period": "Q1",
    "revenue": 8916000000,
    "costOfRevenue": 7068000000,
    "grossProfit": 1848000000,
    "grossProfitRatio": 0.2072678331,
    "researchAndDevelopmentExpenses": 0,
    "generalAndAdministrativeExpenses": 0,
    "sellingAndMarketingExpenses": 373000000,
    "sellingGeneralAndAdministrativeExpenses": 373000000,
    "otherExpenses": 855000000,
    "operatingExpenses": 1228000000,
    "costAndExpenses": 8296000000,
    "interestIncome": 0,
    "interestExpense": 186000000,
    "depreciationAndAmortization": -32000000,
    "ebitda": 489000000,
    "ebitdaratio": 0.0548452221,
    "operatingIncome": 620000000,
    "operatingIncomeRatio": 0.0695379094,
    "totalOtherIncomeExpensesNet": -285000000,
    "incomeBeforeTax": 335000000,
    "incomeBeforeTaxRatio": 0.0375729026,
    "incomeTaxExpense": 122000000,
    "netIncome": 213000000,
    "netIncomeRatio": 0.0238896366,
    "eps": 0.25,
    "epsdiluted": 0.25,
    "weightedAverageShsOut": 844000000,
    "weightedAverageShsOutDil": 853000000,
    "link": "https://www.sec.gov/Archives/edgar/data/27904/000002790414000006/0000027904-14-000006-index.htm",
    "finalLink": "https://www.sec.gov/Archives/edgar/data/27904/000002790414000006/dal331201410q.htm"
  },
  {
    "date": "2013-12-31",
    "symbol": "DAL",
    "reportedCurrency": "USD",
    "cik": "0000027904",
    "fillingDate": "2014-02-24",
    "acceptedDate": "2014-02-21 20:54:29",
    "calendarYear": "2013",
    "period": "Q4",
    "revenue": 9076000000,
    "costOfRevenue": 7038000000,
    "grossProfit": 2038000000,
    "grossProfitRatio": 0.2245482591,
    "researchAndDevelopmentExpenses": 0,
    "generalAndAdministrativeExpenses": 0,
    "sellingAndMarketingExpenses": 391000000,
    "sellingGeneralAndAdministrativeExpenses": 391000000,
    "otherExpenses": 946000000,
    "operatingExpenses": 1337000000,
    "costAndExpenses": 8375000000,
    "interestIncome": 0,
    "interestExpense": 206000000,
    "depreciationAndAmortization": 140000000,
    "ebitda": 821000000,
    "ebitdaratio": 0.0904583517,
    "operatingIncome": 701000000,
    "operatingIncomeRatio": 0.0772366681,
    "totalOtherIncomeExpensesNet": -226000000,
    "incomeBeforeTax": 475000000,
    "incomeBeforeTaxRatio": 0.0523358308,
    "incomeTaxExpense": -8004000000,
    "netIncome": 8479000000,
    "netIncomeRatio": 0.9342221243,
    "eps": 10.02,
    "epsdiluted": 9.88,
    "weightedAverageShsOut": 846000000,
    "weightedAverageShsOutDil": 858000000,
    "link": "https://www.sec.gov/Archives/edgar/data/27904/000002790414000003/0000027904-14-000003-index.htm",
    "finalLink": "https://www.sec.gov/Archives/edgar/data/27904/000002790414000003/dal1231201310k.htm"
  },
  {
    "date": "2013-09-30",
    "symbol": "DAL",
    "reportedCurrency": "USD",
    "cik": "0000027904",
    "fillingDate": "2013-10-23",
    "acceptedDate": "2013-10-23 15:41:11",
    "calendarYear": "2013",
    "period": "Q3",
    "revenue": 10490000000,
    "costOfRevenue": 7506000000,
    "grossProfit": 2984000000,
    "grossProfitRatio": 0.2844613918,
    "researchAndDevelopmentExpenses": 0,
    "generalAndAdministrativeExpenses": 0,
    "sellingAndMarketingExpenses": 447000000,
    "sellingGeneralAndAdministrativeExpenses": 447000000,
    "otherExpenses": 974000000,
    "operatingExpenses": 1421000000,
    "costAndExpenses": 8927000000,
    "interestIncome": 0,
    "interestExpense": 213000000,
    "depreciationAndAmortization": 119000000,
    "ebitda": 1695000000,
    "ebitdaratio": 0.1615824595,
    "operatingIncome": 1563000000,
    "operatingIncomeRatio": 0.1489990467,
    "totalOtherIncomeExpensesNet": -200000000,
    "incomeBeforeTax": 1363000000,
    "incomeBeforeTaxRatio": 0.1299332698,
    "incomeTaxExpense": -6000000,
    "netIncome": 1369000000,
    "netIncomeRatio": 0.1305052431,
    "eps": 1.61,
    "epsdiluted": 1.59,
    "weightedAverageShsOut": 851000000,
    "weightedAverageShsOutDil": 861000000,
    "link": "https://www.sec.gov/Archives/edgar/data/27904/000002790413000008/0000027904-13-000008-index.htm",
    "finalLink": "https://www.sec.gov/Archives/edgar/data/27904/000002790413000008/dal930201310q.htm"
  },
  {
    "date": "2013-06-30",
    "symbol": "DAL",
    "reportedCurrency": "USD",
    "cik": "0000027904",
    "fillingDate": "2013-08-01",
    "acceptedDate": "2013-08-01 11:59:04",
    "calendarYear": "2013",
    "period": "Q2",
    "revenue": 9707000000,
    "costOfRevenue": 7577000000,
    "grossProfit": 2130000000,
    "grossProfitRatio": 0.2194292778,
    "researchAndDevelopmentExpenses": 0,
    "generalAndAdministrativeExpenses": 0,
    "sellingAndMarketingExpenses": 408000000,
    "sellingGeneralAndAdministrativeExpenses": 408000000,
    "otherExpenses": 808000000,
    "operatingExpenses": 1216000000,
    "costAndExpenses": 8793000000,
    "interestIncome": 0,
    "interestExpense": 213000000,
    "depreciationAndAmortization": 19000000,
    "ebitda": 918000000,
    "ebitdaratio": 0.0945709282,
    "operatingIncome": 914000000,
    "operatingIncomeRatio": 0.0941588544,
    "totalOtherIncomeExpensesNet": -228000000,
    "incomeBeforeTax": 686000000,
    "incomeBeforeTaxRatio": 0.07067065,
    "incomeTaxExpense": 1000000,
    "netIncome": 685000000,
    "netIncomeRatio": 0.0705676316,
    "eps": 0.81,
    "epsdiluted": 0.8,
    "weightedAverageShsOut": 850000000,
    "weightedAverageShsOutDil": 859000000,
    "link": "https://www.sec.gov/Archives/edgar/data/27904/000002790413000005/0000027904-13-000005-index.htm",
    "finalLink": "https://www.sec.gov/Archives/edgar/data/27904/000002790413000005/dal630201310q.htm"
  },
  {
    "date": "2013-03-31",
    "symbol": "DAL",
    "reportedCurrency": "USD",
    "cik": "0000027904",
    "fillingDate": "2013-04-24",
    "acceptedDate": "2013-04-24 17:10:59",
    "calendarYear": "2013",
    "period": "Q1",
    "revenue": 8500000000,
    "costOfRevenue": 7062000000,
    "grossProfit": 1438000000,
    "grossProfitRatio": 0.1691764706,
    "researchAndDevelopmentExpenses": 0,
    "generalAndAdministrativeExpenses": 0,
    "sellingAndMarketingExpenses": 357000000,
    "sellingGeneralAndAdministrativeExpenses": 357000000,
    "otherExpenses": 859000000,
    "operatingExpenses": 1216000000,
    "costAndExpenses": 8278000000,
    "interestIncome": 0,
    "interestExpense": 220000000,
    "depreciationAndAmortization": 103000000,
    "ebitda": 326000000,
    "ebitdaratio": 0.0383529412,
    "operatingIncome": 222000000,
    "operatingIncomeRatio": 0.0261176471,
    "totalOtherIncomeExpensesNet": -219000000,
    "incomeBeforeTax": 3000000,
    "incomeBeforeTaxRatio": 0.0003529412,
    "incomeTaxExpense": -4000000,
    "netIncome": 7000000,
    "netIncomeRatio": 0.0008235294,
    "eps": 0.0083,
    "epsdiluted": 0.0082,
    "weightedAverageShsOut": 848000000,
    "weightedAverageShsOutDil": 855000000,
    "link": "https://www.sec.gov/Archives/edgar/data/27904/000144530513000892/0001445305-13-000892-index.htm",
    "finalLink": "https://www.sec.gov/Archives/edgar/data/27904/000144530513000892/dal331201310q.htm"
  },
  {
    "date": "2012-12-31",
    "symbol": "DAL",
    "reportedCurrency": "USD",
    "cik": "0000027904",
    "fillingDate": "2013-02-13",
    "acceptedDate": "2013-02-12 20:16:22",
    "calendarYear": "2012",
    "period": "Q4",
    "revenue": 8602000000,
    "costOfRevenue": 12740000000,
    "grossProfit": -4138000000,
    "grossProfitRatio": -0.4810509184,
    "researchAndDevelopmentExpenses": 0,
    "generalAndAdministrativeExpenses": -5375000000,
    "sellingAndMarketingExpenses": 377000000,
    "sellingGeneralAndAdministrativeExpenses": -5370000000,
    "otherExpenses": 759000000,
    "operatingExpenses": -4611000000,
    "costAndExpenses": 8129000000,
    "interestIncome": 0,
    "interestExpense": 382000000,
    "depreciationAndAmortization": 94000000,
    "ebitda": 487000000,
    "ebitdaratio": 0.0566147408,
    "operatingIncome": 473000000,
    "operatingIncomeRatio": 0.0549872123,
    "totalOtherIncomeExpensesNet": -462000000,
    "incomeBeforeTax": 11000000,
    "incomeBeforeTaxRatio": 0.0012787724,
    "incomeTaxExpense": 5000000,
    "netIncome": 6000000,
    "netIncomeRatio": 0.0006975122,
    "eps": 0.0083,
    "epsdiluted": 0.0082,
    "weightedAverageShsOut": 846000000,
    "weightedAverageShsOutDil": 852000000,
    "link": "https://www.sec.gov/Archives/edgar/data/27904/000144530513000209/0001445305-13-000209-index.htm",
    "finalLink": "https://www.sec.gov/Archives/edgar/data/27904/000144530513000209/dal1231201210k.htm"
  },
  {
    "date": "2012-09-30",
    "symbol": "DAL",
    "reportedCurrency": "USD",
    "cik": "0000027904",
    "fillingDate": "2012-10-26",
    "acceptedDate": "2012-10-26 15:38:18",
    "calendarYear": "2012",
    "period": "Q3",
    "revenue": 9923000000,
    "costOfRevenue": 7203000000,
    "grossProfit": 2720000000,
    "grossProfitRatio": 0.274110652,
    "researchAndDevelopmentExpenses": 0,
    "generalAndAdministrativeExpenses": 0,
    "sellingAndMarketingExpenses": 440000000,
    "sellingGeneralAndAdministrativeExpenses": 440000000,
    "otherExpenses": 972000000,
    "operatingExpenses": 1412000000,
    "costAndExpenses": 8615000000,
    "interestIncome": 0,
    "interestExpense": 243000000,
    "depreciationAndAmortization": 392000000,
    "ebitda": 1687000000,
    "ebitdaratio": 0.1700090698,
    "operatingIncome": 1308000000,
    "operatingIncomeRatio": 0.1318149753,
    "totalOtherIncomeExpensesNet": -256000000,
    "incomeBeforeTax": 1052000000,
    "incomeBeforeTaxRatio": 0.1060163257,
    "incomeTaxExpense": 5000000,
    "netIncome": 1047000000,
    "netIncomeRatio": 0.1055124458,
    "eps": 1.24,
    "epsdiluted": 1.23,
    "weightedAverageShsOut": 846000000,
    "weightedAverageShsOutDil": 850000000,
    "link": "https://www.sec.gov/Archives/edgar/data/27904/000144530512003245/0001445305-12-003245-index.htm",
    "finalLink": "https://www.sec.gov/Archives/edgar/data/27904/000144530512003245/dal930201210q.htm"
  },
  {
    "date": "2012-06-30",
    "symbol": "DAL",
    "reportedCurrency": "USD",
    "cik": "0000027904",
    "fillingDate": "2012-07-25",
    "acceptedDate": "2012-07-25 16:40:07",
    "calendarYear": "2012",
    "period": "Q2",
    "revenue": 9732000000,
    "costOfRevenue": 8219000000,
    "grossProfit": 1513000000,
    "grossProfitRatio": 0.1554665023,
    "researchAndDevelopmentExpenses": 0,
    "generalAndAdministrativeExpenses": 0,
    "sellingAndMarketingExpenses": 393000000,
    "sellingGeneralAndAdministrativeExpenses": 393000000,
    "otherExpenses": 986000000,
    "operatingExpenses": 1379000000,
    "costAndExpenses": 9598000000,
    "interestIncome": 0,
    "interestExpense": 256000000,
    "depreciationAndAmortization": 388000000,
    "ebitda": 480000000,
    "ebitdaratio": 0.0493218249,
    "operatingIncome": 134000000,
    "operatingIncomeRatio": 0.0137690095,
    "totalOtherIncomeExpensesNet": -298000000,
    "incomeBeforeTax": -164000000,
    "incomeBeforeTaxRatio": -0.0168516235,
    "incomeTaxExpense": 4000000,
    "netIncome": -168000000,
    "netIncomeRatio": -0.0172626387,
    "eps": -0.2,
    "epsdiluted": -0.2,
    "weightedAverageShsOut": 845000000,
    "weightedAverageShsOutDil": 845000000,
    "link": "https://www.sec.gov/Archives/edgar/data/27904/000144530512002271/0001445305-12-002271-index.htm",
    "finalLink": "https://www.sec.gov/Archives/edgar/data/27904/000144530512002271/dal630201210q.htm"
  },
  {
    "date": "2012-03-31",
    "symbol": "DAL",
    "reportedCurrency": "USD",
    "cik": "0000027904",
    "fillingDate": "2012-04-25",
    "acceptedDate": "2012-04-25 16:09:33",
    "calendarYear": "2012",
    "period": "Q1",
    "revenue": 8413000000,
    "costOfRevenue": 6869000000,
    "grossProfit": 1544000000,
    "grossProfitRatio": 0.1835254963,
    "researchAndDevelopmentExpenses": 0,
    "generalAndAdministrativeExpenses": 0,
    "sellingAndMarketingExpenses": 380000000,
    "sellingGeneralAndAdministrativeExpenses": 380000000,
    "otherExpenses": 782000000,
    "operatingExpenses": 1162000000,
    "costAndExpenses": 8031000000,
    "interestIncome": 0,
    "interestExpense": 272000000,
    "depreciationAndAmortization": 386000000,
    "ebitda": 785000000,
    "ebitdaratio": 0.0933079758,
    "operatingIncome": 382000000,
    "operatingIncomeRatio": 0.0454059194,
    "totalOtherIncomeExpensesNet": -255000000,
    "incomeBeforeTax": 127000000,
    "incomeBeforeTaxRatio": 0.0150956852,
    "incomeTaxExpense": 3000000,
    "netIncome": 124000000,
    "netIncomeRatio": 0.0147390943,
    "eps": 0.15,
    "epsdiluted": 0.15,
    "weightedAverageShsOut": 843000000,
    "weightedAverageShsOutDil": 847000000,
    "link": "https://www.sec.gov/Archives/edgar/data/27904/000144530512001171/0001445305-12-001171-index.htm",
    "finalLink": "https://www.sec.gov/Archives/edgar/data/27904/000144530512001171/dal331201210q.htm"
  },
  {
    "date": "2011-12-31",
    "symbol": "DAL",
    "reportedCurrency": "USD",
    "cik": "0000027904",
    "fillingDate": "2012-02-10",
    "acceptedDate": "2012-02-10 17:28:19",
    "calendarYear": "2011",
    "period": "Q4",
    "revenue": 8399000000,
    "costOfRevenue": 4647000000,
    "grossProfit": 3752000000,
    "grossProfitRatio": 0.4467198476,
    "researchAndDevelopmentExpenses": 0,
    "generalAndAdministrativeExpenses": 1800000000,
    "sellingAndMarketingExpenses": 393000000,
    "sellingGeneralAndAdministrativeExpenses": 2193000000,
    "otherExpenses": 745000000,
    "operatingExpenses": 2938000000,
    "costAndExpenses": 7585000000,
    "interestIncome": 0,
    "interestExpense": 218000000,
    "depreciationAndAmortization": 382000000,
    "ebitda": 1017000000,
    "ebitdaratio": 0.1210858436,
    "operatingIncome": 814000000,
    "operatingIncomeRatio": 0.0969162996,
    "totalOtherIncomeExpensesNet": -397000000,
    "incomeBeforeTax": 417000000,
    "incomeBeforeTaxRatio": 0.0496487677,
    "incomeTaxExpense": -8000000,
    "netIncome": 425000000,
    "netIncomeRatio": 0.0506012621,
    "eps": 0.51,
    "epsdiluted": 0.5,
    "weightedAverageShsOut": 840000000,
    "weightedAverageShsOutDil": 845000000,
    "link": "https://www.sec.gov/Archives/edgar/data/27904/000144530512000272/0001445305-12-000272-index.htm",
    "finalLink": "https://www.sec.gov/Archives/edgar/data/27904/000144530512000272/dal1231201110k.htm"
  },
  {
    "date": "2011-09-30",
    "symbol": "DAL",
    "reportedCurrency": "USD",
    "cik": "0000027904",
    "fillingDate": "2011-10-25",
    "acceptedDate": "2011-10-25 16:57:11",
    "calendarYear": "2011",
    "period": "Q3",
    "revenue": 9816000000,
    "costOfRevenue": 5781000000,
    "grossProfit": 4035000000,
    "grossProfitRatio": 0.4110635697,
    "researchAndDevelopmentExpenses": 0,
    "generalAndAdministrativeExpenses": 1884000000,
    "sellingAndMarketingExpenses": 480000000,
    "sellingGeneralAndAdministrativeExpenses": 2364000000,
    "otherExpenses": 808000000,
    "operatingExpenses": 3172000000,
    "costAndExpenses": 8953000000,
    "interestIncome": 0,
    "interestExpense": 229000000,
    "depreciationAndAmortization": 384000000,
    "ebitda": 1160000000,
    "ebitdaratio": 0.1181744091,
    "operatingIncome": 863000000,
    "operatingIncomeRatio": 0.0879176854,
    "totalOtherIncomeExpensesNet": -316000000,
    "incomeBeforeTax": 547000000,
    "incomeBeforeTaxRatio": 0.0557253464,
    "incomeTaxExpense": -2000000,
    "netIncome": 549000000,
    "netIncomeRatio": 0.0559290954,
    "eps": 0.66,
    "epsdiluted": 0.65,
    "weightedAverageShsOut": 838000000,
    "weightedAverageShsOutDil": 844000000,
    "link": "https://www.sec.gov/Archives/edgar/data/27904/000144530511003058/0001445305-11-003058-index.htm",
    "finalLink": "https://www.sec.gov/Archives/edgar/data/27904/000144530511003058/dal930201110q.htm"
  },
  {
    "date": "2011-06-30",
    "symbol": "DAL",
    "reportedCurrency": "USD",
    "cik": "0000027904",
    "fillingDate": "2011-07-27",
    "acceptedDate": "2011-07-27 16:24:50",
    "calendarYear": "2011",
    "period": "Q2",
    "revenue": 9153000000,
    "costOfRevenue": 5548000000,
    "grossProfit": 3605000000,
    "grossProfitRatio": 0.3938599366,
    "researchAndDevelopmentExpenses": 0,
    "generalAndAdministrativeExpenses": 1747000000,
    "sellingAndMarketingExpenses": 440000000,
    "sellingGeneralAndAdministrativeExpenses": 2187000000,
    "otherExpenses": 793000000,
    "operatingExpenses": 2980000000,
    "costAndExpenses": 8528000000,
    "interestIncome": 0,
    "interestExpense": 233000000,
    "depreciationAndAmortization": 381000000,
    "ebitda": 809000000,
    "ebitdaratio": 0.0883863214,
    "operatingIncome": 625000000,
    "operatingIncomeRatio": 0.0682836229,
    "totalOtherIncomeExpensesNet": -430000000,
    "incomeBeforeTax": 195000000,
    "incomeBeforeTaxRatio": 0.0213044903,
    "incomeTaxExpense": -3000000,
    "netIncome": 198000000,
    "netIncomeRatio": 0.0216322517,
    "eps": 0.24,
    "epsdiluted": 0.23,
    "weightedAverageShsOut": 838000000,
    "weightedAverageShsOutDil": 844000000,
    "link": "https://www.sec.gov/Archives/edgar/data/27904/000144530511002190/0001445305-11-002190-index.htm",
    "finalLink": "https://www.sec.gov/Archives/edgar/data/27904/000144530511002190/dal630201110q.htm"
  },
  {
    "date": "2011-03-31",
    "symbol": "DAL",
    "reportedCurrency": "USD",
    "cik": "0000027904",
    "fillingDate": "2011-05-05",
    "acceptedDate": "2011-05-05 10:15:21",
    "calendarYear": "2011",
    "period": "Q1",
    "revenue": 7747000000,
    "costOfRevenue": 4931000000,
    "grossProfit": 2816000000,
    "grossProfitRatio": 0.3634955467,
    "researchAndDevelopmentExpenses": 0,
    "generalAndAdministrativeExpenses": 1727000000,
    "sellingAndMarketingExpenses": 369000000,
    "sellingGeneralAndAdministrativeExpenses": 2096000000,
    "otherExpenses": 805000000,
    "operatingExpenses": 2901000000,
    "costAndExpenses": 7832000000,
    "interestIncome": 0,
    "interestExpense": 221000000,
    "depreciationAndAmortization": 376000000,
    "ebitda": 208000000,
    "ebitdaratio": 0.0268491029,
    "operatingIncome": -85000000,
    "operatingIncomeRatio": -0.0109719892,
    "totalOtherIncomeExpensesNet": -304000000,
    "incomeBeforeTax": -389000000,
    "incomeBeforeTaxRatio": -0.0502129857,
    "incomeTaxExpense": -71000000,
    "netIncome": -318000000,
    "netIncomeRatio": -0.0410481477,
    "eps": -0.38,
    "epsdiluted": -0.38,
    "weightedAverageShsOut": 837000000,
    "weightedAverageShsOutDil": 837000000,
    "link": "https://www.sec.gov/Archives/edgar/data/27904/000144530511000797/0001445305-11-000797-index.htm",
    "finalLink": "https://www.sec.gov/Archives/edgar/data/27904/000144530511000797/dal331201110q.htm"
  },
  {
    "date": "2010-12-31",
    "symbol": "DAL",
    "reportedCurrency": "USD",
    "cik": "0000027904",
    "fillingDate": "2011-02-16",
    "acceptedDate": "2011-02-15 18:08:17",
    "calendarYear": "2010",
    "period": "Q4",
    "revenue": 7789000000,
    "costOfRevenue": 2922000000,
    "grossProfit": 4867000000,
    "grossProfitRatio": 0.6248555655,
    "researchAndDevelopmentExpenses": 0,
    "generalAndAdministrativeExpenses": 3295000000,
    "sellingAndMarketingExpenses": 364000000,
    "sellingGeneralAndAdministrativeExpenses": 3659000000,
    "otherExpenses": -840000000,
    "operatingExpenses": 2819000000,
    "costAndExpenses": 5741000000,
    "interestIncome": 5000000,
    "interestExpense": 224000000,
    "depreciationAndAmortization": 372000000,
    "ebitda": 616000000,
    "ebitdaratio": 0.0790858904,
    "operatingIncome": 2048000000,
    "operatingIncomeRatio": 0.2629349082,
    "totalOtherIncomeExpensesNet": -2028000000,
    "incomeBeforeTax": 20000000,
    "incomeBeforeTaxRatio": 0.0025677237,
    "incomeTaxExpense": 1000000,
    "netIncome": 19000000,
    "netIncomeRatio": 0.0024393375,
    "eps": 0.0227,
    "epsdiluted": 0.0227,
    "weightedAverageShsOut": 834000000,
    "weightedAverageShsOutDil": 837000000,
    "link": "https://www.sec.gov/Archives/edgar/data/27904/000095012311014364/0000950123-11-014364-index.htm",
    "finalLink": "https://www.sec.gov/Archives/edgar/data/27904/000095012311014364/g24877e10vk.htm"
  },
  {
    "date": "2010-09-30",
    "symbol": "DAL",
    "reportedCurrency": "USD",
    "cik": "0000027904",
    "fillingDate": "2010-10-25",
    "acceptedDate": "2010-10-25 14:10:56",
    "calendarYear": "2010",
    "period": "Q3",
    "revenue": 8950000000,
    "costOfRevenue": 4675000000,
    "grossProfit": 4275000000,
    "grossProfitRatio": 0.4776536313,
    "researchAndDevelopmentExpenses": 0,
    "generalAndAdministrativeExpenses": 1854000000,
    "sellingAndMarketingExpenses": 404000000,
    "sellingGeneralAndAdministrativeExpenses": 2258000000,
    "otherExpenses": 808000000,
    "operatingExpenses": 3066000000,
    "costAndExpenses": 7741000000,
    "interestIncome": 7000000,
    "interestExpense": 249000000,
    "depreciationAndAmortization": 375000000,
    "ebitda": 990000000,
    "ebitdaratio": 0.1106145251,
    "operatingIncome": 1209000000,
    "operatingIncomeRatio": 0.1350837989,
    "totalOtherIncomeExpensesNet": -843000000,
    "incomeBeforeTax": 366000000,
    "incomeBeforeTaxRatio": 0.0408938547,
    "incomeTaxExpense": 3000000,
    "netIncome": 363000000,
    "netIncomeRatio": 0.0405586592,
    "eps": 0.43,
    "epsdiluted": 0.43,
    "weightedAverageShsOut": 835000000,
    "weightedAverageShsOutDil": 842000000,
    "link": "https://www.sec.gov/Archives/edgar/data/27904/000095012310095598/0000950123-10-095598-index.htm",
    "finalLink": "https://www.sec.gov/Archives/edgar/data/27904/000095012310095598/g24862e10vq.htm"
  },
  {
    "date": "2010-06-30",
    "symbol": "DAL",
    "reportedCurrency": "USD",
    "cik": "0000027904",
    "fillingDate": "2010-08-02",
    "acceptedDate": "2010-07-30 18:49:34",
    "calendarYear": "2010",
    "period": "Q2",
    "revenue": 8168000000,
    "costOfRevenue": 4283000000,
    "grossProfit": 3885000000,
    "grossProfitRatio": 0.4756366308,
    "researchAndDevelopmentExpenses": 0,
    "generalAndAdministrativeExpenses": 1792000000,
    "sellingAndMarketingExpenses": 377000000,
    "sellingGeneralAndAdministrativeExpenses": 2169000000,
    "otherExpenses": 782000000,
    "operatingExpenses": 2951000000,
    "costAndExpenses": 7234000000,
    "interestIncome": 3000000,
    "interestExpense": 255000000,
    "depreciationAndAmortization": 379000000,
    "ebitda": 1102000000,
    "ebitdaratio": 0.1349167483,
    "operatingIncome": 934000000,
    "operatingIncomeRatio": 0.1143486778,
    "totalOtherIncomeExpensesNet": -466000000,
    "incomeBeforeTax": 468000000,
    "incomeBeforeTaxRatio": 0.0572967679,
    "incomeTaxExpense": 1000000,
    "netIncome": 467000000,
    "netIncomeRatio": 0.0571743389,
    "eps": 0.56,
    "epsdiluted": 0.55,
    "weightedAverageShsOut": 834000000,
    "weightedAverageShsOutDil": 842000000,
    "link": "https://www.sec.gov/Archives/edgar/data/27904/000095012310070614/0000950123-10-070614-index.htm",
    "finalLink": "https://www.sec.gov/Archives/edgar/data/27904/000095012310070614/g23239ae10vqza.htm"
  },
  {
    "date": "2010-03-31",
    "symbol": "DAL",
    "reportedCurrency": "USD",
    "cik": "0000027904",
    "fillingDate": "2010-04-22",
    "acceptedDate": "2010-04-22 16:26:11",
    "calendarYear": "2010",
    "period": "Q1",
    "revenue": 6848000000,
    "costOfRevenue": 3929000000,
    "grossProfit": 2919000000,
    "grossProfitRatio": 0.4262558411,
    "researchAndDevelopmentExpenses": 0,
    "generalAndAdministrativeExpenses": 1672000000,
    "sellingAndMarketingExpenses": 364000000,
    "sellingGeneralAndAdministrativeExpenses": 2036000000,
    "otherExpenses": 761000000,
    "operatingExpenses": 2797000000,
    "costAndExpenses": 6726000000,
    "interestIncome": 20000000,
    "interestExpense": 246000000,
    "depreciationAndAmortization": 385000000,
    "ebitda": 385000000,
    "ebitdaratio": 0.0562207944,
    "operatingIncome": 122000000,
    "operatingIncomeRatio": 0.0178154206,
    "totalOtherIncomeExpensesNet": -368000000,
    "incomeBeforeTax": -246000000,
    "incomeBeforeTaxRatio": -0.0359228972,
    "incomeTaxExpense": 10000000,
    "netIncome": -256000000,
    "netIncomeRatio": -0.0373831776,
    "eps": -0.31,
    "epsdiluted": -0.31,
    "weightedAverageShsOut": 832000000,
    "weightedAverageShsOutDil": 832000000,
    "link": "https://www.sec.gov/Archives/edgar/data/27904/000095012310037174/0000950123-10-037174-index.htm",
    "finalLink": "https://www.sec.gov/Archives/edgar/data/27904/000095012310037174/g22982e10vq.htm"
  },
  {
    "date": "2009-12-31",
    "symbol": "DAL",
    "reportedCurrency": "USD",
    "cik": "0000027904",
    "fillingDate": "2010-02-24",
    "acceptedDate": "2010-02-24 14:42:55",
    "calendarYear": "2009",
    "period": "Q4",
    "revenue": 6805000000,
    "costOfRevenue": 3003000000,
    "grossProfit": 3802000000,
    "grossProfitRatio": 0.5587068332,
    "researchAndDevelopmentExpenses": 0,
    "generalAndAdministrativeExpenses": 1186000000,
    "sellingAndMarketingExpenses": 336000000,
    "sellingGeneralAndAdministrativeExpenses": 1522000000,
    "otherExpenses": 1335000000,
    "operatingExpenses": 2857000000,
    "costAndExpenses": 5860000000,
    "interestIncome": 4000000,
    "interestExpense": 327000000,
    "depreciationAndAmortization": 384000000,
    "ebitda": 356000000,
    "ebitdaratio": 0.0523144747,
    "operatingIncome": 945000000,
    "operatingIncomeRatio": 0.1388684791,
    "totalOtherIncomeExpensesNet": -1300000000,
    "incomeBeforeTax": -355000000,
    "incomeBeforeTaxRatio": -0.0521675239,
    "incomeTaxExpense": -330000000,
    "netIncome": -25000000,
    "netIncomeRatio": -0.0036737693,
    "eps": -0.0301,
    "epsdiluted": -0.03,
    "weightedAverageShsOut": 830000000,
    "weightedAverageShsOutDil": 832000000,
    "link": "https://www.sec.gov/Archives/edgar/data/27904/000095012310016275/0000950123-10-016275-index.htm",
    "finalLink": "https://www.sec.gov/Archives/edgar/data/27904/000095012310016275/g22142e10vk.htm"
  },
  {
    "date": "2009-09-30",
    "symbol": "DAL",
    "reportedCurrency": "USD",
    "cik": "0000027904",
    "fillingDate": "2009-10-27",
    "acceptedDate": "2009-10-26 17:57:13",
    "calendarYear": "2009",
    "period": "Q3",
    "revenue": 7574000000,
    "costOfRevenue": 4350000000,
    "grossProfit": 3224000000,
    "grossProfitRatio": 0.4256667547,
    "researchAndDevelopmentExpenses": 0,
    "generalAndAdministrativeExpenses": 1722000000,
    "sellingAndMarketingExpenses": 384000000,
    "sellingGeneralAndAdministrativeExpenses": 2106000000,
    "otherExpenses": 785000000,
    "operatingExpenses": 2891000000,
    "costAndExpenses": 7241000000,
    "interestIncome": 4000000,
    "interestExpense": 217000000,
    "depreciationAndAmortization": 385000000,
    "ebitda": 423000000,
    "ebitdaratio": 0.055848957,
    "operatingIncome": 333000000,
    "operatingIncomeRatio": 0.0439662002,
    "totalOtherIncomeExpensesNet": -512000000,
    "incomeBeforeTax": -179000000,
    "incomeBeforeTaxRatio": -0.023633483,
    "incomeTaxExpense": -18000000,
    "netIncome": -161000000,
    "netIncomeRatio": -0.0212569316,
    "eps": -0.19,
    "epsdiluted": -0.19,
    "weightedAverageShsOut": 828000000,
    "weightedAverageShsOutDil": 828000000,
    "link": "https://www.sec.gov/Archives/edgar/data/27904/000095012309053249/0000950123-09-053249-index.htm",
    "finalLink": "https://www.sec.gov/Archives/edgar/data/27904/000095012309053249/g20908e10vq.htm"
  },
  {
    "date": "2009-06-30",
    "symbol": "DAL",
    "reportedCurrency": "USD",
    "cik": "0000027904",
    "fillingDate": "2009-07-24",
    "acceptedDate": "2009-07-24 17:03:11",
    "calendarYear": "2009",
    "period": "Q2",
    "revenue": 7000000000,
    "costOfRevenue": 3764000000,
    "grossProfit": 3236000000,
    "grossProfitRatio": 0.4622857143,
    "researchAndDevelopmentExpenses": 0,
    "generalAndAdministrativeExpenses": 2077000000,
    "sellingAndMarketingExpenses": 329000000,
    "sellingGeneralAndAdministrativeExpenses": 2406000000,
    "otherExpenses": 771000000,
    "operatingExpenses": 3177000000,
    "costAndExpenses": 6941000000,
    "interestIncome": 9000000,
    "interestExpense": 324000000,
    "depreciationAndAmortization": 383000000,
    "ebitda": 454000000,
    "ebitdaratio": 0.0648571429,
    "operatingIncome": 59000000,
    "operatingIncomeRatio": 0.0084285714,
    "totalOtherIncomeExpensesNet": -312000000,
    "incomeBeforeTax": -253000000,
    "incomeBeforeTaxRatio": -0.0361428571,
    "incomeTaxExpense": 4000000,
    "netIncome": -257000000,
    "netIncomeRatio": -0.0367142857,
    "eps": -0.31,
    "epsdiluted": -0.31,
    "weightedAverageShsOut": 827000000,
    "weightedAverageShsOutDil": 827000000,
    "link": "https://www.sec.gov/Archives/edgar/data/27904/000095012309025381/0000950123-09-025381-index.htm",
    "finalLink": "https://www.sec.gov/Archives/edgar/data/27904/000095012309025381/g19787e10vq.htm"
  },
  {
    "date": "2009-03-31",
    "symbol": "DAL",
    "reportedCurrency": "USD",
    "cik": "0000027904",
    "fillingDate": "2009-04-23",
    "acceptedDate": "2009-04-23 17:20:02",
    "calendarYear": "2009",
    "period": "Q1",
    "revenue": 6684000000,
    "costOfRevenue": 3355000000,
    "grossProfit": 3329000000,
    "grossProfitRatio": 0.4980550569,
    "researchAndDevelopmentExpenses": 0,
    "generalAndAdministrativeExpenses": 1706000000,
    "sellingAndMarketingExpenses": 356000000,
    "sellingGeneralAndAdministrativeExpenses": 2062000000,
    "otherExpenses": 777000000,
    "operatingExpenses": 2839000000,
    "costAndExpenses": 6194000000,
    "interestIncome": 10000000,
    "interestExpense": 308000000,
    "depreciationAndAmortization": 384000000,
    "ebitda": -102000000,
    "ebitdaratio": -0.0152603232,
    "operatingIncome": 490000000,
    "operatingIncomeRatio": 0.0733093956,
    "totalOtherIncomeExpensesNet": -1284000000,
    "incomeBeforeTax": -794000000,
    "incomeBeforeTaxRatio": -0.118791143,
    "incomeTaxExpense": 0,
    "netIncome": -794000000,
    "netIncomeRatio": -0.118791143,
    "eps": -0.96,
    "epsdiluted": -0.96,
    "weightedAverageShsOut": 825000000,
    "weightedAverageShsOutDil": 825000000,
    "link": "https://www.sec.gov/Archives/edgar/data/27904/000095014409003498/0000950144-09-003498-index.htm",
    "finalLink": "https://www.sec.gov/Archives/edgar/data/27904/000095014409003498/g18656e10vq.htm"
  },
  {
    "date": "2008-12-31",
    "symbol": "DAL",
    "reportedCurrency": "USD",
    "cik": "0000027904",
    "fillingDate": "2009-03-02",
    "acceptedDate": "2009-03-02 17:12:29",
    "calendarYear": "2008",
    "period": "Q4",
    "revenue": 6713000000,
    "costOfRevenue": 3619000000,
    "grossProfit": 3094000000,
    "grossProfitRatio": 0.4608967675,
    "researchAndDevelopmentExpenses": 0,
    "generalAndAdministrativeExpenses": 1533000000,
    "sellingAndMarketingExpenses": 298000000,
    "sellingGeneralAndAdministrativeExpenses": 1831000000,
    "otherExpenses": 591000000,
    "operatingExpenses": 2422000000,
    "costAndExpenses": 6041000000,
    "interestIncome": 19000000,
    "interestExpense": 277000000,
    "depreciationAndAmortization": 374000000,
    "ebitda": -787000000,
    "ebitdaratio": -0.1172352153,
    "operatingIncome": 672000000,
    "operatingIncomeRatio": 0.1001042753,
    "totalOtherIncomeExpensesNet": -2110000000,
    "incomeBeforeTax": -1438000000,
    "incomeBeforeTaxRatio": -0.2142112319,
    "incomeTaxExpense": 0,
    "netIncome": -1438000000,
    "netIncomeRatio": -0.2142112319,
    "eps": -1.74,
    "epsdiluted": -1.74,
    "weightedAverageShsOut": 827080000,
    "weightedAverageShsOutDil": 827080000,
    "link": "https://www.sec.gov/Archives/edgar/data/27904/000119312509042726/0001193125-09-042726-index.htm",
    "finalLink": "https://www.sec.gov/Archives/edgar/data/27904/000119312509042726/d10k.htm"
  },
  {
    "date": "2008-09-30",
    "symbol": "DAL",
    "reportedCurrency": "USD",
    "cik": "0000027904",
    "fillingDate": "2008-10-16",
    "acceptedDate": "2008-10-16 17:06:17",
    "calendarYear": "2008",
    "period": "Q3",
    "revenue": 5719000000,
    "costOfRevenue": 3311000000,
    "grossProfit": 2408000000,
    "grossProfitRatio": 0.4210526316,
    "researchAndDevelopmentExpenses": 0,
    "generalAndAdministrativeExpenses": 1086000000,
    "sellingAndMarketingExpenses": 259000000,
    "sellingGeneralAndAdministrativeExpenses": 1345000000,
    "otherExpenses": 410000000,
    "operatingExpenses": 1755000000,
    "costAndExpenses": 5066000000,
    "interestIncome": 21000000,
    "interestExpense": 140000000,
    "depreciationAndAmortization": 293000000,
    "ebitda": 383000000,
    "ebitdaratio": 0.06696975,
    "operatingIncome": 653000000,
    "operatingIncomeRatio": 0.1141808008,
    "totalOtherIncomeExpensesNet": -703000000,
    "incomeBeforeTax": -50000000,
    "incomeBeforeTaxRatio": -0.0087427872,
    "incomeTaxExpense": 0,
    "netIncome": -50000000,
    "netIncomeRatio": -0.0087427872,
    "eps": -0.13,
    "epsdiluted": -0.13,
    "weightedAverageShsOut": 395700000,
    "weightedAverageShsOutDil": 395700000,
    "link": "https://www.sec.gov/Archives/edgar/data/27904/000119312508211682/0001193125-08-211682-index.htm",
    "finalLink": "https://www.sec.gov/Archives/edgar/data/27904/000119312508211682/d10q.htm"
  },
  {
    "date": "2008-06-30",
    "symbol": "DAL",
    "reportedCurrency": "USD",
    "cik": "0000027904",
    "fillingDate": "2008-07-17",
    "acceptedDate": "2008-07-17 16:47:09",
    "calendarYear": "2008",
    "period": "Q2",
    "revenue": 5499000000,
    "costOfRevenue": 3062000000,
    "grossProfit": 2437000000,
    "grossProfitRatio": 0.4431714857,
    "researchAndDevelopmentExpenses": 0,
    "generalAndAdministrativeExpenses": 1092000000,
    "sellingAndMarketingExpenses": 248000000,
    "sellingGeneralAndAdministrativeExpenses": 1340000000,
    "otherExpenses": 404000000,
    "operatingExpenses": 1744000000,
    "costAndExpenses": 4806000000,
    "interestIncome": 25000000,
    "interestExpense": 141000000,
    "depreciationAndAmortization": 302000000,
    "ebitda": -720000000,
    "ebitdaratio": -0.1309328969,
    "operatingIncome": 693000000,
    "operatingIncomeRatio": 0.1260229133,
    "totalOtherIncomeExpensesNet": -1856000000,
    "incomeBeforeTax": -1163000000,
    "incomeBeforeTaxRatio": -0.2114929987,
    "incomeTaxExpense": -119000000,
    "netIncome": -1044000000,
    "netIncomeRatio": -0.1898527005,
    "eps": -2.64,
    "epsdiluted": -2.64,
    "weightedAverageShsOut": 396000000,
    "weightedAverageShsOutDil": 396000000,
    "link": "https://www.sec.gov/Archives/edgar/data/27904/000119312508152871/0001193125-08-152871-index.htm",
    "finalLink": "https://www.sec.gov/Archives/edgar/data/27904/000119312508152871/d10q.htm"
  },
  {
    "date": "2008-03-31",
    "symbol": "DAL",
    "reportedCurrency": "USD",
    "cik": "0000027904",
    "fillingDate": "2008-04-25",
    "acceptedDate": "2008-04-25 17:22:34",
    "calendarYear": "2008",
    "period": "Q1",
    "revenue": 4766000000,
    "costOfRevenue": 2725000000,
    "grossProfit": 2041000000,
    "grossProfitRatio": 0.4282417121,
    "researchAndDevelopmentExpenses": 0,
    "generalAndAdministrativeExpenses": 1091000000,
    "sellingAndMarketingExpenses": 225000000,
    "sellingGeneralAndAdministrativeExpenses": 1316000000,
    "otherExpenses": 408000000,
    "operatingExpenses": 1724000000,
    "costAndExpenses": 4449000000,
    "interestIncome": 27000000,
    "interestExpense": 147000000,
    "depreciationAndAmortization": 297000000,
    "ebitda": -5946000000,
    "ebitdaratio": -1.2475870751,
    "operatingIncome": 317000000,
    "operatingIncomeRatio": 0.066512799,
    "totalOtherIncomeExpensesNet": -6707000000,
    "incomeBeforeTax": -6390000000,
    "incomeBeforeTaxRatio": -1.3407469576,
    "incomeTaxExpense": 0,
    "netIncome": -6390000000,
    "netIncomeRatio": -1.3407469576,
    "eps": -16.15,
    "epsdiluted": -16.15,
    "weightedAverageShsOut": 395670000,
    "weightedAverageShsOutDil": 395670000,
    "link": "https://www.sec.gov/Archives/edgar/data/27904/000119312508091257/0001193125-08-091257-index.htm",
    "finalLink": "https://www.sec.gov/Archives/edgar/data/27904/000119312508091257/d10q.htm"
  },
  {
    "date": "2007-12-31",
    "symbol": "DAL",
    "reportedCurrency": "USD",
    "cik": "0000027904",
    "fillingDate": "2008-02-15",
    "acceptedDate": "2008-02-15 17:08:30",
    "calendarYear": "2007",
    "period": "Q4",
    "revenue": 4783000000,
    "costOfRevenue": 0,
    "grossProfit": 0,
    "grossProfitRatio": 0,
    "researchAndDevelopmentExpenses": 0,
    "generalAndAdministrativeExpenses": 0,
    "sellingAndMarketingExpenses": 0,
    "sellingGeneralAndAdministrativeExpenses": 1491000000,
    "otherExpenses": 3194000000,
    "operatingExpenses": 4685000000,
    "costAndExpenses": 4685000000,
    "interestIncome": 0,
    "interestExpense": 0,
    "depreciationAndAmortization": 288000000,
    "ebitda": 386000000,
    "ebitdaratio": 0.080702488,
    "operatingIncome": 98000000,
    "operatingIncomeRatio": 0.0204892327,
    "totalOtherIncomeExpensesNet": -203000000,
    "incomeBeforeTax": -105000000,
    "incomeBeforeTaxRatio": -0.0219527493,
    "incomeTaxExpense": -35000000,
    "netIncome": -70000000,
    "netIncomeRatio": -0.0146351662,
    "eps": -0.18,
    "epsdiluted": -0.18,
    "weightedAverageShsOut": 382300000,
    "weightedAverageShsOutDil": 395600000,
    "link": "https://www.sec.gov/Archives/edgar/data/27904/000119312508032611/0001193125-08-032611-index.htm",
    "finalLink": "https://www.sec.gov/Archives/edgar/data/27904/000119312508032611/d10k.htm"
  },
  {
    "date": "2007-09-30",
    "symbol": "DAL",
    "reportedCurrency": "USD",
    "cik": "0000027904",
    "fillingDate": "2007-10-31",
    "acceptedDate": "2007-10-31 17:09:13",
    "calendarYear": "2007",
    "period": "Q3",
    "revenue": 5227000000,
    "costOfRevenue": 2458000000,
    "grossProfit": 2769000000,
    "grossProfitRatio": 0.5297493782,
    "researchAndDevelopmentExpenses": 0,
    "generalAndAdministrativeExpenses": 1109000000,
    "sellingAndMarketingExpenses": 248000000,
    "sellingGeneralAndAdministrativeExpenses": 1357000000,
    "otherExpenses": 483000000,
    "operatingExpenses": 1840000000,
    "costAndExpenses": 4298000000,
    "interestIncome": 42000000,
    "interestExpense": 132000000,
    "depreciationAndAmortization": 297000000,
    "ebitda": 792000000,
    "ebitdaratio": 0.1515209489,
    "operatingIncome": 929000000,
    "operatingIncomeRatio": 0.1777310121,
    "totalOtherIncomeExpensesNet": -566000000,
    "incomeBeforeTax": 363000000,
    "incomeBeforeTaxRatio": 0.0694471016,
    "incomeTaxExpense": 143000000,
    "netIncome": 220000000,
    "netIncomeRatio": 0.0420891525,
    "eps": 0.56,
    "epsdiluted": 0.56,
    "weightedAverageShsOut": 393500000,
    "weightedAverageShsOutDil": 395100000,
    "link": "https://www.sec.gov/Archives/edgar/data/27904/000118811207003180/0001188112-07-003180-index.htm",
    "finalLink": "https://www.sec.gov/Archives/edgar/data/27904/000118811207003180/d22090_10-q.htm"
  },
  {
    "date": "2007-06-30",
    "symbol": "DAL",
    "reportedCurrency": "USD",
    "cik": "0000027904",
    "fillingDate": "2007-08-02",
    "acceptedDate": "2007-08-02 17:16:25",
    "calendarYear": "2007",
    "period": "Q2",
    "revenue": 5003000000,
    "costOfRevenue": 2218000000,
    "grossProfit": 2785000000,
    "grossProfitRatio": 0.5566660004,
    "researchAndDevelopmentExpenses": 0,
    "generalAndAdministrativeExpenses": 1039000000,
    "sellingAndMarketingExpenses": 253000000,
    "sellingGeneralAndAdministrativeExpenses": 1292000000,
    "otherExpenses": 527000000,
    "operatingExpenses": 1819000000,
    "costAndExpenses": 4037000000,
    "interestIncome": 37000000,
    "interestExpense": 182000000,
    "depreciationAndAmortization": 288000000,
    "ebitda": 2161000000,
    "ebitdaratio": 0.4319408355,
    "operatingIncome": 966000000,
    "operatingIncomeRatio": 0.1930841495,
    "totalOtherIncomeExpensesNet": 725000000,
    "incomeBeforeTax": 1691000000,
    "incomeBeforeTaxRatio": 0.3379972017,
    "incomeTaxExpense": 99000000,
    "netIncome": 1592000000,
    "netIncomeRatio": 0.3182090746,
    "eps": 4.82,
    "epsdiluted": 4.68,
    "weightedAverageShsOut": 330000000,
    "weightedAverageShsOutDil": 340400000,
    "link": "https://www.sec.gov/Archives/edgar/data/27904/000118811207002341/0001188112-07-002341-index.htm",
    "finalLink": "https://www.sec.gov/Archives/edgar/data/27904/000118811207002341/t60111_10q.htm"
  },
  {
    "date": "2007-03-31",
    "symbol": "DAL",
    "reportedCurrency": "USD",
    "cik": "0000027904",
    "fillingDate": "2007-04-27",
    "acceptedDate": "2007-04-27 14:16:44",
    "calendarYear": "2007",
    "period": "Q1",
    "revenue": 4241000000,
    "costOfRevenue": 926000000,
    "grossProfit": 3315000000,
    "grossProfitRatio": 0.78165527,
    "researchAndDevelopmentExpenses": 0,
    "generalAndAdministrativeExpenses": 971000000,
    "sellingAndMarketingExpenses": 220000000,
    "sellingGeneralAndAdministrativeExpenses": 1191000000,
    "otherExpenses": 1449000000,
    "operatingExpenses": 2640000000,
    "costAndExpenses": 3566000000,
    "interestIncome": 10000000,
    "interestExpense": 200000000,
    "depreciationAndAmortization": 291000000,
    "ebitda": 361000000,
    "ebitdaratio": 0.0851214336,
    "operatingIncome": 675000000,
    "operatingIncomeRatio": 0.1591605753,
    "totalOtherIncomeExpensesNet": -805000000,
    "incomeBeforeTax": -130000000,
    "incomeBeforeTaxRatio": -0.0306531478,
    "incomeTaxExpense": 0,
    "netIncome": -130000000,
    "netIncomeRatio": -0.0306531478,
    "eps": -0.66,
    "epsdiluted": -0.66,
    "weightedAverageShsOut": 197300000,
    "weightedAverageShsOutDil": 197300000,
    "link": "https://www.sec.gov/Archives/edgar/data/27904/000118811207001233/0001188112-07-001233-index.htm",
    "finalLink": "https://www.sec.gov/Archives/edgar/data/27904/000118811207001233/t14026_10q.htm"
  },
  {
    "date": "2006-12-31",
    "symbol": "DAL",
    "reportedCurrency": "USD",
    "cik": "0000027904",
    "fillingDate": "2007-03-02",
    "acceptedDate": "2007-03-02 15:46:52",
    "calendarYear": "2006",
    "period": "Q4",
    "revenue": 4138000000,
    "costOfRevenue": 0,
    "grossProfit": 0,
    "grossProfitRatio": 0,
    "researchAndDevelopmentExpenses": 0,
    "generalAndAdministrativeExpenses": 0,
    "sellingAndMarketingExpenses": 0,
    "sellingGeneralAndAdministrativeExpenses": 477000000,
    "otherExpenses": 3655000000,
    "operatingExpenses": 4132000000,
    "costAndExpenses": 4132000000,
    "interestIncome": 0,
    "interestExpense": 0,
    "depreciationAndAmortization": 364000000,
    "ebitda": 370000000,
    "ebitdaratio": 0.0894151764,
    "operatingIncome": 6000000,
    "operatingIncomeRatio": 0.0014499758,
    "totalOtherIncomeExpensesNet": -2712000000,
    "incomeBeforeTax": -2706000000,
    "incomeBeforeTaxRatio": -0.653939101,
    "incomeTaxExpense": -725000000,
    "netIncome": -1981000000,
    "netIncomeRatio": -0.4787336878,
    "eps": -10.06,
    "epsdiluted": -10.06,
    "weightedAverageShsOut": 196969697,
    "weightedAverageShsOutDil": 196969697,
    "link": "https://www.sec.gov/Archives/edgar/data/27904/000118811207000582/0001188112-07-000582-index.htm",
    "finalLink": "https://www.sec.gov/Archives/edgar/data/27904/000118811207000582/t13049_10k.htm"
  },
  {
    "date": "2006-09-30",
    "symbol": "DAL",
    "reportedCurrency": "USD",
    "cik": "0000027904",
    "fillingDate": "2006-11-09",
    "acceptedDate": "2006-11-09 17:14:43",
    "calendarYear": "2006",
    "period": "Q3",
    "revenue": 4751000000,
    "costOfRevenue": 0,
    "grossProfit": 0,
    "grossProfitRatio": 0,
    "researchAndDevelopmentExpenses": 0,
    "generalAndAdministrativeExpenses": 0,
    "sellingAndMarketingExpenses": 0,
    "sellingGeneralAndAdministrativeExpenses": 1500000000,
    "otherExpenses": 3083000000,
    "operatingExpenses": 4583000000,
    "costAndExpenses": 4583000000,
    "interestIncome": 0,
    "interestExpense": 0,
    "depreciationAndAmortization": 293000000,
    "ebitda": 461000000,
    "ebitdaratio": 0.0970322037,
    "operatingIncome": 168000000,
    "operatingIncomeRatio": 0.0353609766,
    "totalOtherIncomeExpensesNet": -139000000,
    "incomeBeforeTax": 29000000,
    "incomeBeforeTaxRatio": 0.0061039781,
    "incomeTaxExpense": -23000000,
    "netIncome": 52000000,
    "netIncomeRatio": 0.0109450642,
    "eps": 0.26,
    "epsdiluted": 0.22,
    "weightedAverageShsOut": 200000000,
    "weightedAverageShsOutDil": 236363636,
    "link": "https://www.sec.gov/Archives/edgar/data/27904/000118811206003350/0001188112-06-003350-index.htm",
    "finalLink": "https://www.sec.gov/Archives/edgar/data/27904/000118811206003350/t12005_10q.htm"
  },
  {
    "date": "2006-06-30",
    "symbol": "DAL",
    "reportedCurrency": "USD",
    "cik": "0000027904",
    "fillingDate": "2006-08-09",
    "acceptedDate": "2006-08-09 16:35:53",
    "calendarYear": "2006",
    "period": "Q2",
    "revenue": 4741000000,
    "costOfRevenue": 0,
    "grossProfit": 0,
    "grossProfitRatio": 0,
    "researchAndDevelopmentExpenses": 0,
    "generalAndAdministrativeExpenses": 0,
    "sellingAndMarketingExpenses": 0,
    "sellingGeneralAndAdministrativeExpenses": 412000000,
    "otherExpenses": 3960000000,
    "operatingExpenses": 4372000000,
    "costAndExpenses": 4372000000,
    "interestIncome": 0,
    "interestExpense": 0,
    "depreciationAndAmortization": 318000000,
    "ebitda": 687000000,
    "ebitdaratio": 0.1449061379,
    "operatingIncome": 369000000,
    "operatingIncomeRatio": 0.0778316811,
    "totalOtherIncomeExpensesNet": -2570000000,
    "incomeBeforeTax": -2201000000,
    "incomeBeforeTaxRatio": -0.4642480489,
    "incomeTaxExpense": 4000000,
    "netIncome": -2205000000,
    "netIncomeRatio": -0.4650917528,
    "eps": -11.18,
    "epsdiluted": -11.18,
    "weightedAverageShsOut": 197227191,
    "weightedAverageShsOutDil": 197227191,
    "link": "https://www.sec.gov/Archives/edgar/data/27904/000118811206002418/0001188112-06-002418-index.htm",
    "finalLink": "https://www.sec.gov/Archives/edgar/data/27904/000118811206002418/t11194_10q.htm"
  },
  {
    "date": "2006-03-31",
    "symbol": "DAL",
    "reportedCurrency": "USD",
    "cik": "0000027904",
    "fillingDate": "2006-05-12",
    "acceptedDate": "2006-05-12 15:46:31",
    "calendarYear": "2006",
    "period": "Q1",
    "revenue": 3719000000,
    "costOfRevenue": 0,
    "grossProfit": 0,
    "grossProfitRatio": 0,
    "researchAndDevelopmentExpenses": 0,
    "generalAndAdministrativeExpenses": 0,
    "sellingAndMarketingExpenses": 0,
    "sellingGeneralAndAdministrativeExpenses": 553000000,
    "otherExpenses": 3651000000,
    "operatingExpenses": 4204000000,
    "costAndExpenses": 4204000000,
    "interestIncome": 0,
    "interestExpense": 0,
    "depreciationAndAmortization": 301000000,
    "ebitda": -184000000,
    "ebitdaratio": -0.0494756655,
    "operatingIncome": -485000000,
    "operatingIncomeRatio": -0.1304114009,
    "totalOtherIncomeExpensesNet": -1605000000,
    "incomeBeforeTax": -2090000000,
    "incomeBeforeTaxRatio": -0.5619790266,
    "incomeTaxExpense": -21000000,
    "netIncome": -2069000000,
    "netIncomeRatio": -0.5563323474,
    "eps": -10.67,
    "epsdiluted": -10.67,
    "weightedAverageShsOut": 193913858,
    "weightedAverageShsOutDil": 193913858,
    "link": "https://www.sec.gov/Archives/edgar/data/27904/000095014406004929/0000950144-06-004929-index.htm",
    "finalLink": "https://www.sec.gov/Archives/edgar/data/27904/000095014406004929/g01448e10vq.htm"
  },
  {
    "date": "2005-12-31",
    "symbol": "DAL",
    "reportedCurrency": "USD",
    "cik": "0000027904",
    "fillingDate": "2006-03-27",
    "acceptedDate": "2006-03-27 17:03:25",
    "calendarYear": "2005",
    "period": "Q4",
    "revenue": 4143000000,
    "costOfRevenue": 0,
    "grossProfit": 0,
    "grossProfitRatio": 0,
    "researchAndDevelopmentExpenses": 0,
    "generalAndAdministrativeExpenses": 0,
    "sellingAndMarketingExpenses": 0,
    "sellingGeneralAndAdministrativeExpenses": 484000000,
    "otherExpenses": 4334000000,
    "operatingExpenses": 4818000000,
    "costAndExpenses": 4818000000,
    "interestIncome": 0,
    "interestExpense": 0,
    "depreciationAndAmortization": 317000000,
    "ebitda": -358000000,
    "ebitdaratio": -0.0864108134,
    "operatingIncome": -675000000,
    "operatingIncomeRatio": -0.1629254164,
    "totalOtherIncomeExpensesNet": -462000000,
    "incomeBeforeTax": -1137000000,
    "incomeBeforeTaxRatio": -0.2744388125,
    "incomeTaxExpense": 98000000,
    "netIncome": -1235000000,
    "netIncomeRatio": -0.2980931692,
    "eps": -6.52,
    "epsdiluted": -6.37,
    "weightedAverageShsOut": 189472648,
    "weightedAverageShsOutDil": 193913858,
    "link": "https://www.sec.gov/Archives/edgar/data/27904/000095014406002765/0000950144-06-002765-index.htm",
    "finalLink": "https://www.sec.gov/Archives/edgar/data/27904/000095014406002765/g00293e10vk.htm"
  },
  {
    "date": "2005-09-30",
    "symbol": "DAL",
    "reportedCurrency": "USD",
    "cik": "0000027904",
    "fillingDate": "2005-11-14",
    "acceptedDate": "2005-11-10 21:45:21",
    "calendarYear": "2005",
    "period": "Q3",
    "revenue": 4308000000,
    "costOfRevenue": 0,
    "grossProfit": 0,
    "grossProfitRatio": 0,
    "researchAndDevelopmentExpenses": 0,
    "generalAndAdministrativeExpenses": 0,
    "sellingAndMarketingExpenses": 0,
    "sellingGeneralAndAdministrativeExpenses": 491000000,
    "otherExpenses": 4057000000,
    "operatingExpenses": 4548000000,
    "costAndExpenses": 4548000000,
    "interestIncome": 0,
    "interestExpense": 0,
    "depreciationAndAmortization": 317000000,
    "ebitda": 77000000,
    "ebitdaratio": 0.0178737233,
    "operatingIncome": -240000000,
    "operatingIncomeRatio": -0.0557103064,
    "totalOtherIncomeExpensesNet": -867000000,
    "incomeBeforeTax": -1107000000,
    "incomeBeforeTaxRatio": -0.2569637883,
    "incomeTaxExpense": 23000000,
    "netIncome": -1130000000,
    "netIncomeRatio": -0.2623026927,
    "eps": -6.71,
    "epsdiluted": -6.71,
    "weightedAverageShsOut": 168499257,
    "weightedAverageShsOutDil": 168499257,
    "link": "https://www.sec.gov/Archives/edgar/data/27904/000095014405011677/0000950144-05-011677-index.htm",
    "finalLink": "https://www.sec.gov/Archives/edgar/data/27904/000095014405011677/g97897e10vq.htm"
  },
  {
    "date": "2005-06-30",
    "symbol": "DAL",
    "reportedCurrency": "USD",
    "cik": "0000027904",
    "fillingDate": "2005-08-15",
    "acceptedDate": "2005-08-15 17:22:56",
    "calendarYear": "2005",
    "period": "Q2",
    "revenue": 4249000000,
    "costOfRevenue": 0,
    "grossProfit": 0,
    "grossProfitRatio": 0,
    "researchAndDevelopmentExpenses": 0,
    "generalAndAdministrativeExpenses": 0,
    "sellingAndMarketingExpenses": 0,
    "sellingGeneralAndAdministrativeExpenses": 497000000,
    "otherExpenses": 3881000000,
    "operatingExpenses": 4378000000,
    "costAndExpenses": 4378000000,
    "interestIncome": 0,
    "interestExpense": 0,
    "depreciationAndAmortization": 326000000,
    "ebitda": 197000000,
    "ebitdaratio": 0.0463638503,
    "operatingIncome": -129000000,
    "operatingIncomeRatio": -0.0303600847,
    "totalOtherIncomeExpensesNet": -271000000,
    "incomeBeforeTax": -400000000,
    "incomeBeforeTaxRatio": -0.0941397976,
    "incomeTaxExpense": -18000000,
    "netIncome": -382000000,
    "netIncomeRatio": -0.0899035067,
    "eps": -2.6,
    "epsdiluted": -2.6,
    "weightedAverageShsOut": 146969697,
    "weightedAverageShsOutDil": 146969697,
    "link": "https://www.sec.gov/Archives/edgar/data/27904/000095014405008808/0000950144-05-008808-index.htm",
    "finalLink": "https://www.sec.gov/Archives/edgar/data/27904/000095014405008808/g96694e10vq.htm"
  },
  {
    "date": "2005-03-31",
    "symbol": "DAL",
    "reportedCurrency": "USD",
    "cik": "0000027904",
    "fillingDate": "2005-05-10",
    "acceptedDate": "2005-05-09 20:07:27",
    "calendarYear": "2005",
    "period": "Q1",
    "revenue": 3706000000,
    "costOfRevenue": 0,
    "grossProfit": 0,
    "grossProfitRatio": 0,
    "researchAndDevelopmentExpenses": 0,
    "generalAndAdministrativeExpenses": 0,
    "sellingAndMarketingExpenses": 0,
    "sellingGeneralAndAdministrativeExpenses": 487000000,
    "otherExpenses": 4176000000,
    "operatingExpenses": 4663000000,
    "costAndExpenses": 4663000000,
    "interestIncome": 0,
    "interestExpense": 0,
    "depreciationAndAmortization": 313000000,
    "ebitda": -644000000,
    "ebitdaratio": -0.1737722612,
    "operatingIncome": -957000000,
    "operatingIncomeRatio": -0.2582298975,
    "totalOtherIncomeExpensesNet": -258000000,
    "incomeBeforeTax": -1215000000,
    "incomeBeforeTaxRatio": -0.327846735,
    "incomeTaxExpense": -144000000,
    "netIncome": -1071000000,
    "netIncomeRatio": -0.2889908257,
    "eps": -7.6,
    "epsdiluted": -7.6,
    "weightedAverageShsOut": 140837696,
    "weightedAverageShsOutDil": 140837696,
    "link": "https://www.sec.gov/Archives/edgar/data/27904/000095014405005152/0000950144-05-005152-index.htm",
    "finalLink": "https://www.sec.gov/Archives/edgar/data/27904/000095014405005152/g94949e10vq.htm"
  },
  {
    "date": "2004-12-31",
    "symbol": "DAL",
    "reportedCurrency": "USD",
    "cik": "0000027904",
    "fillingDate": "2005-03-11",
    "acceptedDate": "2005-03-11 17:30:42",
    "calendarYear": "2004",
    "period": "Q4",
    "revenue": 3641000000,
    "costOfRevenue": 0,
    "grossProfit": 0,
    "grossProfitRatio": 0,
    "researchAndDevelopmentExpenses": 0,
    "generalAndAdministrativeExpenses": -4292000000,
    "sellingAndMarketingExpenses": 106000000,
    "sellingGeneralAndAdministrativeExpenses": -4186000000,
    "otherExpenses": 8208000000,
    "operatingExpenses": 4022000000,
    "costAndExpenses": 4022000000,
    "interestIncome": 0,
    "interestExpense": 0,
    "depreciationAndAmortization": 315000000,
    "ebitda": -66000000,
    "ebitdaratio": -0.0181268882,
    "operatingIncome": -381000000,
    "operatingIncomeRatio": -0.104641582,
    "totalOtherIncomeExpensesNet": -1932000000,
    "incomeBeforeTax": -2313000000,
    "incomeBeforeTaxRatio": -0.6352650371,
    "incomeTaxExpense": -107000000,
    "netIncome": -2206000000,
    "netIncomeRatio": -0.6058775062,
    "eps": -15.65,
    "epsdiluted": -15.65,
    "weightedAverageShsOut": 140924006,
    "weightedAverageShsOutDil": 140924006,
    "link": "https://www.sec.gov/Archives/edgar/data/27904/000095014405002419/0000950144-05-002419-index.htm",
    "finalLink": "https://www.sec.gov/Archives/edgar/data/27904/000095014405002419/x93459e10vkza.htm"
  },
  {
    "date": "2004-09-30",
    "symbol": "DAL",
    "reportedCurrency": "USD",
    "cik": "0000027904",
    "fillingDate": "2004-11-15",
    "acceptedDate": "2004-11-15 15:42:02",
    "calendarYear": "2004",
    "period": "Q3",
    "revenue": 3871000000,
    "costOfRevenue": 0,
    "grossProfit": 0,
    "grossProfitRatio": 0,
    "researchAndDevelopmentExpenses": 0,
    "generalAndAdministrativeExpenses": 2145000000,
    "sellingAndMarketingExpenses": 125000000,
    "sellingGeneralAndAdministrativeExpenses": 469000000,
    "otherExpenses": 3825000000,
    "operatingExpenses": 4294000000,
    "costAndExpenses": 4294000000,
    "interestIncome": 0,
    "interestExpense": 0,
    "depreciationAndAmortization": 311000000,
    "ebitda": -112000000,
    "ebitdaratio": -0.0289330922,
    "operatingIncome": -423000000,
    "operatingIncomeRatio": -0.1092740894,
    "totalOtherIncomeExpensesNet": -229000000,
    "incomeBeforeTax": -652000000,
    "incomeBeforeTaxRatio": -0.1684319297,
    "incomeTaxExpense": -6000000,
    "netIncome": -646000000,
    "netIncomeRatio": -0.1668819427,
    "eps": -5.12,
    "epsdiluted": -5.12,
    "weightedAverageShsOut": 126150521,
    "weightedAverageShsOutDil": 126150521,
    "link": "https://www.sec.gov/Archives/edgar/data/27904/000095014404011159/0000950144-04-011159-index.htm",
    "finalLink": "https://www.sec.gov/Archives/edgar/data/27904/000095014404011159/g91847e10vq.htm"
  },
  {
    "date": "2004-06-30",
    "symbol": "DAL",
    "reportedCurrency": "USD",
    "cik": "0000027904",
    "fillingDate": "2004-08-09",
    "acceptedDate": "2004-08-09 16:42:12",
    "calendarYear": "2004",
    "period": "Q2",
    "revenue": 3961000000,
    "costOfRevenue": 0,
    "grossProfit": 0,
    "grossProfitRatio": 0,
    "researchAndDevelopmentExpenses": 0,
    "generalAndAdministrativeExpenses": 2111000000,
    "sellingAndMarketingExpenses": 145000000,
    "sellingGeneralAndAdministrativeExpenses": 2053000000,
    "otherExpenses": 2149000000,
    "operatingExpenses": 4202000000,
    "costAndExpenses": 4202000000,
    "interestIncome": 0,
    "interestExpense": 0,
    "depreciationAndAmortization": 311000000,
    "ebitda": 70000000,
    "ebitdaratio": 0.017672305,
    "operatingIncome": -241000000,
    "operatingIncomeRatio": -0.0608432214,
    "totalOtherIncomeExpensesNet": -188000000,
    "incomeBeforeTax": -429000000,
    "incomeBeforeTaxRatio": -0.1083059833,
    "incomeTaxExpense": 1534000000,
    "netIncome": -1963000000,
    "netIncomeRatio": -0.4955819238,
    "eps": -15.74,
    "epsdiluted": -15.74,
    "weightedAverageShsOut": 124690747,
    "weightedAverageShsOutDil": 124690747,
    "link": "https://www.sec.gov/Archives/edgar/data/27904/000116796604000604/0001167966-04-000604-index.htm",
    "finalLink": "https://www.sec.gov/Archives/edgar/data/27904/000116796604000604/a1275delta_10qa.htm"
  },
  {
    "date": "2004-03-31",
    "symbol": "DAL",
    "reportedCurrency": "USD",
    "cik": "0000027904",
    "fillingDate": "2004-05-10",
    "acceptedDate": "2004-05-10 08:15:09",
    "calendarYear": "2004",
    "period": "Q1",
    "revenue": 3529000000,
    "costOfRevenue": 0,
    "grossProfit": 0,
    "grossProfitRatio": 0,
    "researchAndDevelopmentExpenses": 0,
    "generalAndAdministrativeExpenses": 2114000000,
    "sellingAndMarketingExpenses": 126000000,
    "sellingGeneralAndAdministrativeExpenses": 2067000000,
    "otherExpenses": 1850000000,
    "operatingExpenses": 3917000000,
    "costAndExpenses": 3917000000,
    "interestIncome": 0,
    "interestExpense": 0,
    "depreciationAndAmortization": 307000000,
    "ebitda": -81000000,
    "ebitdaratio": -0.0229526778,
    "operatingIncome": -388000000,
    "operatingIncomeRatio": -0.1099461604,
    "totalOtherIncomeExpensesNet": -210000000,
    "incomeBeforeTax": -598000000,
    "incomeBeforeTaxRatio": -0.1694531029,
    "incomeTaxExpense": -215000000,
    "netIncome": -383000000,
    "netIncomeRatio": -0.1085293284,
    "eps": -3.09,
    "epsdiluted": -3.09,
    "weightedAverageShsOut": 123879082,
    "weightedAverageShsOutDil": 123879082,
    "link": "https://www.sec.gov/Archives/edgar/data/27904/000114544304000810/0001145443-04-000810-index.htm",
    "finalLink": "https://www.sec.gov/Archives/edgar/data/27904/000114544304000810/d14629_10q.htm"
  },
  {
    "date": "2003-12-31",
    "symbol": "DAL",
    "reportedCurrency": "USD",
    "cik": "0000027904",
    "fillingDate": "2004-03-12",
    "acceptedDate": "2004-03-12 17:09:15",
    "calendarYear": "2003",
    "period": "Q4",
    "revenue": 3398000000,
    "costOfRevenue": 0,
    "grossProfit": 0,
    "grossProfitRatio": 0,
    "researchAndDevelopmentExpenses": 0,
    "generalAndAdministrativeExpenses": 2047000000,
    "sellingAndMarketingExpenses": 112000000,
    "sellingGeneralAndAdministrativeExpenses": 2159000000,
    "otherExpenses": 1605000000,
    "operatingExpenses": 3764000000,
    "costAndExpenses": 3764000000,
    "interestIncome": 0,
    "interestExpense": 0,
    "depreciationAndAmortization": 307000000,
    "ebitda": -59000000,
    "ebitdaratio": -0.0173631548,
    "operatingIncome": -366000000,
    "operatingIncomeRatio": -0.1077104179,
    "totalOtherIncomeExpensesNet": -146000000,
    "incomeBeforeTax": -512000000,
    "incomeBeforeTaxRatio": -0.1506768687,
    "incomeTaxExpense": -185000000,
    "netIncome": -327000000,
    "netIncomeRatio": -0.0962330783,
    "eps": -2.64,
    "epsdiluted": -2.64,
    "weightedAverageShsOut": 123636586,
    "weightedAverageShsOutDil": 123879082,
    "link": "https://www.sec.gov/Archives/edgar/data/27904/000095014404002423/0000950144-04-002423-index.htm",
    "finalLink": "https://www.sec.gov/Archives/edgar/data/27904/000095014404002423/g87427e10vk.htm"
  },
  {
    "date": "2003-09-30",
    "symbol": "DAL",
    "reportedCurrency": "USD",
    "cik": "0000027904",
    "fillingDate": "2003-11-14",
    "acceptedDate": "2003-11-14 06:02:26",
    "calendarYear": "2003",
    "period": "Q3",
    "revenue": 3657000000,
    "costOfRevenue": 0,
    "grossProfit": 0,
    "grossProfitRatio": 0,
    "researchAndDevelopmentExpenses": 0,
    "generalAndAdministrativeExpenses": 2038000000,
    "sellingAndMarketingExpenses": 128000000,
    "sellingGeneralAndAdministrativeExpenses": 2166000000,
    "otherExpenses": 1572000000,
    "operatingExpenses": 3738000000,
    "costAndExpenses": 3738000000,
    "interestIncome": 0,
    "interestExpense": 0,
    "depreciationAndAmortization": 298000000,
    "ebitda": 217000000,
    "ebitdaratio": 0.0593382554,
    "operatingIncome": -81000000,
    "operatingIncomeRatio": -0.0221493027,
    "totalOtherIncomeExpensesNet": -173000000,
    "incomeBeforeTax": -254000000,
    "incomeBeforeTaxRatio": -0.0694558381,
    "incomeTaxExpense": -90000000,
    "netIncome": -164000000,
    "netIncomeRatio": -0.0448455018,
    "eps": -1.33,
    "epsdiluted": -1.33,
    "weightedAverageShsOut": 123389862,
    "weightedAverageShsOutDil": 123389862,
    "link": "https://www.sec.gov/Archives/edgar/data/27904/000095014403012856/0000950144-03-012856-index.htm",
    "finalLink": "https://www.sec.gov/Archives/edgar/data/27904/000095014403012856/g85759e10vq.htm"
  },
  {
    "date": "2003-06-30",
    "symbol": "DAL",
    "reportedCurrency": "USD",
    "cik": "0000027904",
    "fillingDate": "2003-08-13",
    "acceptedDate": "2003-08-13 16:44:48",
    "calendarYear": "2003",
    "period": "Q2",
    "revenue": 3496000000,
    "costOfRevenue": 0,
    "grossProfit": 0,
    "grossProfitRatio": 0,
    "researchAndDevelopmentExpenses": 0,
    "generalAndAdministrativeExpenses": 2073000000,
    "sellingAndMarketingExpenses": 124000000,
    "sellingGeneralAndAdministrativeExpenses": 2197000000,
    "otherExpenses": 1103000000,
    "operatingExpenses": 3300000000,
    "costAndExpenses": 3300000000,
    "interestIncome": 0,
    "interestExpense": 0,
    "depreciationAndAmortization": 299000000,
    "ebitda": 495000000,
    "ebitdaratio": 0.141590389,
    "operatingIncome": 196000000,
    "operatingIncomeRatio": 0.0560640732,
    "totalOtherIncomeExpensesNet": 105000000,
    "incomeBeforeTax": 301000000,
    "incomeBeforeTaxRatio": 0.0860983982,
    "incomeTaxExpense": 117000000,
    "netIncome": 184000000,
    "netIncomeRatio": 0.0526315789,
    "eps": 1.49,
    "epsdiluted": 1.41,
    "weightedAverageShsOut": 123362811,
    "weightedAverageShsOutDil": 130518617,
    "link": "https://www.sec.gov/Archives/edgar/data/27904/000095014403009877/0000950144-03-009877-index.htm",
    "finalLink": "https://www.sec.gov/Archives/edgar/data/27904/000095014403009877/g84338e10vq.htm"
  },
  {
    "date": "2003-03-31",
    "symbol": "DAL",
    "reportedCurrency": "USD",
    "cik": "0000027904",
    "fillingDate": "2003-05-15",
    "acceptedDate": "2003-05-14 18:40:33",
    "calendarYear": "2003",
    "period": "Q1",
    "revenue": 3155000000,
    "costOfRevenue": 0,
    "grossProfit": 0,
    "grossProfitRatio": 0,
    "researchAndDevelopmentExpenses": 0,
    "generalAndAdministrativeExpenses": 2139000000,
    "sellingAndMarketingExpenses": 115000000,
    "sellingGeneralAndAdministrativeExpenses": 2254000000,
    "otherExpenses": 1436000000,
    "operatingExpenses": 3690000000,
    "costAndExpenses": 3690000000,
    "interestIncome": 0,
    "interestExpense": 0,
    "depreciationAndAmortization": 298000000,
    "ebitda": -237000000,
    "ebitdaratio": -0.075118859,
    "operatingIncome": -535000000,
    "operatingIncomeRatio": -0.1695721078,
    "totalOtherIncomeExpensesNet": -189000000,
    "incomeBeforeTax": -724000000,
    "incomeBeforeTaxRatio": -0.2294770206,
    "incomeTaxExpense": -258000000,
    "netIncome": -466000000,
    "netIncomeRatio": -0.1477020602,
    "eps": -3.78,
    "epsdiluted": -3.78,
    "weightedAverageShsOut": 123360418,
    "weightedAverageShsOutDil": 123360418,
    "link": "https://www.sec.gov/Archives/edgar/data/27904/000095014403006772/0000950144-03-006772-index.htm",
    "finalLink": "https://www.sec.gov/Archives/edgar/data/27904/000095014403006772/g82773e10vq.htm"
  },
  {
    "date": "2002-12-31",
    "symbol": "DAL",
    "reportedCurrency": "USD",
    "cik": "0000027904",
    "fillingDate": "2003-03-27",
    "acceptedDate": "2003-03-27 10:45:54",
    "calendarYear": "2002",
    "period": "Q4",
    "revenue": 3308000000,
    "costOfRevenue": 0,
    "grossProfit": 0,
    "grossProfitRatio": 0,
    "researchAndDevelopmentExpenses": 0,
    "generalAndAdministrativeExpenses": 2050000000,
    "sellingAndMarketingExpenses": 113000000,
    "sellingGeneralAndAdministrativeExpenses": 2163000000,
    "otherExpenses": 1507000000,
    "operatingExpenses": 3670000000,
    "costAndExpenses": 3670000000,
    "interestIncome": 0,
    "interestExpense": 0,
    "depreciationAndAmortization": 287000000,
    "ebitda": -75000000,
    "ebitdaratio": -0.0226723096,
    "operatingIncome": -362000000,
    "operatingIncomeRatio": -0.1094316808,
    "totalOtherIncomeExpensesNet": -224000000,
    "incomeBeforeTax": -586000000,
    "incomeBeforeTaxRatio": -0.177146312,
    "incomeTaxExpense": -223000000,
    "netIncome": -363000000,
    "netIncomeRatio": -0.1097339782,
    "eps": -2.94,
    "epsdiluted": -2.94,
    "weightedAverageShsOut": 123329673,
    "weightedAverageShsOutDil": 123360418,
    "link": "https://www.sec.gov/Archives/edgar/data/27904/000095014403003858/0000950144-03-003858-index.htm",
    "finalLink": "https://www.sec.gov/Archives/edgar/data/27904/000095014403003858/g81186e10vk.txt"
  },
  {
    "date": "2002-09-30",
    "symbol": "DAL",
    "reportedCurrency": "USD",
    "cik": "0000027904",
    "fillingDate": "2002-11-14",
    "acceptedDate": "2002-11-13 19:36:36",
    "calendarYear": "2002",
    "period": "Q3",
    "revenue": 3420000000,
    "costOfRevenue": 1135000000,
    "grossProfit": 2285000000,
    "grossProfitRatio": 0.668128655,
    "researchAndDevelopmentExpenses": 0,
    "generalAndAdministrativeExpenses": -319000000,
    "sellingAndMarketingExpenses": 72000000,
    "sellingGeneralAndAdministrativeExpenses": -247000000,
    "otherExpenses": 60000000,
    "operatingExpenses": -187000000,
    "costAndExpenses": 948000000,
    "interestIncome": 0,
    "interestExpense": 0,
    "depreciationAndAmortization": 289000000,
    "ebitda": 2761000000,
    "ebitdaratio": 0.8073099415,
    "operatingIncome": 2472000000,
    "operatingIncomeRatio": 0.7228070175,
    "totalOtherIncomeExpensesNet": -2999000000,
    "incomeBeforeTax": -527000000,
    "incomeBeforeTaxRatio": -0.1540935673,
    "incomeTaxExpense": -201000000,
    "netIncome": -326000000,
    "netIncomeRatio": -0.0953216374,
    "eps": -2.64,
    "epsdiluted": -2.64,
    "weightedAverageShsOut": 123285610,
    "weightedAverageShsOutDil": 123285610,
    "link": "https://www.sec.gov/Archives/edgar/data/27904/000095014402011694/0000950144-02-011694-index.htm",
    "finalLink": "https://www.sec.gov/Archives/edgar/data/27904/000095014402011694/g79198e10vq.htm"
  },
  {
    "date": "2002-06-30",
    "symbol": "DAL",
    "reportedCurrency": "USD",
    "cik": "0000027904",
    "fillingDate": "2002-08-13",
    "acceptedDate": "2002-08-13 16:35:11",
    "calendarYear": "2002",
    "period": "Q2",
    "revenue": 3474000000,
    "costOfRevenue": 1105000000,
    "grossProfit": 2369000000,
    "grossProfitRatio": 0.6819228555,
    "researchAndDevelopmentExpenses": 0,
    "generalAndAdministrativeExpenses": -339000000,
    "sellingAndMarketingExpenses": 89000000,
    "sellingGeneralAndAdministrativeExpenses": -250000000,
    "otherExpenses": 9000000,
    "operatingExpenses": -241000000,
    "costAndExpenses": 864000000,
    "interestIncome": 0,
    "interestExpense": 0,
    "depreciationAndAmortization": 291000000,
    "ebitda": 2901000000,
    "ebitdaratio": 0.8350604491,
    "operatingIncome": 2610000000,
    "operatingIncomeRatio": 0.7512953368,
    "totalOtherIncomeExpensesNet": -2897000000,
    "incomeBeforeTax": -287000000,
    "incomeBeforeTaxRatio": -0.0826137018,
    "incomeTaxExpense": -101000000,
    "netIncome": -186000000,
    "netIncomeRatio": -0.0535405872,
    "eps": -1.51,
    "epsdiluted": -1.51,
    "weightedAverageShsOut": 123243476,
    "weightedAverageShsOutDil": 123243476,
    "link": "https://www.sec.gov/Archives/edgar/data/27904/000095014402008448/0000950144-02-008448-index.htm",
    "finalLink": "https://www.sec.gov/Archives/edgar/data/27904/000095014402008448/g77552e10vq.htm"
  },
  {
    "date": "2002-03-31",
    "symbol": "DAL",
    "reportedCurrency": "USD",
    "cik": "0000027904",
    "fillingDate": "2002-05-14",
    "acceptedDate": "2002-05-14 16:08:53",
    "calendarYear": "2002",
    "period": "Q1",
    "revenue": 3103000000,
    "costOfRevenue": 1083000000,
    "grossProfit": 2020000000,
    "grossProfitRatio": 0.6509829198,
    "researchAndDevelopmentExpenses": 0,
    "generalAndAdministrativeExpenses": -343000000,
    "sellingAndMarketingExpenses": 107000000,
    "sellingGeneralAndAdministrativeExpenses": -236000000,
    "otherExpenses": -15000000,
    "operatingExpenses": -251000000,
    "costAndExpenses": 832000000,
    "interestIncome": 0,
    "interestExpense": 0,
    "depreciationAndAmortization": 281000000,
    "ebitda": 2552000000,
    "ebitdaratio": 0.8224299065,
    "operatingIncome": 2271000000,
    "operatingIncomeRatio": 0.7318723816,
    "totalOtherIncomeExpensesNet": -2873000000,
    "incomeBeforeTax": -602000000,
    "incomeBeforeTaxRatio": -0.1940058008,
    "incomeTaxExpense": -205000000,
    "netIncome": -397000000,
    "netIncomeRatio": -0.1279407025,
    "eps": -3.22,
    "epsdiluted": -3.22,
    "weightedAverageShsOut": 123244160,
    "weightedAverageShsOutDil": 123244160,
    "link": "https://www.sec.gov/Archives/edgar/data/27904/000095014402005376/0000950144-02-005376-index.htm",
    "finalLink": "https://www.sec.gov/Archives/edgar/data/27904/000095014402005376/g76008e10-q.htm"
  },
  {
    "date": "2001-12-31",
    "symbol": "DAL",
    "reportedCurrency": "USD",
    "cik": "0000027904",
    "fillingDate": "2002-03-28",
    "acceptedDate": "2002-03-28 00:00:00",
    "calendarYear": "2001",
    "period": "Q4",
    "revenue": 2863000000,
    "costOfRevenue": 0,
    "grossProfit": 0,
    "grossProfitRatio": 0,
    "researchAndDevelopmentExpenses": 0,
    "generalAndAdministrativeExpenses": -4169000000,
    "sellingAndMarketingExpenses": 119000000,
    "sellingGeneralAndAdministrativeExpenses": -4050000000,
    "otherExpenses": 8035000000,
    "operatingExpenses": 3985000000,
    "costAndExpenses": 3985000000,
    "interestIncome": 0,
    "interestExpense": 0,
    "depreciationAndAmortization": 310000000,
    "ebitda": -812000000,
    "ebitdaratio": -0.2836185819,
    "operatingIncome": -1122000000,
    "operatingIncomeRatio": -0.3918966119,
    "totalOtherIncomeExpensesNet": -13000000,
    "incomeBeforeTax": -1135000000,
    "incomeBeforeTaxRatio": -0.3964373035,
    "incomeTaxExpense": -401000000,
    "netIncome": -734000000,
    "netIncomeRatio": -0.2563744324,
    "eps": -5.96,
    "epsdiluted": -5.96,
    "weightedAverageShsOut": 123244160,
    "weightedAverageShsOutDil": 123244160,
    "link": "https://www.sec.gov/Archives/edgar/data/27904/000095014402002943/0000950144-02-002943-index.htm",
    "finalLink": "https://www.sec.gov/Archives/edgar/data/27904/000095014402002943/g74838e10-k405.txt"
  },
  {
    "date": "2001-09-30",
    "symbol": "DAL",
    "reportedCurrency": "USD",
    "cik": "0000027904",
    "fillingDate": "2001-11-14",
    "acceptedDate": "2001-11-14 00:00:00",
    "calendarYear": "2001",
    "period": "Q3",
    "revenue": 3398000000,
    "costOfRevenue": 1059000000,
    "grossProfit": 2339000000,
    "grossProfitRatio": 0.6883460859,
    "researchAndDevelopmentExpenses": 0,
    "generalAndAdministrativeExpenses": -366000000,
    "sellingAndMarketingExpenses": 137000000,
    "sellingGeneralAndAdministrativeExpenses": -229000000,
    "otherExpenses": 195000000,
    "operatingExpenses": -34000000,
    "costAndExpenses": 1025000000,
    "interestIncome": 0,
    "interestExpense": 0,
    "depreciationAndAmortization": 318000000,
    "ebitda": 2691000000,
    "ebitdaratio": 0.7919364332,
    "operatingIncome": 2373000000,
    "operatingIncomeRatio": 0.6983519717,
    "totalOtherIncomeExpensesNet": -2781000000,
    "incomeBeforeTax": -408000000,
    "incomeBeforeTaxRatio": -0.1200706298,
    "incomeTaxExpense": -149000000,
    "netIncome": -259000000,
    "netIncomeRatio": -0.0762213067,
    "eps": -2.1,
    "epsdiluted": -2.1,
    "weightedAverageShsOut": 123144899,
    "weightedAverageShsOutDil": 123144899,
    "link": "https://www.sec.gov/Archives/edgar/data/27904/000095014401509139/0000950144-01-509139-index.htm",
    "finalLink": "https://www.sec.gov/Archives/edgar/data/27904/000095014401509139/g72592e10-q.htm"
  },
  {
    "date": "2001-06-30",
    "symbol": "DAL",
    "reportedCurrency": "USD",
    "cik": "0000027904",
    "fillingDate": "2001-08-13",
    "acceptedDate": "2001-08-13 00:00:00",
    "calendarYear": "2001",
    "period": "Q2",
    "revenue": 3776000000,
    "costOfRevenue": 1252000000,
    "grossProfit": 2524000000,
    "grossProfitRatio": 0.6684322034,
    "researchAndDevelopmentExpenses": 0,
    "generalAndAdministrativeExpenses": -357000000,
    "sellingAndMarketingExpenses": 144000000,
    "sellingGeneralAndAdministrativeExpenses": -213000000,
    "otherExpenses": -12000000,
    "operatingExpenses": -225000000,
    "costAndExpenses": 1027000000,
    "interestIncome": 0,
    "interestExpense": 0,
    "depreciationAndAmortization": 331000000,
    "ebitda": 3080000000,
    "ebitdaratio": 0.8156779661,
    "operatingIncome": 2749000000,
    "operatingIncomeRatio": 0.7280190678,
    "totalOtherIncomeExpensesNet": -2848000000,
    "incomeBeforeTax": -99000000,
    "incomeBeforeTaxRatio": -0.0262182203,
    "incomeTaxExpense": -9000000,
    "netIncome": -90000000,
    "netIncomeRatio": -0.0238347458,
    "eps": -0.73,
    "epsdiluted": -0.73,
    "weightedAverageShsOut": 123052899,
    "weightedAverageShsOutDil": 123052899,
    "link": "https://www.sec.gov/Archives/edgar/data/27904/000095014401505583/0000950144-01-505583-index.htm",
    "finalLink": "https://www.sec.gov/Archives/edgar/data/27904/000095014401505583/g70925e10-q.htm"
  },
  {
    "date": "2001-03-31",
    "symbol": "DAL",
    "reportedCurrency": "USD",
    "cik": "0000027904",
    "fillingDate": "2001-05-11",
    "acceptedDate": "2001-05-11 00:00:00",
    "calendarYear": "2001",
    "period": "Q1",
    "revenue": 3842000000,
    "costOfRevenue": 1320000000,
    "grossProfit": 2522000000,
    "grossProfitRatio": 0.6564289433,
    "researchAndDevelopmentExpenses": 0,
    "generalAndAdministrativeExpenses": -348000000,
    "sellingAndMarketingExpenses": 141000000,
    "sellingGeneralAndAdministrativeExpenses": -207000000,
    "otherExpenses": -38000000,
    "operatingExpenses": -245000000,
    "costAndExpenses": 1075000000,
    "interestIncome": 0,
    "interestExpense": 0,
    "depreciationAndAmortization": 324000000,
    "ebitda": 3091000000,
    "ebitdaratio": 0.8045288912,
    "operatingIncome": 2767000000,
    "operatingIncomeRatio": 0.7201978136,
    "totalOtherIncomeExpensesNet": -2989000000,
    "incomeBeforeTax": -222000000,
    "incomeBeforeTaxRatio": -0.057782405,
    "incomeTaxExpense": -89000000,
    "netIncome": -133000000,
    "netIncomeRatio": -0.0346173868,
    "eps": -1.08,
    "epsdiluted": -1.08,
    "weightedAverageShsOut": 123030903,
    "weightedAverageShsOutDil": 123030903,
    "link": "https://www.sec.gov/Archives/edgar/data/27904/000095014401501932/0000950144-01-501932-index.htm",
    "finalLink": "https://www.sec.gov/Archives/edgar/data/27904/000095014401501932/g68691e10-q.txt"
  },
  {
    "date": "2000-09-30",
    "symbol": "DAL",
    "reportedCurrency": "USD",
    "cik": "0000027904",
    "fillingDate": "2000-11-14",
    "acceptedDate": "2000-11-14 00:00:00",
    "calendarYear": "2000",
    "period": "Q3",
    "revenue": 3911000000,
    "costOfRevenue": 1140000000,
    "grossProfit": 2771000000,
    "grossProfitRatio": 0.7085144464,
    "researchAndDevelopmentExpenses": 0,
    "generalAndAdministrativeExpenses": -381000000,
    "sellingAndMarketingExpenses": 169000000,
    "sellingGeneralAndAdministrativeExpenses": -212000000,
    "otherExpenses": -10000000,
    "operatingExpenses": -222000000,
    "costAndExpenses": 918000000,
    "interestIncome": 0,
    "interestExpense": 0,
    "depreciationAndAmortization": 281000000,
    "ebitda": 3274000000,
    "ebitdaratio": 0.8371260547,
    "operatingIncome": 2993000000,
    "operatingIncomeRatio": 0.7652774227,
    "totalOtherIncomeExpensesNet": -2629000000,
    "incomeBeforeTax": 364000000,
    "incomeBeforeTaxRatio": 0.0930708259,
    "incomeTaxExpense": 147000000,
    "netIncome": 217000000,
    "netIncomeRatio": 0.0554845308,
    "eps": 1.08,
    "epsdiluted": 1.02,
    "weightedAverageShsOut": 122925632,
    "weightedAverageShsOutDil": 130531655,
    "link": "https://www.sec.gov/Archives/edgar/data/27904/000095014400013814/0000950144-00-013814-index.htm",
    "finalLink": "https://www.sec.gov/Archives/edgar/data/27904/000095014400013814/g65348e10-q.txt"
  },
  {
    "date": "2000-06-30",
    "symbol": "DAL",
    "reportedCurrency": "USD",
    "cik": "0000027904",
    "fillingDate": "2000-09-27",
    "acceptedDate": "2000-09-27 00:00:00",
    "calendarYear": "2000",
    "period": "Q2",
    "revenue": 4338000000,
    "costOfRevenue": 0,
    "grossProfit": 0,
    "grossProfitRatio": 0,
    "researchAndDevelopmentExpenses": 0,
    "generalAndAdministrativeExpenses": 2124000000,
    "sellingAndMarketingExpenses": 70000000,
    "sellingGeneralAndAdministrativeExpenses": 2194000000,
    "otherExpenses": 1568000000,
    "operatingExpenses": 3762000000,
    "costAndExpenses": 3762000000,
    "interestIncome": 0,
    "interestExpense": 0,
    "depreciationAndAmortization": 301000000,
    "ebitda": 877000000,
    "ebitdaratio": 0.2021668972,
    "operatingIncome": 576000000,
    "operatingIncomeRatio": 0.132780083,
    "totalOtherIncomeExpensesNet": 168000000,
    "incomeBeforeTax": 744000000,
    "incomeBeforeTaxRatio": 0.1715076072,
    "incomeTaxExpense": 302000000,
    "netIncome": 376000000,
    "netIncomeRatio": 0.0866758875,
    "eps": 2.96,
    "epsdiluted": 2.96,
    "weightedAverageShsOut": 126883323,
    "weightedAverageShsOutDil": 126883323,
    "link": "https://www.sec.gov/Archives/edgar/data/27904/000095014400011723/0000950144-00-011723-index.htm",
    "finalLink": "https://www.sec.gov/Archives/edgar/data/27904/000095014400011723/g64299e10-k405.txt"
  },
  {
    "date": "2000-03-31",
    "symbol": "DAL",
    "reportedCurrency": "USD",
    "cik": "0000027904",
    "fillingDate": "2000-05-15",
    "acceptedDate": "2000-05-15 00:00:00",
    "calendarYear": "2000",
    "period": "Q1",
    "revenue": 3960000000,
    "costOfRevenue": 1140000000,
    "grossProfit": 2820000000,
    "grossProfitRatio": 0.7121212121,
    "researchAndDevelopmentExpenses": 0,
    "generalAndAdministrativeExpenses": -344000000,
    "sellingAndMarketingExpenses": 169000000,
    "sellingGeneralAndAdministrativeExpenses": -175000000,
    "otherExpenses": 92000000,
    "operatingExpenses": -83000000,
    "costAndExpenses": 1057000000,
    "interestIncome": 0,
    "interestExpense": 0,
    "depreciationAndAmortization": 297000000,
    "ebitda": 3200000000,
    "ebitdaratio": 0.8080808081,
    "operatingIncome": 2903000000,
    "operatingIncomeRatio": 0.7330808081,
    "totalOtherIncomeExpensesNet": -2527000000,
    "incomeBeforeTax": 376000000,
    "incomeBeforeTaxRatio": 0.0949494949,
    "incomeTaxExpense": 153000000,
    "netIncome": 223000000,
    "netIncomeRatio": 0.0563131313,
    "eps": 1.76,
    "epsdiluted": 1.67,
    "weightedAverageShsOut": 126883323,
    "weightedAverageShsOutDil": 133587179,
    "link": "https://www.sec.gov/Archives/edgar/data/27904/000095014400006787/0000950144-00-006787-index.htm",
    "finalLink": "https://www.sec.gov/Archives/edgar/data/27904/000095014400006787/0000950144-00-006787.txt"
  },
  {
    "date": "1999-12-31",
    "symbol": "DAL",
    "reportedCurrency": "USD",
    "cik": "0000027904",
    "fillingDate": "2000-02-14",
    "acceptedDate": "2000-02-14 00:00:00",
    "calendarYear": "1999",
    "period": "Q4",
    "revenue": 3713000000,
    "costOfRevenue": 1049000000,
    "grossProfit": 2664000000,
    "grossProfitRatio": 0.7174791274,
    "researchAndDevelopmentExpenses": 0,
    "generalAndAdministrativeExpenses": -341000000,
    "sellingAndMarketingExpenses": 174000000,
    "sellingGeneralAndAdministrativeExpenses": -167000000,
    "otherExpenses": 107000000,
    "operatingExpenses": -60000000,
    "costAndExpenses": 989000000,
    "interestIncome": 0,
    "interestExpense": 0,
    "depreciationAndAmortization": 285000000,
    "ebitda": 3009000000,
    "ebitdaratio": 0.8103959063,
    "operatingIncome": 2724000000,
    "operatingIncomeRatio": 0.7336385672,
    "totalOtherIncomeExpensesNet": -2144000000,
    "incomeBeforeTax": 580000000,
    "incomeBeforeTaxRatio": 0.1562079181,
    "incomeTaxExpense": 228000000,
    "netIncome": 352000000,
    "netIncomeRatio": 0.0948020469,
    "eps": 2.64,
    "epsdiluted": 2.52,
    "weightedAverageShsOut": 133206107,
    "weightedAverageShsOutDil": 139600000,
    "link": "https://www.sec.gov/Archives/edgar/data/27904/000095014400002172/0000950144-00-002172-index.htm",
    "finalLink": "https://www.sec.gov/Archives/edgar/data/27904/000095014400002172/0000950144-00-002172.txt"
  },
  {
    "date": "1999-09-30",
    "symbol": "DAL",
    "reportedCurrency": "USD",
    "cik": "0000027904",
    "fillingDate": "1999-11-15",
    "acceptedDate": "1999-11-15 00:00:00",
    "calendarYear": "1999",
    "period": "Q3",
    "revenue": 3829000000,
    "costOfRevenue": 1078000000,
    "grossProfit": 2751000000,
    "grossProfitRatio": 0.718464351,
    "researchAndDevelopmentExpenses": 0,
    "generalAndAdministrativeExpenses": -377000000,
    "sellingAndMarketingExpenses": 203000000,
    "sellingGeneralAndAdministrativeExpenses": -174000000,
    "otherExpenses": -69000000,
    "operatingExpenses": -243000000,
    "costAndExpenses": 835000000,
    "interestIncome": 0,
    "interestExpense": 0,
    "depreciationAndAmortization": -396000000,
    "ebitda": 2598000000,
    "ebitdaratio": 0.6785061374,
    "operatingIncome": 2994000000,
    "operatingIncomeRatio": 0.7819273962,
    "totalOtherIncomeExpensesNet": -2425000000,
    "incomeBeforeTax": 569000000,
    "incomeBeforeTaxRatio": 0.1486027683,
    "incomeTaxExpense": 225000000,
    "netIncome": 278000000,
    "netIncomeRatio": 0.072603813,
    "eps": 2.55,
    "epsdiluted": 2.39,
    "weightedAverageShsOut": 138300991,
    "weightedAverageShsOutDil": 147360186,
    "link": "https://www.sec.gov/Archives/edgar/data/27904/000095014499013274/0000950144-99-013274-index.htm",
    "finalLink": "https://www.sec.gov/Archives/edgar/data/27904/000095014499013274/0000950144-99-013274.txt"
  },
  {
    "date": "1999-06-30",
    "symbol": "DAL",
    "reportedCurrency": "USD",
    "cik": "0000027904",
    "fillingDate": "1999-09-27",
    "acceptedDate": "1999-09-27 00:00:00",
    "calendarYear": "1999",
    "period": "Q2",
    "revenue": 3957000000,
    "costOfRevenue": 0,
    "grossProfit": 0,
    "grossProfitRatio": 0,
    "researchAndDevelopmentExpenses": 0,
    "generalAndAdministrativeExpenses": 8379000000,
    "sellingAndMarketingExpenses": 105000000,
    "sellingGeneralAndAdministrativeExpenses": 8484000000,
    "otherExpenses": 1698000000,
    "operatingExpenses": 10182000000,
    "costAndExpenses": 10182000000,
    "interestIncome": 0,
    "interestExpense": 0,
    "depreciationAndAmortization": 1653000000,
    "ebitda": -4572000000,
    "ebitdaratio": -1.1554207733,
    "operatingIncome": -6225000000,
    "operatingIncomeRatio": -1.573161486,
    "totalOtherIncomeExpensesNet": 6835000000,
    "incomeBeforeTax": 610000000,
    "incomeBeforeTaxRatio": 0.1541571898,
    "incomeTaxExpense": 246000000,
    "netIncome": 364000000,
    "netIncomeRatio": 0.0919888805,
    "eps": 2.64,
    "epsdiluted": 2.64,
    "weightedAverageShsOut": 137944664,
    "weightedAverageShsOutDil": 137944664,
    "link": "https://www.sec.gov/Archives/edgar/data/27904/000095014499011465/0000950144-99-011465-index.html",
    "finalLink": "https://www.sec.gov/Archives/edgar/data/27904/000095014499011465/"
  },
  {
    "date": "1999-03-31",
    "symbol": "DAL",
    "reportedCurrency": "USD",
    "cik": "0000027904",
    "fillingDate": "1999-05-14",
    "acceptedDate": "1999-05-14 00:00:00",
    "calendarYear": "1999",
    "period": "Q1",
    "revenue": 3504000000,
    "costOfRevenue": 934000000,
    "grossProfit": 2570000000,
    "grossProfitRatio": 0.7334474886,
    "researchAndDevelopmentExpenses": 0,
    "generalAndAdministrativeExpenses": -321000000,
    "sellingAndMarketingExpenses": 191000000,
    "sellingGeneralAndAdministrativeExpenses": -130000000,
    "otherExpenses": 60000000,
    "operatingExpenses": -70000000,
    "costAndExpenses": 864000000,
    "interestIncome": 0,
    "interestExpense": 0,
    "depreciationAndAmortization": -241000000,
    "ebitda": 2399000000,
    "ebitdaratio": 0.6846461187,
    "operatingIncome": 2640000000,
    "operatingIncomeRatio": 0.7534246575,
    "totalOtherIncomeExpensesNet": -2282000000,
    "incomeBeforeTax": 358000000,
    "incomeBeforeTaxRatio": 0.1021689498,
    "incomeTaxExpense": 142000000,
    "netIncome": 216000000,
    "netIncomeRatio": 0.0616438356,
    "eps": 1.52,
    "epsdiluted": 1.43,
    "weightedAverageShsOut": 141721854,
    "weightedAverageShsOutDil": 150704225,
    "link": "https://www.sec.gov/Archives/edgar/data/27904/000095014499005943/0000950144-99-005943-index.htm",
    "finalLink": "https://www.sec.gov/Archives/edgar/data/27904/0000950144-99-005943.txt"
  },
  {
    "date": "1998-12-31",
    "symbol": "DAL",
    "reportedCurrency": "USD",
    "cik": "0000027904",
    "fillingDate": "1999-02-12",
    "acceptedDate": "1999-02-12 00:00:00",
    "calendarYear": "1998",
    "period": "Q4",
    "revenue": 3448000000,
    "costOfRevenue": 981000000,
    "grossProfit": 2467000000,
    "grossProfitRatio": 0.715487239,
    "researchAndDevelopmentExpenses": 0,
    "generalAndAdministrativeExpenses": -339000000,
    "sellingAndMarketingExpenses": 208000000,
    "sellingGeneralAndAdministrativeExpenses": -131000000,
    "otherExpenses": 58000000,
    "operatingExpenses": -73000000,
    "costAndExpenses": 908000000,
    "interestIncome": 0,
    "interestExpense": 0,
    "depreciationAndAmortization": -233000000,
    "ebitda": 2307000000,
    "ebitdaratio": 0.6690835267,
    "operatingIncome": 2540000000,
    "operatingIncomeRatio": 0.7366589327,
    "totalOtherIncomeExpensesNet": -2220000000,
    "incomeBeforeTax": 320000000,
    "incomeBeforeTaxRatio": 0.0928074246,
    "incomeTaxExpense": 126000000,
    "netIncome": 194000000,
    "netIncomeRatio": 0.0562645012,
    "eps": 1.36,
    "epsdiluted": 1.31,
    "weightedAverageShsOut": 142537313,
    "weightedAverageShsOutDil": 148062016,
    "link": "https://www.sec.gov/Archives/edgar/data/27904/000093176399000409/0000931763-99-000409-index.html",
    "finalLink": "https://www.sec.gov/Archives/edgar/data/27904/"
  },
  {
    "date": "1998-09-30",
    "symbol": "DAL",
    "reportedCurrency": "USD",
    "cik": "0000027904",
    "fillingDate": "1998-11-16",
    "acceptedDate": "1998-11-16 00:00:00",
    "calendarYear": "1998",
    "period": "Q3",
    "revenue": 3802000000,
    "costOfRevenue": 1214000000,
    "grossProfit": 2588000000,
    "grossProfitRatio": 0.6806943714,
    "researchAndDevelopmentExpenses": 0,
    "generalAndAdministrativeExpenses": -380000000,
    "sellingAndMarketingExpenses": 252000000,
    "sellingGeneralAndAdministrativeExpenses": 1818000000,
    "otherExpenses": 218000000,
    "operatingExpenses": 2036000000,
    "costAndExpenses": 3250000000,
    "interestIncome": 0,
    "interestExpense": 0,
    "depreciationAndAmortization": -218000000,
    "ebitda": 334000000,
    "ebitdaratio": 0.0878485008,
    "operatingIncome": 552000000,
    "operatingIncomeRatio": 0.1451867438,
    "totalOtherIncomeExpensesNet": -14000000,
    "incomeBeforeTax": 538000000,
    "incomeBeforeTaxRatio": 0.1415044713,
    "incomeTaxExpense": 211000000,
    "netIncome": 327000000,
    "netIncomeRatio": 0.0860073645,
    "eps": 4.45,
    "epsdiluted": 4.45,
    "weightedAverageShsOut": 73482933,
    "weightedAverageShsOutDil": 73482933,
    "link": "https://www.sec.gov/Archives/edgar/data/27904/000104746998041279/0001047469-98-041279-index.htm",
    "finalLink": "https://www.sec.gov/Archives/edgar/data/27904/0001047469-98-041279.txt"
  },
  {
    "date": "1998-06-30",
    "symbol": "DAL",
    "reportedCurrency": "USD",
    "cik": "0000027904",
    "fillingDate": "1998-09-28",
    "acceptedDate": "1998-09-28 00:00:00",
    "calendarYear": "1998",
    "period": "Q2",
    "revenue": 3764000000,
    "costOfRevenue": 0,
    "grossProfit": 0,
    "grossProfitRatio": 0,
    "researchAndDevelopmentExpenses": 0,
    "generalAndAdministrativeExpenses": 8282000000,
    "sellingAndMarketingExpenses": -48000000,
    "sellingGeneralAndAdministrativeExpenses": 8234000000,
    "otherExpenses": 1475000000,
    "operatingExpenses": 9709000000,
    "costAndExpenses": 9709000000,
    "interestIncome": 0,
    "interestExpense": 0,
    "depreciationAndAmortization": 1488000000,
    "ebitda": -4457000000,
    "ebitdaratio": -1.1841126461,
    "operatingIncome": -5945000000,
    "operatingIncomeRatio": -1.5794367694,
    "totalOtherIncomeExpensesNet": 6540000000,
    "incomeBeforeTax": 595000000,
    "incomeBeforeTaxRatio": 0.1580765143,
    "incomeTaxExpense": 233000000,
    "netIncome": 362000000,
    "netIncomeRatio": 0.0961742827,
    "eps": 4.93,
    "epsdiluted": 4.93,
    "weightedAverageShsOut": 73482933,
    "weightedAverageShsOutDil": 73482933,
    "link": "https://www.sec.gov/Archives/edgar/data/27904/000104746998035570/0001047469-98-035570-index.htm",
    "finalLink": "https://www.sec.gov/Archives/edgar/data/27904/0001047469-98-035570.txt"
  },
  {
    "date": "1998-03-31",
    "symbol": "DAL",
    "reportedCurrency": "USD",
    "cik": "0000027904",
    "fillingDate": "1998-05-14",
    "acceptedDate": "1998-05-14 00:00:00",
    "calendarYear": "1998",
    "period": "Q1",
    "revenue": 3390000000,
    "costOfRevenue": 930000000,
    "grossProfit": 2460000000,
    "grossProfitRatio": 0.7256637168,
    "researchAndDevelopmentExpenses": 0,
    "generalAndAdministrativeExpenses": -352000000,
    "sellingAndMarketingExpenses": 229000000,
    "sellingGeneralAndAdministrativeExpenses": -123000000,
    "otherExpenses": 34000000,
    "operatingExpenses": -89000000,
    "costAndExpenses": 841000000,
    "interestIncome": 0,
    "interestExpense": 0,
    "depreciationAndAmortization": -218000000,
    "ebitda": 2331000000,
    "ebitdaratio": 0.6876106195,
    "operatingIncome": 2549000000,
    "operatingIncomeRatio": 0.7519174041,
    "totalOtherIncomeExpensesNet": -2227000000,
    "incomeBeforeTax": 322000000,
    "incomeBeforeTaxRatio": 0.0949852507,
    "incomeTaxExpense": 127000000,
    "netIncome": 195000000,
    "netIncomeRatio": 0.0575221239,
    "eps": 1.3,
    "epsdiluted": 1.24,
    "weightedAverageShsOut": 149612403,
    "weightedAverageShsOutDil": 156910569,
    "link": "https://www.sec.gov/Archives/edgar/data/27904/000095014498006086/0000950144-98-006086-index.htm",
    "finalLink": "https://www.sec.gov/Archives/edgar/data/27904/0000950144-98-006086.txt"
  },
  {
    "date": "1997-12-31",
    "symbol": "DAL",
    "reportedCurrency": "USD",
    "cik": "0000027904",
    "fillingDate": "1998-02-17",
    "acceptedDate": "1998-02-17 00:00:00",
    "calendarYear": "1997",
    "period": "Q4",
    "revenue": 3434000000,
    "costOfRevenue": 990000000,
    "grossProfit": 2444000000,
    "grossProfitRatio": 0.7117064648,
    "researchAndDevelopmentExpenses": 0,
    "generalAndAdministrativeExpenses": -355000000,
    "sellingAndMarketingExpenses": 235000000,
    "sellingGeneralAndAdministrativeExpenses": -120000000,
    "otherExpenses": 30000000,
    "operatingExpenses": -90000000,
    "costAndExpenses": 900000000,
    "interestIncome": 0,
    "interestExpense": 0,
    "depreciationAndAmortization": -211000000,
    "ebitda": 2323000000,
    "ebitdaratio": 0.6764705882,
    "operatingIncome": 2534000000,
    "operatingIncomeRatio": 0.737914968,
    "totalOtherIncomeExpensesNet": -2221000000,
    "incomeBeforeTax": 313000000,
    "incomeBeforeTaxRatio": 0.09114735,
    "incomeTaxExpense": 123000000,
    "netIncome": 190000000,
    "netIncomeRatio": 0.0553290623,
    "eps": 1.28,
    "epsdiluted": 1.22,
    "weightedAverageShsOut": 148412698,
    "weightedAverageShsOutDil": 155833333,
    "link": "https://www.sec.gov/Archives/edgar/data/27904/000095014498001674/0000950144-98-001674-index.htm",
    "finalLink": "https://www.sec.gov/Archives/edgar/data/27904/0000950144-98-001674.txt"
  },
  {
    "date": "1997-09-30",
    "symbol": "DAL",
    "reportedCurrency": "USD",
    "cik": "0000027904",
    "fillingDate": "1997-11-14",
    "acceptedDate": "1997-11-14 00:00:00",
    "calendarYear": "1997",
    "period": "Q3",
    "revenue": 3553000000,
    "costOfRevenue": 984000000,
    "grossProfit": 2569000000,
    "grossProfitRatio": 0.7230509429,
    "researchAndDevelopmentExpenses": 0,
    "generalAndAdministrativeExpenses": -408000000,
    "sellingAndMarketingExpenses": 266000000,
    "sellingGeneralAndAdministrativeExpenses": -142000000,
    "otherExpenses": 30000000,
    "operatingExpenses": -112000000,
    "costAndExpenses": 872000000,
    "interestIncome": 0,
    "interestExpense": 0,
    "depreciationAndAmortization": -198000000,
    "ebitda": 2483000000,
    "ebitdaratio": 0.6988460456,
    "operatingIncome": 2681000000,
    "operatingIncomeRatio": 0.7545735998,
    "totalOtherIncomeExpensesNet": -2263000000,
    "incomeBeforeTax": 418000000,
    "incomeBeforeTaxRatio": 0.1176470588,
    "incomeTaxExpense": 164000000,
    "netIncome": 254000000,
    "netIncomeRatio": 0.0714888826,
    "eps": 3.45,
    "epsdiluted": 3.45,
    "weightedAverageShsOut": 73722230,
    "weightedAverageShsOutDil": 73722230,
    "link": "https://www.sec.gov/Archives/edgar/data/27904/000095014497012345/0000950144-97-012345-index.htm",
    "finalLink": "https://www.sec.gov/Archives/edgar/data/27904/0000950144-97-012345.txt"
  },
  {
    "date": "1997-06-30",
    "symbol": "DAL",
    "reportedCurrency": "USD",
    "cik": "0000027904",
    "fillingDate": "1997-09-29",
    "acceptedDate": "1997-09-29 00:00:00",
    "calendarYear": "1997",
    "period": "Q2",
    "revenue": 3541000000,
    "costOfRevenue": 0,
    "grossProfit": 0,
    "grossProfitRatio": 0,
    "researchAndDevelopmentExpenses": 0,
    "generalAndAdministrativeExpenses": 7365000000,
    "sellingAndMarketingExpenses": -88000000,
    "sellingGeneralAndAdministrativeExpenses": 7277000000,
    "otherExpenses": 2106000000,
    "operatingExpenses": 9383000000,
    "costAndExpenses": 9383000000,
    "interestIncome": 0,
    "interestExpense": 0,
    "depreciationAndAmortization": 1230000000,
    "ebitda": -4612000000,
    "ebitdaratio": -1.3024569331,
    "operatingIncome": -5842000000,
    "operatingIncomeRatio": -1.649816436,
    "totalOtherIncomeExpensesNet": 6337000000,
    "incomeBeforeTax": 495000000,
    "incomeBeforeTaxRatio": 0.1397910195,
    "incomeTaxExpense": 193000000,
    "netIncome": 302000000,
    "netIncomeRatio": 0.0852866422,
    "eps": 4.1,
    "epsdiluted": 4.1,
    "weightedAverageShsOut": 73722230,
    "weightedAverageShsOutDil": 73722230,
    "link": "https://www.sec.gov/Archives/edgar/data/27904/000095014497010440/0000950144-97-010440-index.htm",
    "finalLink": "https://www.sec.gov/Archives/edgar/data/27904/0000950144-97-010440.txt"
  },
  {
    "date": "1997-03-31",
    "symbol": "DAL",
    "reportedCurrency": "USD",
    "cik": "0000027904",
    "fillingDate": "1997-05-14",
    "acceptedDate": "1997-05-14 00:00:00",
    "calendarYear": "1997",
    "period": "Q1",
    "revenue": 3420000000,
    "costOfRevenue": 1004000000,
    "grossProfit": 2416000000,
    "grossProfitRatio": 0.7064327485,
    "researchAndDevelopmentExpenses": 0,
    "generalAndAdministrativeExpenses": -376000000,
    "sellingAndMarketingExpenses": 250000000,
    "sellingGeneralAndAdministrativeExpenses": -126000000,
    "otherExpenses": -3000000,
    "operatingExpenses": -129000000,
    "costAndExpenses": 875000000,
    "interestIncome": 0,
    "interestExpense": 0,
    "depreciationAndAmortization": -180000000,
    "ebitda": 2365000000,
    "ebitdaratio": 0.6915204678,
    "operatingIncome": 2545000000,
    "operatingIncomeRatio": 0.7441520468,
    "totalOtherIncomeExpensesNet": -2228000000,
    "incomeBeforeTax": 317000000,
    "incomeBeforeTaxRatio": 0.0926900585,
    "incomeTaxExpense": 128000000,
    "netIncome": 189000000,
    "netIncomeRatio": 0.0552631579,
    "eps": 2.51,
    "epsdiluted": 2.51,
    "weightedAverageShsOut": 75383704,
    "weightedAverageShsOutDil": 75383704,
    "link": "https://www.sec.gov/Archives/edgar/data/27904/000095014497005733/0000950144-97-005733-index.htm",
    "finalLink": "https://www.sec.gov/Archives/edgar/data/27904/0000950144-97-005733.txt"
  },
  {
    "date": "1996-12-31",
    "symbol": "DAL",
    "reportedCurrency": "USD",
    "cik": "0000027904",
    "fillingDate": "1997-02-14",
    "acceptedDate": "1997-02-14 00:00:00",
    "calendarYear": "1996",
    "period": "Q4",
    "revenue": 3197000000,
    "costOfRevenue": 1012000000,
    "grossProfit": 2185000000,
    "grossProfitRatio": 0.6834532374,
    "researchAndDevelopmentExpenses": 0,
    "generalAndAdministrativeExpenses": -379000000,
    "sellingAndMarketingExpenses": 237000000,
    "sellingGeneralAndAdministrativeExpenses": -142000000,
    "otherExpenses": 7000000,
    "operatingExpenses": -135000000,
    "costAndExpenses": 877000000,
    "interestIncome": 0,
    "interestExpense": 0,
    "depreciationAndAmortization": -188000000,
    "ebitda": 2132000000,
    "ebitdaratio": 0.6668751955,
    "operatingIncome": 2320000000,
    "operatingIncomeRatio": 0.7256803253,
    "totalOtherIncomeExpensesNet": -2115000000,
    "incomeBeforeTax": 205000000,
    "incomeBeforeTaxRatio": 0.064122615,
    "incomeTaxExpense": 80000000,
    "netIncome": 125000000,
    "netIncomeRatio": 0.0390991555,
    "eps": 1.66,
    "epsdiluted": 1.66,
    "weightedAverageShsOut": 75383704,
    "weightedAverageShsOutDil": 75383704,
    "link": "https://www.sec.gov/Archives/edgar/data/27904/000095014497001340/0000950144-97-001340-index.htm",
    "finalLink": "https://www.sec.gov/Archives/edgar/data/27904/0000950144-97-001340.txt"
  },
  {
    "date": "1996-09-30",
    "symbol": "DAL",
    "reportedCurrency": "USD",
    "cik": "0000027904",
    "fillingDate": "1996-11-14",
    "acceptedDate": "1996-11-14 00:00:00",
    "calendarYear": "1996",
    "period": "Q3",
    "revenue": 3432000000,
    "costOfRevenue": 979000000,
    "grossProfit": 2453000000,
    "grossProfitRatio": 0.7147435897,
    "researchAndDevelopmentExpenses": 0,
    "generalAndAdministrativeExpenses": -399000000,
    "sellingAndMarketingExpenses": 278000000,
    "sellingGeneralAndAdministrativeExpenses": -121000000,
    "otherExpenses": 15000000,
    "operatingExpenses": -106000000,
    "costAndExpenses": 873000000,
    "interestIncome": 0,
    "interestExpense": 0,
    "depreciationAndAmortization": -152000000,
    "ebitda": 2407000000,
    "ebitdaratio": 0.7013403263,
    "operatingIncome": 2559000000,
    "operatingIncomeRatio": 0.7456293706,
    "totalOtherIncomeExpensesNet": -2161000000,
    "incomeBeforeTax": 398000000,
    "incomeBeforeTaxRatio": 0.115967366,
    "incomeTaxExpense": 160000000,
    "netIncome": 238000000,
    "netIncomeRatio": 0.0693473193,
    "eps": 3.09,
    "epsdiluted": 3.09,
    "weightedAverageShsOut": 77045178,
    "weightedAverageShsOutDil": 77045178,
    "link": "https://www.sec.gov/Archives/edgar/data/27904/000093176396000925/0000931763-96-000925-index.htm",
    "finalLink": "https://www.sec.gov/Archives/edgar/data/27904/0000931763-96-000925.txt"
  },
  {
    "date": "1996-06-30",
    "symbol": "DAL",
    "reportedCurrency": "USD",
    "cik": "0000027904",
    "fillingDate": "1996-09-30",
    "acceptedDate": "1996-09-30 00:00:00",
    "calendarYear": "1996",
    "period": "Q2",
    "revenue": 3360000000,
    "costOfRevenue": -2402000000,
    "grossProfit": 5762000000,
    "grossProfitRatio": 1.7148809524,
    "researchAndDevelopmentExpenses": 0,
    "generalAndAdministrativeExpenses": 7168000000,
    "sellingAndMarketingExpenses": -171000000,
    "sellingGeneralAndAdministrativeExpenses": 6997000000,
    "otherExpenses": 4415000000,
    "operatingExpenses": 11412000000,
    "costAndExpenses": 9010000000,
    "interestIncome": 0,
    "interestExpense": 0,
    "depreciationAndAmortization": 1067000000,
    "ebitda": -4583000000,
    "ebitdaratio": -1.3639880952,
    "operatingIncome": -5650000000,
    "operatingIncomeRatio": -1.681547619,
    "totalOtherIncomeExpensesNet": 5913000000,
    "incomeBeforeTax": 263000000,
    "incomeBeforeTaxRatio": 0.0782738095,
    "incomeTaxExpense": 101000000,
    "netIncome": 162000000,
    "netIncomeRatio": 0.0482142857,
    "eps": 2.1,
    "epsdiluted": 2.1,
    "weightedAverageShsOut": 77045178,
    "weightedAverageShsOutDil": 77045178,
    "link": "https://www.sec.gov/Archives/edgar/data/27904/000095014496006709/0000950144-96-006709-index.htm",
    "finalLink": "https://www.sec.gov/Archives/edgar/data/27904/0000950144-96-006709.txt"
  },
  {
    "date": "1996-03-31",
    "symbol": "DAL",
    "reportedCurrency": "USD",
    "cik": "0000027904",
    "fillingDate": "1996-05-15",
    "acceptedDate": "1996-05-15 00:00:00",
    "calendarYear": "1996",
    "period": "Q1",
    "revenue": 2964000000,
    "costOfRevenue": 883000000,
    "grossProfit": 2081000000,
    "grossProfitRatio": 0.7020917679,
    "researchAndDevelopmentExpenses": 0,
    "generalAndAdministrativeExpenses": -361000000,
    "sellingAndMarketingExpenses": 241000000,
    "sellingGeneralAndAdministrativeExpenses": -120000000,
    "otherExpenses": 0,
    "operatingExpenses": -120000000,
    "costAndExpenses": 763000000,
    "interestIncome": 0,
    "interestExpense": 0,
    "depreciationAndAmortization": -142000000,
    "ebitda": 2059000000,
    "ebitdaratio": 0.6946693657,
    "operatingIncome": 2201000000,
    "operatingIncomeRatio": 0.7425775978,
    "totalOtherIncomeExpensesNet": -2647000000,
    "incomeBeforeTax": -446000000,
    "incomeBeforeTaxRatio": -0.1504723347,
    "incomeTaxExpense": -170000000,
    "netIncome": -276000000,
    "netIncomeRatio": -0.0931174089,
    "eps": -2.68,
    "epsdiluted": -2.68,
    "weightedAverageShsOut": 103114187,
    "weightedAverageShsOutDil": 103114187,
    "link": "https://www.sec.gov/Archives/edgar/data/27904/000093176396000210/0000931763-96-000210-index.htm",
    "finalLink": "https://www.sec.gov/Archives/edgar/data/27904/0000931763-96-000210.txt"
  },
  {
    "date": "1995-12-31",
    "symbol": "DAL",
    "reportedCurrency": "USD",
    "cik": "0000027904",
    "fillingDate": "1996-02-14",
    "acceptedDate": "1996-02-14 00:00:00",
    "calendarYear": "1995",
    "period": "Q4",
    "revenue": 2944000000,
    "costOfRevenue": 865000000,
    "grossProfit": 2079000000,
    "grossProfitRatio": 0.7061820652,
    "researchAndDevelopmentExpenses": 0,
    "generalAndAdministrativeExpenses": -400000000,
    "sellingAndMarketingExpenses": 246000000,
    "sellingGeneralAndAdministrativeExpenses": -154000000,
    "otherExpenses": 5000000,
    "operatingExpenses": -149000000,
    "costAndExpenses": 716000000,
    "interestIncome": 0,
    "interestExpense": 0,
    "depreciationAndAmortization": -145000000,
    "ebitda": 2083000000,
    "ebitdaratio": 0.7075407609,
    "operatingIncome": 2228000000,
    "operatingIncomeRatio": 0.7567934783,
    "totalOtherIncomeExpensesNet": -2105000000,
    "incomeBeforeTax": 123000000,
    "incomeBeforeTaxRatio": 0.0417798913,
    "incomeTaxExpense": 53000000,
    "netIncome": 70000000,
    "netIncomeRatio": 0.0237771739,
    "eps": 0.69,
    "epsdiluted": 0.69,
    "weightedAverageShsOut": 102127660,
    "weightedAverageShsOutDil": 102127660,
    "link": "https://www.sec.gov/Archives/edgar/data/27904/000095014496000459/0000950144-96-000459-index.htm",
    "finalLink": "https://www.sec.gov/Archives/edgar/data/27904/0000950144-96-000459.txt"
  },
  {
    "date": "1995-09-30",
    "symbol": "DAL",
    "reportedCurrency": "USD",
    "cik": "0000027904",
    "fillingDate": "1995-11-14",
    "acceptedDate": "1995-11-14 00:00:00",
    "calendarYear": "1995",
    "period": "Q3",
    "revenue": 3188000000,
    "costOfRevenue": 874000000,
    "grossProfit": 2314000000,
    "grossProfitRatio": 0.725846926,
    "researchAndDevelopmentExpenses": 0,
    "generalAndAdministrativeExpenses": -455000000,
    "sellingAndMarketingExpenses": 278000000,
    "sellingGeneralAndAdministrativeExpenses": -177000000,
    "otherExpenses": 5000000,
    "operatingExpenses": -172000000,
    "costAndExpenses": 702000000,
    "interestIncome": 0,
    "interestExpense": 0,
    "depreciationAndAmortization": -146000000,
    "ebitda": 2340000000,
    "ebitdaratio": 0.7340025094,
    "operatingIncome": 2486000000,
    "operatingIncomeRatio": 0.7797992472,
    "totalOtherIncomeExpensesNet": -2149000000,
    "incomeBeforeTax": 337000000,
    "incomeBeforeTaxRatio": 0.1057089084,
    "incomeTaxExpense": 136000000,
    "netIncome": 201000000,
    "netIncomeRatio": 0.0630489335,
    "eps": 3.93,
    "epsdiluted": 1.99,
    "weightedAverageShsOut": 51144098,
    "weightedAverageShsOutDil": 101063830,
    "link": "https://www.sec.gov/Archives/edgar/data/27904/000095014495003203/0000950144-95-003203-index.htm",
    "finalLink": "https://www.sec.gov/Archives/edgar/data/27904/0000950144-95-003203.txt"
  },
  {
    "date": "1995-06-30",
    "symbol": "DAL",
    "reportedCurrency": "USD",
    "cik": "0000027904",
    "fillingDate": "1995-09-28",
    "acceptedDate": "1995-09-28 00:00:00",
    "calendarYear": "1995",
    "period": "Q2",
    "revenue": 3216000000,
    "costOfRevenue": 0,
    "grossProfit": 0,
    "grossProfitRatio": 0,
    "researchAndDevelopmentExpenses": 0,
    "generalAndAdministrativeExpenses": 3204000000,
    "sellingAndMarketingExpenses": -287000000,
    "sellingGeneralAndAdministrativeExpenses": 2917000000,
    "otherExpenses": 6630000000,
    "operatingExpenses": 9547000000,
    "costAndExpenses": 9547000000,
    "interestIncome": 0,
    "interestExpense": 0,
    "depreciationAndAmortization": 1045000000,
    "ebitda": -5286000000,
    "ebitdaratio": -1.6436567164,
    "operatingIncome": -6331000000,
    "operatingIncomeRatio": -1.9685945274,
    "totalOtherIncomeExpensesNet": 6737000000,
    "incomeBeforeTax": 406000000,
    "incomeBeforeTaxRatio": 0.1262437811,
    "incomeTaxExpense": 155000000,
    "netIncome": 251000000,
    "netIncomeRatio": 0.0780472637,
    "eps": 4.91,
    "epsdiluted": 2.48,
    "weightedAverageShsOut": 51144098,
    "weightedAverageShsOutDil": 101063830,
    "link": "https://www.sec.gov/Archives/edgar/data/27904/000095014495002692/0000950144-95-002692-index.htm",
    "finalLink": "https://www.sec.gov/Archives/edgar/data/27904/0000950144-95-002692.txt"
  }
]