[
  {
    "date": "2024-12-31",
    "symbol": "DAL",
    "reportedCurrency": "USD",
    "cik": "0000027904",
    "fillingDate": "2025-02-11",
    "acceptedDate": "2025-02-11 17:02:24",
    "calendarYear": "2024",
    "period": "FY",
    "revenue": 61643000000,
    "costOfRevenue": 45086000000,
    "grossProfit": 16557000000,
    "grossProfitRatio": 0.2685949743,
    "researchAndDevelopmentExpenses": 0,
    "generalAndAdministrativeExpenses": 1389000000,
    "sellingAndMarketingExpenses": 2485000000,
    "sellingGeneralAndAdministrativeExpenses": 3874000000,
    "otherExpenses": 6688000000,
    "operatingExpenses": 10562000000,
    "costAndExpenses": 55648000000,
    "interestIncome": 0,
    "interestExpense": 747000000,
    "depreciationAndAmortization": 2513000000,
    "ebitda": 7918000000,
    "ebitdaratio": 0.1284492968,
    "operatingIncome": 5995000000,
    "operatingIncomeRatio": 0.0972535405,
    "totalOtherIncomeExpensesNet": -1337000000,
    "incomeBeforeTax": 4658000000,
    "incomeBeforeTaxRatio": 0.0755641354,
    "incomeTaxExpense": 1201000000,
    "netIncome": 3457000000,
    "netIncomeRatio": 0.0560809824,
    "eps": 5.33,
    "epsdiluted": 5.33,
    "weightedAverageShsOut": 648000000,
    "weightedAverageShsOutDil": 648000000,
    "link": "https://www.sec.gov/Archives/edgar/data/27904/000002790425000004/0000027904-25-000004-index.htm",
    "finalLink": "https://www.sec.gov/Archives/edgar/data/27904/000002790425000004/dal-20241231.htm"
  },
  {
    "date": "2023-12-31",
    "symbol": "DAL",
    "reportedCurrency": "USD",
    "cik": "0000027904",
    "fillingDate": "2024-02-12",
    "acceptedDate": "2024-02-12 17:04:29",
    "calendarYear": "2023",
    "period": "FY",
    "revenue": 58048000000,
    "costOfRevenue": 42530000000,
    "grossProfit": 15518000000,
    "grossProfitRatio": 0.2673304851,
    "researchAndDevelopmentExpenses": 0,
    "generalAndAdministrativeExpenses": 1383000000,
    "sellingAndMarketingExpenses": 2334000000,
    "sellingGeneralAndAdministrativeExpenses": 3717000000,
    "otherExpenses": 6280000000,
    "operatingExpenses": 9997000000,
    "costAndExpenses": 52527000000,
    "interestIncome": 0,
    "interestExpense": 834000000,
    "depreciationAndAmortization": 2341000000,
    "ebitda": 8783000000,
    "ebitdaratio": 0.1513058159,
    "operatingIncome": 5521000000,
    "operatingIncomeRatio": 0.0951109427,
    "totalOtherIncomeExpensesNet": 87000000,
    "incomeBeforeTax": 5608000000,
    "incomeBeforeTaxRatio": 0.0966097023,
    "incomeTaxExpense": 999000000,
    "netIncome": 4609000000,
    "netIncomeRatio": 0.0793998071,
    "eps": 7.21,
    "epsdiluted": 7.17,
    "weightedAverageShsOut": 639000000,
    "weightedAverageShsOutDil": 643000000,
    "link": "https://www.sec.gov/Archives/edgar/data/27904/000002790424000003/0000027904-24-000003-index.htm",
    "finalLink": "https://www.sec.gov/Archives/edgar/data/27904/000002790424000003/dal-20231231.htm"
  },
  {
    "date": "2022-12-31",
    "symbol": "DAL",
    "reportedCurrency": "USD",
    "cik": "0000027904",
    "fillingDate": "2023-02-10",
    "acceptedDate": "2023-02-10 16:38:33",
    "calendarYear": "2022",
    "period": "FY",
    "revenue": 50582000000,
    "costOfRevenue": 39422000000,
    "grossProfit": 11160000000,
    "grossProfitRatio": 0.2206318453,
    "researchAndDevelopmentExpenses": 0,
    "generalAndAdministrativeExpenses": 563000000,
    "sellingAndMarketingExpenses": 1891000000,
    "sellingGeneralAndAdministrativeExpenses": 2454000000,
    "otherExpenses": 5045000000,
    "operatingExpenses": 7499000000,
    "costAndExpenses": 46921000000,
    "interestIncome": 0,
    "interestExpense": 1029000000,
    "depreciationAndAmortization": 2107000000,
    "ebitda": 5050000000,
    "ebitdaratio": 0.099837887,
    "operatingIncome": 3661000000,
    "operatingIncomeRatio": 0.0723775256,
    "totalOtherIncomeExpensesNet": -1747000000,
    "incomeBeforeTax": 1914000000,
    "incomeBeforeTaxRatio": 0.0378395477,
    "incomeTaxExpense": 596000000,
    "netIncome": 1318000000,
    "netIncomeRatio": 0.0260567,
    "eps": 2.07,
    "epsdiluted": 2.06,
    "weightedAverageShsOut": 638000000,
    "weightedAverageShsOutDil": 641000000,
    "link": "https://www.sec.gov/Archives/edgar/data/27904/000002790423000003/0000027904-23-000003-index.htm",
    "finalLink": "https://www.sec.gov/Archives/edgar/data/27904/000002790423000003/dal-20221231.htm"
  },
  {
    "date": "2021-12-31",
    "symbol": "DAL",
    "reportedCurrency": "USD",
    "cik": "0000027904",
    "fillingDate": "2022-02-11",
    "acceptedDate": "2022-02-11 16:49:30",
    "calendarYear": "2021",
    "period": "FY",
    "revenue": 29899000000,
    "costOfRevenue": 27766000000,
    "grossProfit": 2133000000,
    "grossProfitRatio": 0.0713401786,
    "researchAndDevelopmentExpenses": 0,
    "generalAndAdministrativeExpenses": -451000000,
    "sellingAndMarketingExpenses": 953000000,
    "sellingGeneralAndAdministrativeExpenses": 502000000,
    "otherExpenses": -255000000,
    "operatingExpenses": 247000000,
    "costAndExpenses": 28013000000,
    "interestIncome": 0,
    "interestExpense": 1279000000,
    "depreciationAndAmortization": 1998000000,
    "ebitda": 3675000000,
    "ebitdaratio": 0.1229138098,
    "operatingIncome": 1886000000,
    "operatingIncomeRatio": 0.0630790327,
    "totalOtherIncomeExpensesNet": -1488000000,
    "incomeBeforeTax": 398000000,
    "incomeBeforeTaxRatio": 0.013311482,
    "incomeTaxExpense": 118000000,
    "netIncome": 280000000,
    "netIncomeRatio": 0.0093648617,
    "eps": 0.44,
    "epsdiluted": 0.44,
    "weightedAverageShsOut": 636000000,
    "weightedAverageShsOutDil": 641000000,
    "link": "https://www.sec.gov/Archives/edgar/data/27904/000002790422000003/0000027904-22-000003-index.htm",
    "finalLink": "https://www.sec.gov/Archives/edgar/data/27904/000002790422000003/dal-20211231.htm"
  },
  {
    "date": "2020-12-31",
    "symbol": "DAL",
    "reportedCurrency": "USD",
    "cik": "0000027904",
    "fillingDate": "2021-02-12",
    "acceptedDate": "2021-02-12 17:27:56",
    "calendarYear": "2020",
    "period": "FY",
    "revenue": 17095000000,
    "costOfRevenue": 21463000000,
    "grossProfit": -4368000000,
    "grossProfitRatio": -0.255513308,
    "researchAndDevelopmentExpenses": 0,
    "generalAndAdministrativeExpenses": -219000000,
    "sellingAndMarketingExpenses": 643000000,
    "sellingGeneralAndAdministrativeExpenses": 424000000,
    "otherExpenses": 7677000000,
    "operatingExpenses": 8101000000,
    "costAndExpenses": 29564000000,
    "interestIncome": 0,
    "interestExpense": 929000000,
    "depreciationAndAmortization": 2312000000,
    "ebitda": -12346000000,
    "ebitdaratio": -0.7221994735,
    "operatingIncome": -12469000000,
    "operatingIncomeRatio": -0.7293945598,
    "totalOtherIncomeExpensesNet": -3118000000,
    "incomeBeforeTax": -15587000000,
    "incomeBeforeTaxRatio": -0.9117870722,
    "incomeTaxExpense": -3202000000,
    "netIncome": -12385000000,
    "netIncomeRatio": -0.7244808424,
    "eps": -19.47,
    "epsdiluted": -19.47,
    "weightedAverageShsOut": 636000000,
    "weightedAverageShsOutDil": 636000000,
    "link": "https://www.sec.gov/Archives/edgar/data/27904/000002790421000003/0000027904-21-000003-index.htm",
    "finalLink": "https://www.sec.gov/Archives/edgar/data/27904/000002790421000003/dal-20201231.htm"
  },
  {
    "date": "2019-12-31",
    "symbol": "DAL",
    "reportedCurrency": "USD",
    "cik": "0000027904",
    "fillingDate": "2020-02-13",
    "acceptedDate": "2020-02-12 21:32:24",
    "calendarYear": "2019",
    "period": "FY",
    "revenue": 47007000000,
    "costOfRevenue": 33409000000,
    "grossProfit": 13598000000,
    "grossProfitRatio": 0.2892760653,
    "researchAndDevelopmentExpenses": 0,
    "generalAndAdministrativeExpenses": 65000000,
    "sellingAndMarketingExpenses": 2211000000,
    "sellingGeneralAndAdministrativeExpenses": 2276000000,
    "otherExpenses": 4704000000,
    "operatingExpenses": 6980000000,
    "costAndExpenses": 40389000000,
    "interestIncome": 0,
    "interestExpense": 301000000,
    "depreciationAndAmortization": 2581000000,
    "ebitda": 9080000000,
    "ebitdaratio": 0.1931627204,
    "operatingIncome": 6618000000,
    "operatingIncomeRatio": 0.1407875423,
    "totalOtherIncomeExpensesNet": -420000000,
    "incomeBeforeTax": 6198000000,
    "incomeBeforeTaxRatio": 0.1318527028,
    "incomeTaxExpense": 1431000000,
    "netIncome": 4767000000,
    "netIncomeRatio": 0.1014104282,
    "eps": 7.32,
    "epsdiluted": 7.3,
    "weightedAverageShsOut": 651000000,
    "weightedAverageShsOutDil": 653000000,
    "link": "https://www.sec.gov/Archives/edgar/data/27904/000002790420000004/0000027904-20-000004-index.htm",
    "finalLink": "https://www.sec.gov/Archives/edgar/data/27904/000002790420000004/dal-20191231.htm"
  },
  {
    "date": "2018-12-31",
    "symbol": "DAL",
    "reportedCurrency": "USD",
    "cik": "0000027904",
    "fillingDate": "2019-02-15",
    "acceptedDate": "2019-02-15 16:05:46",
    "calendarYear": "2018",
    "period": "FY",
    "revenue": 44438000000,
    "costOfRevenue": 33335000000,
    "grossProfit": 11103000000,
    "grossProfitRatio": 0.2498537288,
    "researchAndDevelopmentExpenses": 0,
    "generalAndAdministrativeExpenses": 0,
    "sellingAndMarketingExpenses": 1941000000,
    "sellingGeneralAndAdministrativeExpenses": 1941000000,
    "otherExpenses": 3898000000,
    "operatingExpenses": 5839000000,
    "costAndExpenses": 39174000000,
    "interestIncome": 0,
    "interestExpense": 311000000,
    "depreciationAndAmortization": 2329000000,
    "ebitda": 7791000000,
    "ebitdaratio": 0.1753229218,
    "operatingIncome": 5264000000,
    "operatingIncomeRatio": 0.1184571763,
    "totalOtherIncomeExpensesNet": -113000000,
    "incomeBeforeTax": 5151000000,
    "incomeBeforeTaxRatio": 0.1159143076,
    "incomeTaxExpense": 1216000000,
    "netIncome": 3935000000,
    "netIncomeRatio": 0.0885503398,
    "eps": 5.69,
    "epsdiluted": 5.67,
    "weightedAverageShsOut": 691000000,
    "weightedAverageShsOutDil": 694000000,
    "link": "https://www.sec.gov/Archives/edgar/data/27904/000002790419000003/0000027904-19-000003-index.htm",
    "finalLink": "https://www.sec.gov/Archives/edgar/data/27904/000002790419000003/dal1231201810k.htm"
  },
  {
    "date": "2017-12-31",
    "symbol": "DAL",
    "reportedCurrency": "USD",
    "cik": "0000027904",
    "fillingDate": "2018-02-23",
    "acceptedDate": "2018-02-23 14:24:23",
    "calendarYear": "2017",
    "period": "FY",
    "revenue": 41138000000,
    "costOfRevenue": 29628000000,
    "grossProfit": 11510000000,
    "grossProfitRatio": 0.2797899752,
    "researchAndDevelopmentExpenses": 0,
    "generalAndAdministrativeExpenses": 0,
    "sellingAndMarketingExpenses": 1827000000,
    "sellingGeneralAndAdministrativeExpenses": 1827000000,
    "otherExpenses": 3717000000,
    "operatingExpenses": 5544000000,
    "costAndExpenses": 35172000000,
    "interestIncome": 0,
    "interestExpense": 396000000,
    "depreciationAndAmortization": 2222000000,
    "ebitda": 8118000000,
    "ebitdaratio": 0.1973357966,
    "operatingIncome": 5966000000,
    "operatingIncomeRatio": 0.1450240653,
    "totalOtherIncomeExpensesNet": -466000000,
    "incomeBeforeTax": 5500000000,
    "incomeBeforeTaxRatio": 0.1336963392,
    "incomeTaxExpense": 2295000000,
    "netIncome": 3205000000,
    "netIncomeRatio": 0.0779085031,
    "eps": 4.53,
    "epsdiluted": 4.43,
    "weightedAverageShsOut": 707197979,
    "weightedAverageShsOutDil": 723476298,
    "link": "https://www.sec.gov/Archives/edgar/data/27904/000002790418000006/0000027904-18-000006-index.htm",
    "finalLink": "https://www.sec.gov/Archives/edgar/data/27904/000002790418000006/dal1231201710k.htm"
  },
  {
    "date": "2016-12-31",
    "symbol": "DAL",
    "reportedCurrency": "USD",
    "cik": "0000027904",
    "fillingDate": "2017-04-12",
    "acceptedDate": "2017-04-12 17:10:09",
    "calendarYear": "2016",
    "period": "FY",
    "revenue": 39450000000,
    "costOfRevenue": 27164000000,
    "grossProfit": 12286000000,
    "grossProfitRatio": 0.3114321926,
    "researchAndDevelopmentExpenses": 0,
    "generalAndAdministrativeExpenses": 0,
    "sellingAndMarketingExpenses": 1751000000,
    "sellingGeneralAndAdministrativeExpenses": 1751000000,
    "otherExpenses": 3539000000,
    "operatingExpenses": 5290000000,
    "costAndExpenses": 32454000000,
    "interestIncome": 0,
    "interestExpense": 388000000,
    "depreciationAndAmortization": 1902000000,
    "ebitda": 8643000000,
    "ebitdaratio": 0.2190874525,
    "operatingIncome": 6996000000,
    "operatingIncomeRatio": 0.177338403,
    "totalOtherIncomeExpensesNet": -643000000,
    "incomeBeforeTax": 6353000000,
    "incomeBeforeTaxRatio": 0.1610392902,
    "incomeTaxExpense": 2158000000,
    "netIncome": 4195000000,
    "netIncomeRatio": 0.1063371356,
    "eps": 5.82,
    "epsdiluted": 5.79,
    "weightedAverageShsOut": 751000000,
    "weightedAverageShsOutDil": 755000000,
    "link": "https://www.sec.gov/Archives/edgar/data/27904/000168316817000904/0001683168-17-000904-index.htm",
    "finalLink": "https://www.sec.gov/Archives/edgar/data/27904/000168316817000904/delta_10ka.htm"
  },
  {
    "date": "2015-12-31",
    "symbol": "DAL",
    "reportedCurrency": "USD",
    "cik": "0000027904",
    "fillingDate": "2016-02-05",
    "acceptedDate": "2016-02-05 16:22:04",
    "calendarYear": "2015",
    "period": "FY",
    "revenue": 40704000000,
    "costOfRevenue": 27349000000,
    "grossProfit": 13355000000,
    "grossProfitRatio": 0.3281004324,
    "researchAndDevelopmentExpenses": 0,
    "generalAndAdministrativeExpenses": 0,
    "sellingAndMarketingExpenses": 1672000000,
    "sellingGeneralAndAdministrativeExpenses": 1672000000,
    "otherExpenses": 3881000000,
    "operatingExpenses": 5553000000,
    "costAndExpenses": 32902000000,
    "interestIncome": 0,
    "interestExpense": 481000000,
    "depreciationAndAmortization": 1835000000,
    "ebitda": 9473000000,
    "ebitdaratio": 0.2327289701,
    "operatingIncome": 7802000000,
    "operatingIncomeRatio": 0.1916764937,
    "totalOtherIncomeExpensesNet": -645000000,
    "incomeBeforeTax": 7157000000,
    "incomeBeforeTaxRatio": 0.1758303852,
    "incomeTaxExpense": 2631000000,
    "netIncome": 4526000000,
    "netIncomeRatio": 0.1111930031,
    "eps": 5.68,
    "epsdiluted": 5.63,
    "weightedAverageShsOut": 797000000,
    "weightedAverageShsOutDil": 804000000,
    "link": "https://www.sec.gov/Archives/edgar/data/27904/000002790416000018/0000027904-16-000018-index.htm",
    "finalLink": "https://www.sec.gov/Archives/edgar/data/27904/000002790416000018/dal1231201510k.htm"
  },
  {
    "date": "2014-12-31",
    "symbol": "DAL",
    "reportedCurrency": "USD",
    "cik": "0000027904",
    "fillingDate": "2015-02-11",
    "acceptedDate": "2015-02-10 20:00:23",
    "calendarYear": "2014",
    "period": "FY",
    "revenue": 40362000000,
    "costOfRevenue": 32194000000,
    "grossProfit": 8168000000,
    "grossProfitRatio": 0.2023685645,
    "researchAndDevelopmentExpenses": 0,
    "generalAndAdministrativeExpenses": 0,
    "sellingAndMarketingExpenses": 1700000000,
    "sellingGeneralAndAdministrativeExpenses": 1700000000,
    "otherExpenses": 4262000000,
    "operatingExpenses": 5962000000,
    "costAndExpenses": 38156000000,
    "interestIncome": 0,
    "interestExpense": 650000000,
    "depreciationAndAmortization": 1771000000,
    "ebitda": 3493000000,
    "ebitdaratio": 0.0865417967,
    "operatingIncome": 2206000000,
    "operatingIncomeRatio": 0.0546553689,
    "totalOtherIncomeExpensesNet": -1134000000,
    "incomeBeforeTax": 1072000000,
    "incomeBeforeTaxRatio": 0.0265596353,
    "incomeTaxExpense": 413000000,
    "netIncome": 659000000,
    "netIncomeRatio": 0.0163272385,
    "eps": 0.79,
    "epsdiluted": 0.78,
    "weightedAverageShsOut": 836000000,
    "weightedAverageShsOutDil": 845000000,
    "link": "https://www.sec.gov/Archives/edgar/data/27904/000002790415000003/0000027904-15-000003-index.htm",
    "finalLink": "https://www.sec.gov/Archives/edgar/data/27904/000002790415000003/dal1231201410k.htm"
  },
  {
    "date": "2013-12-31",
    "symbol": "DAL",
    "reportedCurrency": "USD",
    "cik": "0000027904",
    "fillingDate": "2014-02-24",
    "acceptedDate": "2014-02-21 20:54:29",
    "calendarYear": "2013",
    "period": "FY",
    "revenue": 37773000000,
    "costOfRevenue": 29183000000,
    "grossProfit": 8590000000,
    "grossProfitRatio": 0.2274111138,
    "researchAndDevelopmentExpenses": 0,
    "generalAndAdministrativeExpenses": 0,
    "sellingAndMarketingExpenses": 1603000000,
    "sellingGeneralAndAdministrativeExpenses": 1603000000,
    "otherExpenses": 3587000000,
    "operatingExpenses": 5190000000,
    "costAndExpenses": 34373000000,
    "interestIncome": 0,
    "interestExpense": 852000000,
    "depreciationAndAmortization": 1658000000,
    "ebitda": 5037000000,
    "ebitdaratio": 0.1333492177,
    "operatingIncome": 3400000000,
    "operatingIncomeRatio": 0.0900113838,
    "totalOtherIncomeExpensesNet": -873000000,
    "incomeBeforeTax": 2527000000,
    "incomeBeforeTaxRatio": 0.0668996373,
    "incomeTaxExpense": -8013000000,
    "netIncome": 10540000000,
    "netIncomeRatio": 0.2790352898,
    "eps": 12.41,
    "epsdiluted": 12.28,
    "weightedAverageShsOut": 849000000,
    "weightedAverageShsOutDil": 858000000,
    "link": "https://www.sec.gov/Archives/edgar/data/27904/000002790414000003/0000027904-14-000003-index.htm",
    "finalLink": "https://www.sec.gov/Archives/edgar/data/27904/000002790414000003/dal1231201310k.htm"
  },
  {
    "date": "2012-12-31",
    "symbol": "DAL",
    "reportedCurrency": "USD",
    "cik": "0000027904",
    "fillingDate": "2013-02-13",
    "acceptedDate": "2013-02-12 20:16:22",
    "calendarYear": "2012",
    "period": "FY",
    "revenue": 36670000000,
    "costOfRevenue": 29295000000,
    "grossProfit": 7375000000,
    "grossProfitRatio": 0.2011180802,
    "researchAndDevelopmentExpenses": 0,
    "generalAndAdministrativeExpenses": 0,
    "sellingAndMarketingExpenses": 1590000000,
    "sellingGeneralAndAdministrativeExpenses": 1590000000,
    "otherExpenses": 3610000000,
    "operatingExpenses": 5200000000,
    "costAndExpenses": 34495000000,
    "interestIncome": 0,
    "interestExpense": 1005000000,
    "depreciationAndAmortization": 1565000000,
    "ebitda": 3595000000,
    "ebitdaratio": 0.0980365421,
    "operatingIncome": 2175000000,
    "operatingIncomeRatio": 0.0593127897,
    "totalOtherIncomeExpensesNet": -1150000000,
    "incomeBeforeTax": 1025000000,
    "incomeBeforeTaxRatio": 0.0279520044,
    "incomeTaxExpense": 16000000,
    "netIncome": 1009000000,
    "netIncomeRatio": 0.0275156804,
    "eps": 1.19,
    "epsdiluted": 1.19,
    "weightedAverageShsOut": 845000000,
    "weightedAverageShsOutDil": 850000000,
    "link": "https://www.sec.gov/Archives/edgar/data/27904/000144530513000209/0001445305-13-000209-index.htm",
    "finalLink": "https://www.sec.gov/Archives/edgar/data/27904/000144530513000209/dal1231201210k.htm"
  },
  {
    "date": "2011-12-31",
    "symbol": "DAL",
    "reportedCurrency": "USD",
    "cik": "0000027904",
    "fillingDate": "2012-02-10",
    "acceptedDate": "2012-02-10 17:28:19",
    "calendarYear": "2011",
    "period": "FY",
    "revenue": 35115000000,
    "costOfRevenue": 27946000000,
    "grossProfit": 7169000000,
    "grossProfitRatio": 0.2041577673,
    "researchAndDevelopmentExpenses": 0,
    "generalAndAdministrativeExpenses": 0,
    "sellingAndMarketingExpenses": 1682000000,
    "sellingGeneralAndAdministrativeExpenses": 1682000000,
    "otherExpenses": 3512000000,
    "operatingExpenses": 5194000000,
    "costAndExpenses": 33140000000,
    "interestIncome": 0,
    "interestExpense": 1094000000,
    "depreciationAndAmortization": 1523000000,
    "ebitda": 3386000000,
    "ebitdaratio": 0.0964260288,
    "operatingIncome": 1975000000,
    "operatingIncomeRatio": 0.0562437705,
    "totalOtherIncomeExpensesNet": -1206000000,
    "incomeBeforeTax": 769000000,
    "incomeBeforeTaxRatio": 0.0218994732,
    "incomeTaxExpense": -85000000,
    "netIncome": 854000000,
    "netIncomeRatio": 0.0243200911,
    "eps": 1.02,
    "epsdiluted": 1.01,
    "weightedAverageShsOut": 838000000,
    "weightedAverageShsOutDil": 844000000,
    "link": "https://www.sec.gov/Archives/edgar/data/27904/000144530512000272/0001445305-12-000272-index.htm",
    "finalLink": "https://www.sec.gov/Archives/edgar/data/27904/000144530512000272/dal1231201110k.htm"
  },
  {
    "date": "2010-12-31",
    "symbol": "DAL",
    "reportedCurrency": "USD",
    "cik": "0000027904",
    "fillingDate": "2011-02-16",
    "acceptedDate": "2011-02-15 18:08:17",
    "calendarYear": "2010",
    "period": "FY",
    "revenue": 31755000000,
    "costOfRevenue": 24384000000,
    "grossProfit": 7371000000,
    "grossProfitRatio": 0.2321209258,
    "researchAndDevelopmentExpenses": 0,
    "generalAndAdministrativeExpenses": 0,
    "sellingAndMarketingExpenses": 1509000000,
    "sellingGeneralAndAdministrativeExpenses": 1509000000,
    "otherExpenses": 3645000000,
    "operatingExpenses": 5154000000,
    "costAndExpenses": 29538000000,
    "interestIncome": 35000000,
    "interestExpense": 1185000000,
    "depreciationAndAmortization": 1511000000,
    "ebitda": 3304000000,
    "ebitdaratio": 0.1040466068,
    "operatingIncome": 2217000000,
    "operatingIncomeRatio": 0.069815777,
    "totalOtherIncomeExpensesNet": -1609000000,
    "incomeBeforeTax": 608000000,
    "incomeBeforeTaxRatio": 0.0191465911,
    "incomeTaxExpense": 15000000,
    "netIncome": 593000000,
    "netIncomeRatio": 0.0186742245,
    "eps": 0.71,
    "epsdiluted": 0.7,
    "weightedAverageShsOut": 834000000,
    "weightedAverageShsOutDil": 843000000,
    "link": "https://www.sec.gov/Archives/edgar/data/27904/000095012311014364/0000950123-11-014364-index.htm",
    "finalLink": "https://www.sec.gov/Archives/edgar/data/27904/000095012311014364/g24877e10vk.htm"
  },
  {
    "date": "2009-12-31",
    "symbol": "DAL",
    "reportedCurrency": "USD",
    "cik": "0000027904",
    "fillingDate": "2010-02-24",
    "acceptedDate": "2010-02-24 14:42:55",
    "calendarYear": "2009",
    "period": "FY",
    "revenue": 28063000000,
    "costOfRevenue": 15048000000,
    "grossProfit": 13015000000,
    "grossProfitRatio": 0.4637779282,
    "researchAndDevelopmentExpenses": 0,
    "generalAndAdministrativeExpenses": 8433000000,
    "sellingAndMarketingExpenses": 1405000000,
    "sellingGeneralAndAdministrativeExpenses": 9838000000,
    "otherExpenses": 1536000000,
    "operatingExpenses": 11374000000,
    "costAndExpenses": 26422000000,
    "interestIncome": 27000000,
    "interestExpense": 908000000,
    "depreciationAndAmortization": 1536000000,
    "ebitda": 863000000,
    "ebitdaratio": 0.030752236,
    "operatingIncome": 1641000000,
    "operatingIncomeRatio": 0.0584755728,
    "totalOtherIncomeExpensesNet": -3222000000,
    "incomeBeforeTax": -1581000000,
    "incomeBeforeTaxRatio": -0.0563375263,
    "incomeTaxExpense": -344000000,
    "netIncome": -1237000000,
    "netIncomeRatio": -0.0440793928,
    "eps": -1.5,
    "epsdiluted": -1.5,
    "weightedAverageShsOut": 827000000,
    "weightedAverageShsOutDil": 827000000,
    "link": "https://www.sec.gov/Archives/edgar/data/27904/000095012310016275/0000950123-10-016275-index.htm",
    "finalLink": "https://www.sec.gov/Archives/edgar/data/27904/000095012310016275/g22142e10vk.htm"
  },
  {
    "date": "2008-12-31",
    "symbol": "DAL",
    "reportedCurrency": "USD",
    "cik": "0000027904",
    "fillingDate": "2009-03-02",
    "acceptedDate": "2009-03-02 17:12:29",
    "calendarYear": "2008",
    "period": "FY",
    "revenue": 22697000000,
    "costOfRevenue": 13815000000,
    "grossProfit": 8882000000,
    "grossProfitRatio": 0.3913292506,
    "researchAndDevelopmentExpenses": 0,
    "generalAndAdministrativeExpenses": 5391000000,
    "sellingAndMarketingExpenses": 1030000000,
    "sellingGeneralAndAdministrativeExpenses": 6421000000,
    "otherExpenses": 1266000000,
    "operatingExpenses": 7687000000,
    "costAndExpenses": 21502000000,
    "interestIncome": 92000000,
    "interestExpense": 685000000,
    "depreciationAndAmortization": 1266000000,
    "ebitda": -7090000000,
    "ebitdaratio": -0.3123760849,
    "operatingIncome": 1195000000,
    "operatingIncomeRatio": 0.05265013,
    "totalOtherIncomeExpensesNet": -10236000000,
    "incomeBeforeTax": -9041000000,
    "incomeBeforeTaxRatio": -0.3983345817,
    "incomeTaxExpense": -119000000,
    "netIncome": -8922000000,
    "netIncomeRatio": -0.393091598,
    "eps": -19.06,
    "epsdiluted": -19.06,
    "weightedAverageShsOut": 468000000,
    "weightedAverageShsOutDil": 468000000,
    "link": "https://www.sec.gov/Archives/edgar/data/27904/000119312509042726/0001193125-09-042726-index.htm",
    "finalLink": "https://www.sec.gov/Archives/edgar/data/27904/000119312509042726/d10k.htm"
  },
  {
    "date": "2007-12-31",
    "symbol": "DAL",
    "reportedCurrency": "USD",
    "cik": "0000027904",
    "fillingDate": "2008-02-15",
    "acceptedDate": "2008-02-15 17:08:30",
    "calendarYear": "2007",
    "period": "FY",
    "revenue": 19154000000,
    "costOfRevenue": 9184000000,
    "grossProfit": 9970000000,
    "grossProfitRatio": 0.5205179075,
    "researchAndDevelopmentExpenses": 0,
    "generalAndAdministrativeExpenses": 4189000000,
    "sellingAndMarketingExpenses": 933000000,
    "sellingGeneralAndAdministrativeExpenses": 5122000000,
    "otherExpenses": 1810000000,
    "operatingExpenses": 6932000000,
    "costAndExpenses": 16116000000,
    "interestIncome": 128000000,
    "interestExpense": 652000000,
    "depreciationAndAmortization": 495000000,
    "ebitda": 2966000000,
    "ebitdaratio": 0.1548501618,
    "operatingIncome": 3038000000,
    "operatingIncomeRatio": 0.1586091678,
    "totalOtherIncomeExpensesNet": -1219000000,
    "incomeBeforeTax": 1819000000,
    "incomeBeforeTaxRatio": 0.0949671087,
    "incomeTaxExpense": 207000000,
    "netIncome": 1612000000,
    "netIncomeRatio": 0.0841599666,
    "eps": 4.14,
    "epsdiluted": 6.71,
    "weightedAverageShsOut": 388985000,
    "weightedAverageShsOutDil": 311922504,
    "link": "https://www.sec.gov/Archives/edgar/data/27904/000119312508032611/0001193125-08-032611-index.htm",
    "finalLink": "https://www.sec.gov/Archives/edgar/data/27904/000119312508032611/d10k.htm"
  },
  {
    "date": "2006-12-31",
    "symbol": "DAL",
    "reportedCurrency": "USD",
    "cik": "0000027904",
    "fillingDate": "2007-03-02",
    "acceptedDate": "2007-03-02 15:46:52",
    "calendarYear": "2006",
    "period": "FY",
    "revenue": 17532000000,
    "costOfRevenue": 0,
    "grossProfit": 0,
    "grossProfitRatio": 0,
    "researchAndDevelopmentExpenses": 0,
    "generalAndAdministrativeExpenses": 0,
    "sellingAndMarketingExpenses": 0,
    "sellingGeneralAndAdministrativeExpenses": 6164000000,
    "otherExpenses": 11310000000,
    "operatingExpenses": 17474000000,
    "costAndExpenses": 17474000000,
    "interestIncome": 0,
    "interestExpense": 0,
    "depreciationAndAmortization": 1276000000,
    "ebitda": 1334000000,
    "ebitdaratio": 0.0760894365,
    "operatingIncome": 58000000,
    "operatingIncomeRatio": 0.0033082364,
    "totalOtherIncomeExpensesNet": -7026000000,
    "incomeBeforeTax": -6968000000,
    "incomeBeforeTaxRatio": -0.3974446726,
    "incomeTaxExpense": -765000000,
    "netIncome": -6203000000,
    "netIncomeRatio": -0.3538101757,
    "eps": -31.57,
    "epsdiluted": -31.57,
    "weightedAverageShsOut": 196485117,
    "weightedAverageShsOutDil": 196485117,
    "link": "https://www.sec.gov/Archives/edgar/data/27904/000118811207000582/0001188112-07-000582-index.htm",
    "finalLink": "https://www.sec.gov/Archives/edgar/data/27904/000118811207000582/t13049_10k.htm"
  },
  {
    "date": "2005-12-31",
    "symbol": "DAL",
    "reportedCurrency": "USD",
    "cik": "0000027904",
    "fillingDate": "2006-03-27",
    "acceptedDate": "2006-03-27 17:03:25",
    "calendarYear": "2005",
    "period": "FY",
    "revenue": 16480000000,
    "costOfRevenue": 0,
    "grossProfit": 0,
    "grossProfitRatio": 0,
    "researchAndDevelopmentExpenses": 0,
    "generalAndAdministrativeExpenses": 0,
    "sellingAndMarketingExpenses": 0,
    "sellingGeneralAndAdministrativeExpenses": 7104000000,
    "otherExpenses": 11377000000,
    "operatingExpenses": 18481000000,
    "costAndExpenses": 18481000000,
    "interestIncome": 0,
    "interestExpense": 0,
    "depreciationAndAmortization": 1273000000,
    "ebitda": -728000000,
    "ebitdaratio": -0.0441747573,
    "operatingIncome": -2001000000,
    "operatingIncomeRatio": -0.1214199029,
    "totalOtherIncomeExpensesNet": -1858000000,
    "incomeBeforeTax": -3859000000,
    "incomeBeforeTaxRatio": -0.2341626214,
    "incomeTaxExpense": -41000000,
    "netIncome": -3818000000,
    "netIncomeRatio": -0.2316747573,
    "eps": -23.64,
    "epsdiluted": -23.64,
    "weightedAverageShsOut": 161515789,
    "weightedAverageShsOutDil": 161515789,
    "link": "https://www.sec.gov/Archives/edgar/data/27904/000095014406002765/0000950144-06-002765-index.htm",
    "finalLink": "https://www.sec.gov/Archives/edgar/data/27904/000095014406002765/g00293e10vk.htm"
  },
  {
    "date": "2004-12-31",
    "symbol": "DAL",
    "reportedCurrency": "USD",
    "cik": "0000027904",
    "fillingDate": "2005-03-11",
    "acceptedDate": "2005-03-11 17:30:42",
    "calendarYear": "2004",
    "period": "FY",
    "revenue": 15235000000,
    "costOfRevenue": 0,
    "grossProfit": 0,
    "grossProfitRatio": 0,
    "researchAndDevelopmentExpenses": 0,
    "generalAndAdministrativeExpenses": 2078000000,
    "sellingAndMarketingExpenses": 502000000,
    "sellingGeneralAndAdministrativeExpenses": 2580000000,
    "otherExpenses": 15963000000,
    "operatingExpenses": 18543000000,
    "costAndExpenses": 18543000000,
    "interestIncome": 0,
    "interestExpense": 0,
    "depreciationAndAmortization": 1244000000,
    "ebitda": -2064000000,
    "ebitdaratio": -0.1354775189,
    "operatingIncome": -3308000000,
    "operatingIncomeRatio": -0.2171316049,
    "totalOtherIncomeExpensesNet": -684000000,
    "incomeBeforeTax": -3992000000,
    "incomeBeforeTaxRatio": -0.2620282245,
    "incomeTaxExpense": 1206000000,
    "netIncome": -5198000000,
    "netIncomeRatio": -0.3411880538,
    "eps": -40.92,
    "epsdiluted": -40.92,
    "weightedAverageShsOut": 127027027,
    "weightedAverageShsOutDil": 127027027,
    "link": "https://www.sec.gov/Archives/edgar/data/27904/000095014405002419/0000950144-05-002419-index.htm",
    "finalLink": "https://www.sec.gov/Archives/edgar/data/27904/000095014405002419/x93459e10vkza.htm"
  },
  {
    "date": "2003-12-31",
    "symbol": "DAL",
    "reportedCurrency": "USD",
    "cik": "0000027904",
    "fillingDate": "2004-03-12",
    "acceptedDate": "2004-03-12 17:09:15",
    "calendarYear": "2003",
    "period": "FY",
    "revenue": 14308000000,
    "costOfRevenue": 0,
    "grossProfit": 0,
    "grossProfitRatio": 0,
    "researchAndDevelopmentExpenses": 0,
    "generalAndAdministrativeExpenses": 8297000000,
    "sellingAndMarketingExpenses": 479000000,
    "sellingGeneralAndAdministrativeExpenses": 8776000000,
    "otherExpenses": 6317000000,
    "operatingExpenses": 15093000000,
    "costAndExpenses": 15093000000,
    "interestIncome": 0,
    "interestExpense": 0,
    "depreciationAndAmortization": 1230000000,
    "ebitda": 445000000,
    "ebitdaratio": 0.0311014817,
    "operatingIncome": -785000000,
    "operatingIncomeRatio": -0.0548644115,
    "totalOtherIncomeExpensesNet": -404000000,
    "incomeBeforeTax": -1189000000,
    "incomeBeforeTaxRatio": -0.0831003634,
    "incomeTaxExpense": -416000000,
    "netIncome": -773000000,
    "netIncomeRatio": -0.0540257199,
    "eps": -6.26,
    "epsdiluted": -6.26,
    "weightedAverageShsOut": 123437500,
    "weightedAverageShsOutDil": 123437500,
    "link": "https://www.sec.gov/Archives/edgar/data/27904/000095014404002423/0000950144-04-002423-index.htm",
    "finalLink": "https://www.sec.gov/Archives/edgar/data/27904/000095014404002423/g87427e10vk.htm"
  },
  {
    "date": "2002-12-31",
    "symbol": "DAL",
    "reportedCurrency": "USD",
    "cik": "0000027904",
    "fillingDate": "2003-03-27",
    "acceptedDate": "2003-03-27 10:45:54",
    "calendarYear": "2002",
    "period": "FY",
    "revenue": 13866000000,
    "costOfRevenue": 0,
    "grossProfit": 0,
    "grossProfitRatio": 0,
    "researchAndDevelopmentExpenses": 0,
    "generalAndAdministrativeExpenses": 8324000000,
    "sellingAndMarketingExpenses": 539000000,
    "sellingGeneralAndAdministrativeExpenses": 8863000000,
    "otherExpenses": 6312000000,
    "operatingExpenses": 15175000000,
    "costAndExpenses": 15175000000,
    "interestIncome": 0,
    "interestExpense": 0,
    "depreciationAndAmortization": 1181000000,
    "ebitda": -128000000,
    "ebitdaratio": -0.009231213,
    "operatingIncome": -1309000000,
    "operatingIncomeRatio": -0.0944035771,
    "totalOtherIncomeExpensesNet": -693000000,
    "incomeBeforeTax": -2002000000,
    "incomeBeforeTaxRatio": -0.1443819414,
    "incomeTaxExpense": -730000000,
    "netIncome": -1272000000,
    "netIncomeRatio": -0.0917351796,
    "eps": -10.32,
    "epsdiluted": -10.32,
    "weightedAverageShsOut": 123275862,
    "weightedAverageShsOutDil": 123275862,
    "link": "https://www.sec.gov/Archives/edgar/data/27904/000095014403003858/0000950144-03-003858-index.htm",
    "finalLink": "https://www.sec.gov/Archives/edgar/data/27904/000095014403003858/g81186e10vk.txt"
  },
  {
    "date": "2001-12-31",
    "symbol": "DAL",
    "reportedCurrency": "USD",
    "cik": "0000027904",
    "fillingDate": "2002-03-28",
    "acceptedDate": "2002-03-28 00:00:00",
    "calendarYear": "2001",
    "period": "FY",
    "revenue": 13879000000,
    "costOfRevenue": 0,
    "grossProfit": 0,
    "grossProfitRatio": 0,
    "researchAndDevelopmentExpenses": 0,
    "generalAndAdministrativeExpenses": 8460000000,
    "sellingAndMarketingExpenses": 616000000,
    "sellingGeneralAndAdministrativeExpenses": 9076000000,
    "otherExpenses": 6405000000,
    "operatingExpenses": 15481000000,
    "costAndExpenses": 15481000000,
    "interestIncome": 0,
    "interestExpense": 0,
    "depreciationAndAmortization": 1283000000,
    "ebitda": -319000000,
    "ebitdaratio": -0.0229843649,
    "operatingIncome": -1602000000,
    "operatingIncomeRatio": -0.1154261834,
    "totalOtherIncomeExpensesNet": -262000000,
    "incomeBeforeTax": -1864000000,
    "incomeBeforeTaxRatio": -0.1343036242,
    "incomeTaxExpense": -648000000,
    "netIncome": -1216000000,
    "netIncomeRatio": -0.0876143814,
    "eps": -9.88,
    "epsdiluted": -9.88,
    "weightedAverageShsOut": 123123123,
    "weightedAverageShsOutDil": 123123123,
    "link": "https://www.sec.gov/Archives/edgar/data/27904/000095014402002943/0000950144-02-002943-index.htm",
    "finalLink": "https://www.sec.gov/Archives/edgar/data/27904/000095014402002943/g74838e10-k405.txt"
  },
  {
    "date": "2000-12-31",
    "symbol": "DAL",
    "reportedCurrency": "USD",
    "cik": "0000027904",
    "fillingDate": "2000-12-31",
    "acceptedDate": "2000-12-31 00:00:00",
    "calendarYear": "2000",
    "period": "FY",
    "revenue": 16741000000,
    "costOfRevenue": 0,
    "grossProfit": 0,
    "grossProfitRatio": 0,
    "researchAndDevelopmentExpenses": 0,
    "generalAndAdministrativeExpenses": 8369000000,
    "sellingAndMarketingExpenses": 688000000,
    "sellingGeneralAndAdministrativeExpenses": 9057000000,
    "otherExpenses": 6047000000,
    "operatingExpenses": 15104000000,
    "costAndExpenses": 15104000000,
    "interestIncome": 0,
    "interestExpense": 0,
    "depreciationAndAmortization": 1187000000,
    "ebitda": 2824000000,
    "ebitdaratio": 0.1686876531,
    "operatingIncome": 1637000000,
    "operatingIncomeRatio": 0.0977838839,
    "totalOtherIncomeExpensesNet": -88000000,
    "incomeBeforeTax": 1549000000,
    "incomeBeforeTaxRatio": 0.0925273281,
    "incomeTaxExpense": 621000000,
    "netIncome": 828000000,
    "netIncomeRatio": 0.049459411,
    "eps": 6.68,
    "epsdiluted": 6.38,
    "weightedAverageShsOut": 123860182,
    "weightedAverageShsOutDil": 129777070,
    "link": null,
    "finalLink": null
  },
  {
    "date": "2000-06-30",
    "symbol": "DAL",
    "reportedCurrency": "USD",
    "cik": "0000027904",
    "fillingDate": "2000-09-27",
    "acceptedDate": "2000-09-27 00:00:00",
    "calendarYear": "1999",
    "period": "FY",
    "revenue": 14883000000,
    "costOfRevenue": 4090000000,
    "grossProfit": 10793000000,
    "grossProfitRatio": 0.7251898139,
    "researchAndDevelopmentExpenses": 0,
    "generalAndAdministrativeExpenses": -1503000000,
    "sellingAndMarketingExpenses": 784000000,
    "sellingGeneralAndAdministrativeExpenses": -719000000,
    "otherExpenses": -194000000,
    "operatingExpenses": -913000000,
    "costAndExpenses": 3177000000,
    "interestIncome": 0,
    "interestExpense": 0,
    "depreciationAndAmortization": 961000000,
    "ebitda": 12667000000,
    "ebitdaratio": 0.8511052879,
    "operatingIncome": 11706000000,
    "operatingIncomeRatio": 0.7865349728,
    "totalOtherIncomeExpensesNet": -9613000000,
    "incomeBeforeTax": 2093000000,
    "incomeBeforeTaxRatio": 0.1406302493,
    "incomeTaxExpense": 831000000,
    "netIncome": 1208000000,
    "netIncomeRatio": 0.0811664315,
    "eps": 7.71,
    "epsdiluted": 7.27,
    "weightedAverageShsOut": 142857143,
    "weightedAverageShsOutDil": 151388889,
    "link": "https://www.sec.gov/Archives/edgar/data/27904/000095014400011723/0000950144-00-011723-index.htm",
    "finalLink": "https://www.sec.gov/Archives/edgar/data/27904/000095014400011723/g64299e10-k405.txt"
  },
  {
    "date": "1998-06-30",
    "symbol": "DAL",
    "reportedCurrency": "USD",
    "cik": "0000027904",
    "fillingDate": "1998-09-28",
    "acceptedDate": "1998-09-28 00:00:00",
    "calendarYear": "1998",
    "period": "FY",
    "revenue": 14597000000,
    "costOfRevenue": 0,
    "grossProfit": 0,
    "grossProfitRatio": 0,
    "researchAndDevelopmentExpenses": 0,
    "generalAndAdministrativeExpenses": 7339000000,
    "sellingAndMarketingExpenses": 641000000,
    "sellingGeneralAndAdministrativeExpenses": 7980000000,
    "otherExpenses": 4747000000,
    "operatingExpenses": 12727000000,
    "costAndExpenses": 12727000000,
    "interestIncome": 0,
    "interestExpense": 0,
    "depreciationAndAmortization": 861000000,
    "ebitda": 2731000000,
    "ebitdaratio": 0.1870932383,
    "operatingIncome": 1870000000,
    "operatingIncomeRatio": 0.1281085154,
    "totalOtherIncomeExpensesNet": -44000000,
    "incomeBeforeTax": 1826000000,
    "incomeBeforeTaxRatio": 0.1250941974,
    "incomeTaxExpense": 725000000,
    "netIncome": 1101000000,
    "netIncomeRatio": 0.0754264575,
    "eps": 6.74,
    "epsdiluted": 6.44,
    "weightedAverageShsOut": 148470588,
    "weightedAverageShsOutDil": 155418719,
    "link": "https://www.sec.gov/Archives/edgar/data/27904/000104746998035570/0001047469-98-035570-index.htm",
    "finalLink": "https://www.sec.gov/Archives/edgar/data/27904/0001047469-98-035570.txt"
  },
  {
    "date": "1997-06-30",
    "symbol": "DAL",
    "reportedCurrency": "USD",
    "cik": "0000027904",
    "fillingDate": "1997-09-29",
    "acceptedDate": "1997-09-29 00:00:00",
    "calendarYear": "1997",
    "period": "FY",
    "revenue": 14138000000,
    "costOfRevenue": 0,
    "grossProfit": 0,
    "grossProfitRatio": 0,
    "researchAndDevelopmentExpenses": 0,
    "generalAndAdministrativeExpenses": 7173000000,
    "sellingAndMarketingExpenses": 681000000,
    "sellingGeneralAndAdministrativeExpenses": 7854000000,
    "otherExpenses": 4590000000,
    "operatingExpenses": 12444000000,
    "costAndExpenses": 12444000000,
    "interestIncome": 0,
    "interestExpense": 0,
    "depreciationAndAmortization": 710000000,
    "ebitda": 2404000000,
    "ebitdaratio": 0.1700381949,
    "operatingIncome": 1694000000,
    "operatingIncomeRatio": 0.1198189277,
    "totalOtherIncomeExpensesNet": -46000000,
    "incomeBeforeTax": 1648000000,
    "incomeBeforeTaxRatio": 0.116565285,
    "incomeTaxExpense": 647000000,
    "netIncome": 1001000000,
    "netIncomeRatio": 0.0708020936,
    "eps": 13.28,
    "epsdiluted": 13.28,
    "weightedAverageShsOut": 75383704,
    "weightedAverageShsOutDil": 75383704,
    "link": "https://www.sec.gov/Archives/edgar/data/27904/000095014497010440/0000950144-97-010440-index.htm",
    "finalLink": "https://www.sec.gov/Archives/edgar/data/27904/0000950144-97-010440.txt"
  },
  {
    "date": "1996-06-30",
    "symbol": "DAL",
    "reportedCurrency": "USD",
    "cik": "0000027904",
    "fillingDate": "1996-09-30",
    "acceptedDate": "1996-09-30 00:00:00",
    "calendarYear": "1996",
    "period": "FY",
    "revenue": 13594000000,
    "costOfRevenue": 3877000000,
    "grossProfit": 9717000000,
    "grossProfitRatio": 0.7148006473,
    "researchAndDevelopmentExpenses": 0,
    "generalAndAdministrativeExpenses": -1536000000,
    "sellingAndMarketingExpenses": 1017000000,
    "sellingGeneralAndAdministrativeExpenses": -519000000,
    "otherExpenses": 8000000,
    "operatingExpenses": -511000000,
    "costAndExpenses": 3366000000,
    "interestIncome": 0,
    "interestExpense": 0,
    "depreciationAndAmortization": 634000000,
    "ebitda": 10862000000,
    "ebitdaratio": 0.7990289834,
    "operatingIncome": 10228000000,
    "operatingIncomeRatio": 0.7523907606,
    "totalOtherIncomeExpensesNet": -8813000000,
    "incomeBeforeTax": 1415000000,
    "incomeBeforeTaxRatio": 0.1040900397,
    "incomeTaxExpense": 561000000,
    "netIncome": 854000000,
    "netIncomeRatio": 0.0628218332,
    "eps": 1.52,
    "epsdiluted": 1.52,
    "weightedAverageShsOut": 102857143,
    "weightedAverageShsOutDil": 102857143,
    "link": "https://www.sec.gov/Archives/edgar/data/27904/000095014496006709/0000950144-96-006709-index.htm",
    "finalLink": "https://www.sec.gov/Archives/edgar/data/27904/0000950144-96-006709.txt"
  },
  {
    "date": "1995-06-30",
    "symbol": "DAL",
    "reportedCurrency": "USD",
    "cik": "0000027904",
    "fillingDate": "1995-09-28",
    "acceptedDate": "1995-09-28 00:00:00",
    "calendarYear": "1995",
    "period": "FY",
    "revenue": 12455000000,
    "costOfRevenue": 3505000000,
    "grossProfit": 8950000000,
    "grossProfitRatio": 0.7185869129,
    "researchAndDevelopmentExpenses": 0,
    "generalAndAdministrativeExpenses": -1630000000,
    "sellingAndMarketingExpenses": 1042000000,
    "sellingGeneralAndAdministrativeExpenses": -588000000,
    "otherExpenses": 41000000,
    "operatingExpenses": -547000000,
    "costAndExpenses": 2958000000,
    "interestIncome": 0,
    "interestExpense": 0,
    "depreciationAndAmortization": 622000000,
    "ebitda": 10119000000,
    "ebitdaratio": 0.8124448013,
    "operatingIncome": 9497000000,
    "operatingIncomeRatio": 0.7625050181,
    "totalOtherIncomeExpensesNet": -9221000000,
    "incomeBeforeTax": 276000000,
    "incomeBeforeTaxRatio": 0.0221597752,
    "incomeTaxExpense": 120000000,
    "netIncome": 156000000,
    "netIncomeRatio": 0.0125250903,
    "eps": 4.04,
    "epsdiluted": 2.2,
    "weightedAverageShsOut": 101063830,
    "weightedAverageShsOutDil": 101063830,
    "link": "https://www.sec.gov/Archives/edgar/data/27904/000095014495002692/0000950144-95-002692-index.htm",
    "finalLink": "https://www.sec.gov/Archives/edgar/data/27904/0000950144-95-002692.txt"
  },
  {
    "date": "1994-06-30",
    "symbol": "DAL",
    "reportedCurrency": "USD",
    "cik": "0000027904",
    "fillingDate": "1994-09-27",
    "acceptedDate": "1994-09-27 00:00:00",
    "calendarYear": "1994",
    "period": "FY",
    "revenue": 12194000000,
    "costOfRevenue": 3371000000,
    "grossProfit": 8823000000,
    "grossProfitRatio": 0.7235525668,
    "researchAndDevelopmentExpenses": 0,
    "generalAndAdministrativeExpenses": -1950000000,
    "sellingAndMarketingExpenses": 1195000000,
    "sellingGeneralAndAdministrativeExpenses": -755000000,
    "otherExpenses": 50000000,
    "operatingExpenses": -705000000,
    "costAndExpenses": 2666000000,
    "interestIncome": 0,
    "interestExpense": 0,
    "depreciationAndAmortization": 678000000,
    "ebitda": 10206000000,
    "ebitdaratio": 0.8369690011,
    "operatingIncome": 9528000000,
    "operatingIncomeRatio": 0.7813678858,
    "totalOtherIncomeExpensesNet": -9034000000,
    "incomeBeforeTax": 494000000,
    "incomeBeforeTaxRatio": 0.0405117271,
    "incomeTaxExpense": 200000000,
    "netIncome": 408000000,
    "netIncomeRatio": 0.0334590782,
    "eps": -4.07,
    "epsdiluted": -4.07,
    "weightedAverageShsOut": 100581395,
    "weightedAverageShsOutDil": 100581395,
    "link": "https://www.sec.gov/Archives/edgar/data/27904/000095010994001748/0000950109-94-001748-index.htm",
    "finalLink": "https://www.sec.gov/Archives/edgar/data/27904/0000950109-94-001748.txt"
  },
  {
    "date": "1993-06-30",
    "symbol": "DAL",
    "reportedCurrency": "USD",
    "cik": "0000027904",
    "fillingDate": "1993-06-30",
    "acceptedDate": "1993-06-30 00:00:00",
    "calendarYear": "1993",
    "period": "FY",
    "revenue": 12077000000,
    "costOfRevenue": 3551000000,
    "grossProfit": 8526000000,
    "grossProfitRatio": 0.7059700257,
    "researchAndDevelopmentExpenses": 0,
    "generalAndAdministrativeExpenses": -2014000000,
    "sellingAndMarketingExpenses": 1255000000,
    "sellingGeneralAndAdministrativeExpenses": -759000000,
    "otherExpenses": -127000000,
    "operatingExpenses": -886000000,
    "costAndExpenses": 2665000000,
    "interestIncome": 0,
    "interestExpense": 0,
    "depreciationAndAmortization": -675300000,
    "ebitda": 8736700000,
    "ebitdaratio": 0.7234164114,
    "operatingIncome": 9412000000,
    "operatingIncomeRatio": 0.7793326157,
    "totalOtherIncomeExpensesNet": -10072000000,
    "incomeBeforeTax": -660000000,
    "incomeBeforeTaxRatio": -0.0546493334,
    "incomeTaxExpense": -251000000,
    "netIncome": -409000000,
    "netIncomeRatio": -0.0338660263,
    "eps": -10.05,
    "epsdiluted": -10.05,
    "weightedAverageShsOut": 99659498,
    "weightedAverageShsOutDil": 99659498,
    "link": null,
    "finalLink": null
  },
  {
    "date": "1992-06-30",
    "symbol": "DAL",
    "reportedCurrency": "USD",
    "cik": "0000027904",
    "fillingDate": "1992-06-30",
    "acceptedDate": "1992-06-30 00:00:00",
    "calendarYear": "1992",
    "period": "FY",
    "revenue": 11996700000,
    "costOfRevenue": 4861600000,
    "grossProfit": 7135100000,
    "grossProfitRatio": 0.5947552244,
    "researchAndDevelopmentExpenses": 0,
    "generalAndAdministrativeExpenses": 0,
    "sellingAndMarketingExpenses": 0,
    "sellingGeneralAndAdministrativeExpenses": 6952700000,
    "otherExpenses": 675300000,
    "operatingExpenses": 7628000000,
    "costAndExpenses": 12489600000,
    "interestIncome": 0,
    "interestExpense": 0,
    "depreciationAndAmortization": -576600000,
    "ebitda": -1069500000,
    "ebitdaratio": -0.0891495161,
    "operatingIncome": -492900000,
    "operatingIncomeRatio": -0.0410862987,
    "totalOtherIncomeExpensesNet": -158300000,
    "incomeBeforeTax": -651200000,
    "incomeBeforeTaxRatio": -0.0542815941,
    "incomeTaxExpense": -236500000,
    "netIncome": -1001800000,
    "netIncomeRatio": -0.0835062976,
    "eps": -5.11,
    "epsdiluted": -5.11,
    "weightedAverageShsOut": 99037736,
    "weightedAverageShsOutDil": 99037736,
    "link": null,
    "finalLink": null
  },
  {
    "date": "1991-06-30",
    "symbol": "DAL",
    "reportedCurrency": "USD",
    "cik": "0000027904",
    "fillingDate": "1991-06-30",
    "acceptedDate": "1991-06-30 00:00:00",
    "calendarYear": "1991",
    "period": "FY",
    "revenue": 10836800000,
    "costOfRevenue": 4465900000,
    "grossProfit": 6370900000,
    "grossProfitRatio": 0.5878949505,
    "researchAndDevelopmentExpenses": 0,
    "generalAndAdministrativeExpenses": 0,
    "sellingAndMarketingExpenses": 0,
    "sellingGeneralAndAdministrativeExpenses": 6469200000,
    "otherExpenses": 576600000,
    "operatingExpenses": 7045800000,
    "costAndExpenses": 11511700000,
    "interestIncome": 0,
    "interestExpense": 0,
    "depreciationAndAmortization": -465900000,
    "ebitda": -1140800000,
    "ebitdaratio": -0.1052709287,
    "operatingIncome": -674900000,
    "operatingIncomeRatio": -0.0622785324,
    "totalOtherIncomeExpensesNet": -111500000,
    "incomeBeforeTax": -786400000,
    "incomeBeforeTaxRatio": -0.0725675476,
    "incomeTaxExpense": -280100000,
    "netIncome": -506300000,
    "netIncomeRatio": -0.0467204341,
    "eps": -3.66,
    "epsdiluted": -3.66,
    "weightedAverageShsOut": 88630491,
    "weightedAverageShsOutDil": 88630491,
    "link": null,
    "finalLink": null
  },
  {
    "date": "1990-06-30",
    "symbol": "DAL",
    "reportedCurrency": "USD",
    "cik": "0000027904",
    "fillingDate": "1990-06-30",
    "acceptedDate": "1990-06-30 00:00:00",
    "calendarYear": "1990",
    "period": "FY",
    "revenue": 9170600000,
    "costOfRevenue": 3814100000,
    "grossProfit": 5356500000,
    "grossProfitRatio": 0.5840948248,
    "researchAndDevelopmentExpenses": 0,
    "generalAndAdministrativeExpenses": 0,
    "sellingAndMarketingExpenses": 0,
    "sellingGeneralAndAdministrativeExpenses": 5340600000,
    "otherExpenses": 465900000,
    "operatingExpenses": 5806500000,
    "costAndExpenses": 9620600000,
    "interestIncome": 0,
    "interestExpense": 0,
    "depreciationAndAmortization": -459200000,
    "ebitda": -909200000,
    "ebitdaratio": -0.0991429132,
    "operatingIncome": -450000000,
    "operatingIncomeRatio": -0.0490698537,
    "totalOtherIncomeExpensesNet": -50200000,
    "incomeBeforeTax": -500200000,
    "incomeBeforeTaxRatio": -0.0545438684,
    "incomeTaxExpense": -175800000,
    "netIncome": -324400000,
    "netIncomeRatio": -0.0353739123,
    "eps": 3.15,
    "epsdiluted": 2.86,
    "weightedAverageShsOut": 96275862,
    "weightedAverageShsOutDil": 105757576,
    "link": null,
    "finalLink": null
  },
  {
    "date": "1989-06-30",
    "symbol": "DAL",
    "reportedCurrency": "USD",
    "cik": "0000027904",
    "fillingDate": "1989-06-30",
    "acceptedDate": "1989-06-30 00:00:00",
    "calendarYear": "1989",
    "period": "FY",
    "revenue": 8582200000,
    "costOfRevenue": 5225200000,
    "grossProfit": 3357000000,
    "grossProfitRatio": 0.3911584442,
    "researchAndDevelopmentExpenses": 0,
    "generalAndAdministrativeExpenses": 0,
    "sellingAndMarketingExpenses": 0,
    "sellingGeneralAndAdministrativeExpenses": 2478300000,
    "otherExpenses": 459200000,
    "operatingExpenses": 2937500000,
    "costAndExpenses": 8162700000,
    "interestIncome": 0,
    "interestExpense": 0,
    "depreciationAndAmortization": 393100000,
    "ebitda": 812600000,
    "ebitdaratio": 0.0946843467,
    "operatingIncome": 419500000,
    "operatingIncomeRatio": 0.0488802405,
    "totalOtherIncomeExpensesNet": 48400000,
    "incomeBeforeTax": 467900000,
    "incomeBeforeTaxRatio": 0.0545198201,
    "incomeTaxExpense": 165100000,
    "netIncome": 302800000,
    "netIncomeRatio": 0.0352823285,
    "eps": 4.69,
    "epsdiluted": 4.69,
    "weightedAverageShsOut": 98272921,
    "weightedAverageShsOutDil": 98272921,
    "link": null,
    "finalLink": null
  },
  {
    "date": "1988-06-30",
    "symbol": "DAL",
    "reportedCurrency": "USD",
    "cik": "0000027904",
    "fillingDate": "1988-06-30",
    "acceptedDate": "1988-06-30 00:00:00",
    "calendarYear": "1988",
    "period": "FY",
    "revenue": 8089500000,
    "costOfRevenue": 4665300000,
    "grossProfit": 3424200000,
    "grossProfitRatio": 0.4232894493,
    "researchAndDevelopmentExpenses": 0,
    "generalAndAdministrativeExpenses": 0,
    "sellingAndMarketingExpenses": 0,
    "sellingGeneralAndAdministrativeExpenses": 2352800000,
    "otherExpenses": 393100000,
    "operatingExpenses": 2745900000,
    "costAndExpenses": 7411200000,
    "interestIncome": 0,
    "interestExpense": 0,
    "depreciationAndAmortization": 354100000,
    "ebitda": 1032400000,
    "ebitdaratio": 0.1276222263,
    "operatingIncome": 678300000,
    "operatingIncomeRatio": 0.0838494345,
    "totalOtherIncomeExpensesNet": 32900000,
    "incomeBeforeTax": 711200000,
    "incomeBeforeTaxRatio": 0.0879164349,
    "incomeTaxExpense": 250300000,
    "netIncome": 460900000,
    "netIncomeRatio": 0.0569750912,
    "eps": 3.15,
    "epsdiluted": 3.15,
    "weightedAverageShsOut": 97396825,
    "weightedAverageShsOutDil": 97396825,
    "link": null,
    "finalLink": null
  },
  {
    "date": "1987-06-30",
    "symbol": "DAL",
    "reportedCurrency": "USD",
    "cik": "0000027904",
    "fillingDate": "1987-06-30",
    "acceptedDate": "1987-06-30 00:00:00",
    "calendarYear": "1987",
    "period": "FY",
    "revenue": 6915400000,
    "costOfRevenue": 4152200000,
    "grossProfit": 2763200000,
    "grossProfitRatio": 0.3995719698,
    "researchAndDevelopmentExpenses": 0,
    "generalAndAdministrativeExpenses": 0,
    "sellingAndMarketingExpenses": 0,
    "sellingGeneralAndAdministrativeExpenses": 1912000000,
    "otherExpenses": 354100000,
    "operatingExpenses": 2266100000,
    "costAndExpenses": 6418300000,
    "interestIncome": 0,
    "interestExpense": 0,
    "depreciationAndAmortization": 278000000,
    "ebitda": 775100000,
    "ebitdaratio": 0.1120831767,
    "operatingIncome": 497100000,
    "operatingIncomeRatio": 0.0718830436,
    "totalOtherIncomeExpensesNet": -41300000,
    "incomeBeforeTax": 455800000,
    "incomeBeforeTaxRatio": 0.0659108656,
    "incomeTaxExpense": 149000000,
    "netIncome": 306800000,
    "netIncomeRatio": 0.0443647511,
    "eps": 2.95,
    "epsdiluted": 2.95,
    "weightedAverageShsOut": 89389831,
    "weightedAverageShsOutDil": 89389831,
    "link": null,
    "finalLink": null
  },
  {
    "date": "1986-06-30",
    "symbol": "DAL",
    "reportedCurrency": "USD",
    "cik": "0000027904",
    "fillingDate": "1986-06-30",
    "acceptedDate": "1986-06-30 00:00:00",
    "calendarYear": "1986",
    "period": "FY",
    "revenue": 5318200000,
    "costOfRevenue": 3179300000,
    "grossProfit": 2138900000,
    "grossProfitRatio": 0.4021849498,
    "researchAndDevelopmentExpenses": 0,
    "generalAndAdministrativeExpenses": 0,
    "sellingAndMarketingExpenses": 0,
    "sellingGeneralAndAdministrativeExpenses": 1456300000,
    "otherExpenses": 278000000,
    "operatingExpenses": 1734300000,
    "costAndExpenses": 4913600000,
    "interestIncome": 0,
    "interestExpense": 0,
    "depreciationAndAmortization": 365400000,
    "ebitda": 770000000,
    "ebitdaratio": 0.1447858298,
    "operatingIncome": 404600000,
    "operatingIncomeRatio": 0.0760783724,
    "totalOtherIncomeExpensesNet": 42600000,
    "incomeBeforeTax": 447200000,
    "incomeBeforeTaxRatio": 0.0840886014,
    "incomeTaxExpense": 183500000,
    "netIncome": 263700000,
    "netIncomeRatio": 0.0495844459,
    "eps": 0.59,
    "epsdiluted": 0.59,
    "weightedAverageShsOut": 80169492,
    "weightedAverageShsOutDil": 80169492,
    "link": null,
    "finalLink": null
  }
]