[
  {
    "date": "2025-06-30",
    "symbol": "DASH",
    "reportedCurrency": "USD",
    "cik": "0001792789",
    "fillingDate": "2025-08-06",
    "acceptedDate": "2025-08-06 16:16:10",
    "calendarYear": "2025",
    "period": "Q2",
    "revenue": 3284000000,
    "costOfRevenue": 1616000000,
    "grossProfit": 1668000000,
    "grossProfitRatio": 0.5079171742,
    "researchAndDevelopmentExpenses": 351000000,
    "generalAndAdministrativeExpenses": 388000000,
    "sellingAndMarketingExpenses": 607000000,
    "sellingGeneralAndAdministrativeExpenses": 995000000,
    "otherExpenses": 159000000,
    "operatingExpenses": 1505000000,
    "costAndExpenses": 3121000000,
    "interestIncome": 49000000,
    "interestExpense": 0,
    "depreciationAndAmortization": 159000000,
    "ebitda": 322000000,
    "ebitdaratio": 0.0980511571,
    "operatingIncome": 163000000,
    "operatingIncomeRatio": 0.049634592,
    "totalOtherIncomeExpensesNet": 108000000,
    "incomeBeforeTax": 271000000,
    "incomeBeforeTaxRatio": 0.0825213155,
    "incomeTaxExpense": -13000000,
    "netIncome": 285000000,
    "netIncomeRatio": 0.0867844093,
    "eps": 0.67,
    "epsdiluted": 0.65,
    "weightedAverageShsOut": 425113000,
    "weightedAverageShsOutDil": 438377000,
    "link": "https://www.sec.gov/Archives/edgar/data/1792789/000179278925000012/0001792789-25-000012-index.htm",
    "finalLink": "https://www.sec.gov/Archives/edgar/data/1792789/000179278925000012/dash-20250630.htm"
  },
  {
    "date": "2025-03-31",
    "symbol": "DASH",
    "reportedCurrency": "USD",
    "cik": "0001792789",
    "fillingDate": "2025-05-07",
    "acceptedDate": "2025-05-07 16:11:41",
    "calendarYear": "2025",
    "period": "Q1",
    "revenue": 3032000000,
    "costOfRevenue": 1500000000,
    "grossProfit": 1532000000,
    "grossProfitRatio": 0.5052770449,
    "researchAndDevelopmentExpenses": 306000000,
    "generalAndAdministrativeExpenses": 332000000,
    "sellingAndMarketingExpenses": 586000000,
    "sellingGeneralAndAdministrativeExpenses": 918000000,
    "otherExpenses": 153000000,
    "operatingExpenses": 1377000000,
    "costAndExpenses": 2877000000,
    "interestIncome": 49000000,
    "interestExpense": 0,
    "depreciationAndAmortization": 152000000,
    "ebitda": 308000000,
    "ebitdaratio": 0.1015831135,
    "operatingIncome": 155000000,
    "operatingIncomeRatio": 0.051121372,
    "totalOtherIncomeExpensesNet": 43000000,
    "incomeBeforeTax": 198000000,
    "incomeBeforeTaxRatio": 0.0653034301,
    "incomeTaxExpense": 6000000,
    "netIncome": 193000000,
    "netIncomeRatio": 0.0636543536,
    "eps": 0.46,
    "epsdiluted": 0.44,
    "weightedAverageShsOut": 421422000,
    "weightedAverageShsOutDil": 435563000,
    "link": "https://www.sec.gov/Archives/edgar/data/1792789/000162828025023171/0001628280-25-023171-index.htm",
    "finalLink": "https://www.sec.gov/Archives/edgar/data/1792789/000162828025023171/dash-20250331.htm"
  },
  {
    "date": "2024-12-31",
    "symbol": "DASH",
    "reportedCurrency": "USD",
    "cik": "0001792789",
    "fillingDate": "2025-02-14",
    "acceptedDate": "2025-02-14 16:13:32",
    "calendarYear": "2024",
    "period": "Q4",
    "revenue": 2873000000,
    "costOfRevenue": 1453000000,
    "grossProfit": 1420000000,
    "grossProfitRatio": 0.4942568743,
    "researchAndDevelopmentExpenses": 297000000,
    "generalAndAdministrativeExpenses": 324000000,
    "sellingAndMarketingExpenses": 541000000,
    "sellingGeneralAndAdministrativeExpenses": 865000000,
    "otherExpenses": 141000000,
    "operatingExpenses": 1303000000,
    "costAndExpenses": 2756000000,
    "interestIncome": 51000000,
    "interestExpense": 0,
    "depreciationAndAmortization": 141000000,
    "ebitda": 258000000,
    "ebitdaratio": 0.0898016011,
    "operatingIncome": 117000000,
    "operatingIncomeRatio": 0.0407239819,
    "totalOtherIncomeExpensesNet": 59000000,
    "incomeBeforeTax": 176000000,
    "incomeBeforeTaxRatio": 0.061260007,
    "incomeTaxExpense": 37000000,
    "netIncome": 141000000,
    "netIncomeRatio": 0.0490776192,
    "eps": 0.34,
    "epsdiluted": 0.34,
    "weightedAverageShsOut": 417056000,
    "weightedAverageShsOutDil": 417056000,
    "link": "https://www.sec.gov/Archives/edgar/data/1792789/000162828025005715/0001628280-25-005715-index.htm",
    "finalLink": "https://www.sec.gov/Archives/edgar/data/1792789/000162828025005715/dash-20241231.htm"
  },
  {
    "date": "2024-09-30",
    "symbol": "DASH",
    "reportedCurrency": "USD",
    "cik": "0001792789",
    "fillingDate": "2024-10-30",
    "acceptedDate": "2024-10-30 16:07:20",
    "calendarYear": "2024",
    "period": "Q3",
    "revenue": 2706000000,
    "costOfRevenue": 1374000000,
    "grossProfit": 1332000000,
    "grossProfitRatio": 0.4922394678,
    "researchAndDevelopmentExpenses": 289000000,
    "generalAndAdministrativeExpenses": 315000000,
    "sellingAndMarketingExpenses": 483000000,
    "sellingGeneralAndAdministrativeExpenses": 798000000,
    "otherExpenses": 138000000,
    "operatingExpenses": 1225000000,
    "costAndExpenses": 2599000000,
    "interestIncome": 54000000,
    "interestExpense": 0,
    "depreciationAndAmortization": 138000000,
    "ebitda": 245000000,
    "ebitdaratio": 0.0905395418,
    "operatingIncome": 107000000,
    "operatingIncomeRatio": 0.0395417591,
    "totalOtherIncomeExpensesNet": 48000000,
    "incomeBeforeTax": 155000000,
    "incomeBeforeTaxRatio": 0.0572801183,
    "incomeTaxExpense": -6000000,
    "netIncome": 162000000,
    "netIncomeRatio": 0.0598669623,
    "eps": 0.39,
    "epsdiluted": 0.38,
    "weightedAverageShsOut": 413106000,
    "weightedAverageShsOutDil": 427962000,
    "link": "https://www.sec.gov/Archives/edgar/data/1792789/000162828024044312/0001628280-24-044312-index.htm",
    "finalLink": "https://www.sec.gov/Archives/edgar/data/1792789/000162828024044312/dash-20240930.htm"
  },
  {
    "date": "2024-06-30",
    "symbol": "DASH",
    "reportedCurrency": "USD",
    "cik": "0001792789",
    "fillingDate": "2024-08-01",
    "acceptedDate": "2024-08-01 16:08:27",
    "calendarYear": "2024",
    "period": "Q2",
    "revenue": 2630000000,
    "costOfRevenue": 1385000000,
    "grossProfit": 1245000000,
    "grossProfitRatio": 0.4733840304,
    "researchAndDevelopmentExpenses": 303000000,
    "generalAndAdministrativeExpenses": 494000000,
    "sellingAndMarketingExpenses": 509000000,
    "sellingGeneralAndAdministrativeExpenses": 1003000000,
    "otherExpenses": 140000000,
    "operatingExpenses": 1446000000,
    "costAndExpenses": 2831000000,
    "interestIncome": 49000000,
    "interestExpense": 0,
    "depreciationAndAmortization": 140000000,
    "ebitda": -61000000,
    "ebitdaratio": -0.0231939163,
    "operatingIncome": -201000000,
    "operatingIncomeRatio": -0.0764258555,
    "totalOtherIncomeExpensesNet": 44000000,
    "incomeBeforeTax": -157000000,
    "incomeBeforeTaxRatio": -0.0596958175,
    "incomeTaxExpense": 1000000,
    "netIncome": -157000000,
    "netIncomeRatio": -0.0596958175,
    "eps": -0.38,
    "epsdiluted": -0.38,
    "weightedAverageShsOut": 410482000,
    "weightedAverageShsOutDil": 410482000,
    "link": "https://www.sec.gov/Archives/edgar/data/1792789/000162828024034131/0001628280-24-034131-index.htm",
    "finalLink": "https://www.sec.gov/Archives/edgar/data/1792789/000162828024034131/dash-20240630.htm"
  },
  {
    "date": "2024-03-31",
    "symbol": "DASH",
    "reportedCurrency": "USD",
    "cik": "0001792789",
    "fillingDate": "2024-05-01",
    "acceptedDate": "2024-05-01 16:08:12",
    "calendarYear": "2024",
    "period": "Q1",
    "revenue": 2513000000,
    "costOfRevenue": 1330000000,
    "grossProfit": 1183000000,
    "grossProfitRatio": 0.4707520891,
    "researchAndDevelopmentExpenses": 279000000,
    "generalAndAdministrativeExpenses": 319000000,
    "sellingAndMarketingExpenses": 504000000,
    "sellingGeneralAndAdministrativeExpenses": 823000000,
    "otherExpenses": 142000000,
    "operatingExpenses": 1244000000,
    "costAndExpenses": 2574000000,
    "interestIncome": 45000000,
    "interestExpense": 0,
    "depreciationAndAmortization": 142000000,
    "ebitda": 81000000,
    "ebitdaratio": 0.0322323916,
    "operatingIncome": -61000000,
    "operatingIncomeRatio": -0.0242737764,
    "totalOtherIncomeExpensesNet": 43000000,
    "incomeBeforeTax": -18000000,
    "incomeBeforeTaxRatio": -0.0071627537,
    "incomeTaxExpense": 7000000,
    "netIncome": -23000000,
    "netIncomeRatio": -0.0091524075,
    "eps": -0.0567,
    "epsdiluted": -0.0567,
    "weightedAverageShsOut": 405482000,
    "weightedAverageShsOutDil": 405482000,
    "link": "https://www.sec.gov/Archives/edgar/data/1792789/000162828024019605/0001628280-24-019605-index.htm",
    "finalLink": "https://www.sec.gov/Archives/edgar/data/1792789/000162828024019605/dash-20240331.htm"
  },
  {
    "date": "2023-12-31",
    "symbol": "DASH",
    "reportedCurrency": "USD",
    "cik": "0001792789",
    "fillingDate": "2024-02-20",
    "acceptedDate": "2024-02-20 16:36:05",
    "calendarYear": "2023",
    "period": "Q4",
    "revenue": 2303000000,
    "costOfRevenue": 1229000000,
    "grossProfit": 1074000000,
    "grossProfitRatio": 0.4663482414,
    "researchAndDevelopmentExpenses": 253000000,
    "generalAndAdministrativeExpenses": 320000000,
    "sellingAndMarketingExpenses": 460000000,
    "sellingGeneralAndAdministrativeExpenses": 780000000,
    "otherExpenses": 130000000,
    "operatingExpenses": 1163000000,
    "costAndExpenses": 2392000000,
    "interestIncome": 51000000,
    "interestExpense": 0,
    "depreciationAndAmortization": 130000000,
    "ebitda": 41000000,
    "ebitdaratio": 0.0178028658,
    "operatingIncome": -89000000,
    "operatingIncomeRatio": -0.0386452453,
    "totalOtherIncomeExpensesNet": -50000000,
    "incomeBeforeTax": -139000000,
    "incomeBeforeTaxRatio": -0.0603560573,
    "incomeTaxExpense": 17000000,
    "netIncome": -154000000,
    "netIncomeRatio": -0.0668693009,
    "eps": -0.39,
    "epsdiluted": -0.39,
    "weightedAverageShsOut": 399336000,
    "weightedAverageShsOutDil": 399336000,
    "link": "https://www.sec.gov/Archives/edgar/data/1792789/000162828024005600/0001628280-24-005600-index.htm",
    "finalLink": "https://www.sec.gov/Archives/edgar/data/1792789/000162828024005600/dash-20231231.htm"
  },
  {
    "date": "2023-09-30",
    "symbol": "DASH",
    "reportedCurrency": "USD",
    "cik": "0001792789",
    "fillingDate": "2023-11-01",
    "acceptedDate": "2023-11-01 16:11:56",
    "calendarYear": "2023",
    "period": "Q3",
    "revenue": 2164000000,
    "costOfRevenue": 1156000000,
    "grossProfit": 1008000000,
    "grossProfitRatio": 0.4658040665,
    "researchAndDevelopmentExpenses": 250000000,
    "generalAndAdministrativeExpenses": 289000000,
    "sellingAndMarketingExpenses": 449000000,
    "sellingGeneralAndAdministrativeExpenses": 738000000,
    "otherExpenses": 128000000,
    "operatingExpenses": 1116000000,
    "costAndExpenses": 2272000000,
    "interestIncome": 40000000,
    "interestExpense": 0,
    "depreciationAndAmortization": 128000000,
    "ebitda": 20000000,
    "ebitdaratio": 0.0092421442,
    "operatingIncome": -108000000,
    "operatingIncomeRatio": -0.0499075786,
    "totalOtherIncomeExpensesNet": 39000000,
    "incomeBeforeTax": -69000000,
    "incomeBeforeTaxRatio": -0.0318853974,
    "incomeTaxExpense": 6000000,
    "netIncome": -73000000,
    "netIncomeRatio": -0.0337338262,
    "eps": -0.19,
    "epsdiluted": -0.19,
    "weightedAverageShsOut": 393217000,
    "weightedAverageShsOutDil": 393217000,
    "link": "https://www.sec.gov/Archives/edgar/data/1792789/000162828023035973/0001628280-23-035973-index.htm",
    "finalLink": "https://www.sec.gov/Archives/edgar/data/1792789/000162828023035973/dash-20230930.htm"
  },
  {
    "date": "2023-06-30",
    "symbol": "DASH",
    "reportedCurrency": "USD",
    "cik": "0001792789",
    "fillingDate": "2023-08-02",
    "acceptedDate": "2023-08-02 16:09:22",
    "calendarYear": "2023",
    "period": "Q2",
    "revenue": 2133000000,
    "costOfRevenue": 1135000000,
    "grossProfit": 998000000,
    "grossProfitRatio": 0.4678856071,
    "researchAndDevelopmentExpenses": 269000000,
    "generalAndAdministrativeExpenses": 341000000,
    "sellingAndMarketingExpenses": 471000000,
    "sellingGeneralAndAdministrativeExpenses": 812000000,
    "otherExpenses": 128000000,
    "operatingExpenses": 1209000000,
    "costAndExpenses": 2344000000,
    "interestIncome": 34000000,
    "interestExpense": 0,
    "depreciationAndAmortization": 128000000,
    "ebitda": -83000000,
    "ebitdaratio": -0.0389123301,
    "operatingIncome": -211000000,
    "operatingIncomeRatio": -0.0989217065,
    "totalOtherIncomeExpensesNet": 30000000,
    "incomeBeforeTax": -181000000,
    "incomeBeforeTaxRatio": -0.0848570089,
    "incomeTaxExpense": -9000000,
    "netIncome": -170000000,
    "netIncomeRatio": -0.0796999531,
    "eps": -0.44,
    "epsdiluted": -0.44,
    "weightedAverageShsOut": 388737000,
    "weightedAverageShsOutDil": 388737000,
    "link": "https://www.sec.gov/Archives/edgar/data/1792789/000162828023026756/0001628280-23-026756-index.htm",
    "finalLink": "https://www.sec.gov/Archives/edgar/data/1792789/000162828023026756/dash-20230630.htm"
  },
  {
    "date": "2023-03-31",
    "symbol": "DASH",
    "reportedCurrency": "USD",
    "cik": "0001792789",
    "fillingDate": "2023-05-05",
    "acceptedDate": "2023-05-05 16:12:03",
    "calendarYear": "2023",
    "period": "Q1",
    "revenue": 2035000000,
    "costOfRevenue": 1069000000,
    "grossProfit": 966000000,
    "grossProfitRatio": 0.4746928747,
    "researchAndDevelopmentExpenses": 231000000,
    "generalAndAdministrativeExpenses": 285000000,
    "sellingAndMarketingExpenses": 496000000,
    "sellingGeneralAndAdministrativeExpenses": 781000000,
    "otherExpenses": 125000000,
    "operatingExpenses": 1137000000,
    "costAndExpenses": 2206000000,
    "interestIncome": 28000000,
    "interestExpense": 1000000,
    "depreciationAndAmortization": 123000000,
    "ebitda": -46000000,
    "ebitdaratio": -0.0226044226,
    "operatingIncome": -171000000,
    "operatingIncomeRatio": -0.084029484,
    "totalOtherIncomeExpensesNet": 26000000,
    "incomeBeforeTax": -145000000,
    "incomeBeforeTaxRatio": -0.0712530713,
    "incomeTaxExpense": 17000000,
    "netIncome": -161000000,
    "netIncomeRatio": -0.0791154791,
    "eps": -0.41,
    "epsdiluted": -0.41,
    "weightedAverageShsOut": 390397000,
    "weightedAverageShsOutDil": 390397000,
    "link": "https://www.sec.gov/Archives/edgar/data/1792789/000162828023016140/0001628280-23-016140-index.htm",
    "finalLink": "https://www.sec.gov/Archives/edgar/data/1792789/000162828023016140/dash-20230331.htm"
  },
  {
    "date": "2022-12-31",
    "symbol": "DASH",
    "reportedCurrency": "USD",
    "cik": "0001792789",
    "fillingDate": "2023-02-27",
    "acceptedDate": "2023-02-24 21:46:28",
    "calendarYear": "2022",
    "period": "Q4",
    "revenue": 1818000000,
    "costOfRevenue": 1014000000,
    "grossProfit": 804000000,
    "grossProfitRatio": 0.4422442244,
    "researchAndDevelopmentExpenses": 250000000,
    "generalAndAdministrativeExpenses": 292000000,
    "sellingAndMarketingExpenses": 429000000,
    "sellingGeneralAndAdministrativeExpenses": 721000000,
    "otherExpenses": 203000000,
    "operatingExpenses": 1174000000,
    "costAndExpenses": 2188000000,
    "interestIncome": 17000000,
    "interestExpense": 1000000,
    "depreciationAndAmortization": 111000000,
    "ebitda": -547000000,
    "ebitdaratio": -0.300880088,
    "operatingIncome": -370000000,
    "operatingIncomeRatio": -0.203520352,
    "totalOtherIncomeExpensesNet": -289000000,
    "incomeBeforeTax": -659000000,
    "incomeBeforeTaxRatio": -0.3624862486,
    "incomeTaxExpense": -17000000,
    "netIncome": -640000000,
    "netIncomeRatio": -0.3520352035,
    "eps": -1.65,
    "epsdiluted": -1.65,
    "weightedAverageShsOut": 387162000,
    "weightedAverageShsOutDil": 387162000,
    "link": "https://www.sec.gov/Archives/edgar/data/1792789/000162828023005131/0001628280-23-005131-index.htm",
    "finalLink": "https://www.sec.gov/Archives/edgar/data/1792789/000162828023005131/dash-20221231.htm"
  },
  {
    "date": "2022-09-30",
    "symbol": "DASH",
    "reportedCurrency": "USD",
    "cik": "0001792789",
    "fillingDate": "2022-11-04",
    "acceptedDate": "2022-11-04 16:09:29",
    "calendarYear": "2022",
    "period": "Q3",
    "revenue": 1701000000,
    "costOfRevenue": 931000000,
    "grossProfit": 770000000,
    "grossProfitRatio": 0.4526748971,
    "researchAndDevelopmentExpenses": 226000000,
    "generalAndAdministrativeExpenses": 316000000,
    "sellingAndMarketingExpenses": 418000000,
    "sellingGeneralAndAdministrativeExpenses": 734000000,
    "otherExpenses": 123000000,
    "operatingExpenses": 1078000000,
    "costAndExpenses": 2009000000,
    "interestIncome": 9000000,
    "interestExpense": 0,
    "depreciationAndAmortization": 118000000,
    "ebitda": -185000000,
    "ebitdaratio": -0.1087595532,
    "operatingIncome": -308000000,
    "operatingIncomeRatio": -0.1810699588,
    "totalOtherIncomeExpensesNet": 7000000,
    "incomeBeforeTax": -301000000,
    "incomeBeforeTaxRatio": -0.1769547325,
    "incomeTaxExpense": -5000000,
    "netIncome": -295000000,
    "netIncomeRatio": -0.1734273956,
    "eps": -0.77,
    "epsdiluted": -0.77,
    "weightedAverageShsOut": 384756000,
    "weightedAverageShsOutDil": 384756000,
    "link": "https://www.sec.gov/Archives/edgar/data/1792789/000162828022028457/0001628280-22-028457-index.htm",
    "finalLink": "https://www.sec.gov/Archives/edgar/data/1792789/000162828022028457/dash-20220930.htm"
  },
  {
    "date": "2022-06-30",
    "symbol": "DASH",
    "reportedCurrency": "USD",
    "cik": "0001792789",
    "fillingDate": "2022-08-05",
    "acceptedDate": "2022-08-05 16:22:28",
    "calendarYear": "2022",
    "period": "Q2",
    "revenue": 1608000000,
    "costOfRevenue": 880000000,
    "grossProfit": 728000000,
    "grossProfitRatio": 0.4527363184,
    "researchAndDevelopmentExpenses": 205000000,
    "generalAndAdministrativeExpenses": 294000000,
    "sellingAndMarketingExpenses": 421000000,
    "sellingGeneralAndAdministrativeExpenses": 715000000,
    "otherExpenses": 84000000,
    "operatingExpenses": 1001000000,
    "costAndExpenses": 1881000000,
    "interestIncome": 5000000,
    "interestExpense": 1000000,
    "depreciationAndAmortization": 81000000,
    "ebitda": -189000000,
    "ebitdaratio": -0.1175373134,
    "operatingIncome": -273000000,
    "operatingIncomeRatio": -0.1697761194,
    "totalOtherIncomeExpensesNet": 1000000,
    "incomeBeforeTax": -272000000,
    "incomeBeforeTaxRatio": -0.1691542289,
    "incomeTaxExpense": -9000000,
    "netIncome": -263000000,
    "netIncomeRatio": -0.1635572139,
    "eps": -0.72,
    "epsdiluted": -0.72,
    "weightedAverageShsOut": 363961000,
    "weightedAverageShsOutDil": 363961000,
    "link": "https://www.sec.gov/Archives/edgar/data/1792789/000162828022021372/0001628280-22-021372-index.htm",
    "finalLink": "https://www.sec.gov/Archives/edgar/data/1792789/000162828022021372/dash-20220630.htm"
  },
  {
    "date": "2022-03-31",
    "symbol": "DASH",
    "reportedCurrency": "USD",
    "cik": "0001792789",
    "fillingDate": "2022-05-06",
    "acceptedDate": "2022-05-06 16:10:44",
    "calendarYear": "2022",
    "period": "Q1",
    "revenue": 1456000000,
    "costOfRevenue": 763000000,
    "grossProfit": 693000000,
    "grossProfitRatio": 0.4759615385,
    "researchAndDevelopmentExpenses": 148000000,
    "generalAndAdministrativeExpenses": 245000000,
    "sellingAndMarketingExpenses": 414000000,
    "sellingGeneralAndAdministrativeExpenses": 659000000,
    "otherExpenses": 59000000,
    "operatingExpenses": 866000000,
    "costAndExpenses": 1629000000,
    "interestIncome": 1000000,
    "interestExpense": 0,
    "depreciationAndAmortization": 59000000,
    "ebitda": -108000000,
    "ebitdaratio": -0.0741758242,
    "operatingIncome": -173000000,
    "operatingIncomeRatio": -0.1188186813,
    "totalOtherIncomeExpensesNet": 6000000,
    "incomeBeforeTax": -167000000,
    "incomeBeforeTaxRatio": -0.1146978022,
    "incomeTaxExpense": 0,
    "netIncome": -167000000,
    "netIncomeRatio": -0.1146978022,
    "eps": -0.48,
    "epsdiluted": -0.48,
    "weightedAverageShsOut": 349219000,
    "weightedAverageShsOutDil": 349219000,
    "link": "https://www.sec.gov/Archives/edgar/data/1792789/000162828022013038/0001628280-22-013038-index.htm",
    "finalLink": "https://www.sec.gov/Archives/edgar/data/1792789/000162828022013038/dash-20220331.htm"
  },
  {
    "date": "2021-12-31",
    "symbol": "DASH",
    "reportedCurrency": "USD",
    "cik": "0001792789",
    "fillingDate": "2022-03-01",
    "acceptedDate": "2022-03-01 06:37:38",
    "calendarYear": "2021",
    "period": "Q4",
    "revenue": 1300000000,
    "costOfRevenue": 635000000,
    "grossProfit": 665000000,
    "grossProfitRatio": 0.5115384615,
    "researchAndDevelopmentExpenses": 133000000,
    "generalAndAdministrativeExpenses": 224000000,
    "sellingAndMarketingExpenses": 413000000,
    "sellingGeneralAndAdministrativeExpenses": 637000000,
    "otherExpenses": 49000000,
    "operatingExpenses": 819000000,
    "costAndExpenses": 1454000000,
    "interestIncome": 1000000,
    "interestExpense": 1000000,
    "depreciationAndAmortization": 49000000,
    "ebitda": -103000000,
    "ebitdaratio": -0.0792307692,
    "operatingIncome": -154000000,
    "operatingIncomeRatio": -0.1184615385,
    "totalOtherIncomeExpensesNet": 1000000,
    "incomeBeforeTax": -153000000,
    "incomeBeforeTaxRatio": -0.1176923077,
    "incomeTaxExpense": 2000000,
    "netIncome": -155000000,
    "netIncomeRatio": -0.1192307692,
    "eps": -0.45,
    "epsdiluted": -0.45,
    "weightedAverageShsOut": 344469000,
    "weightedAverageShsOutDil": 344469000,
    "link": "https://www.sec.gov/Archives/edgar/data/1792789/000162828022004350/0001628280-22-004350-index.htm",
    "finalLink": "https://www.sec.gov/Archives/edgar/data/1792789/000162828022004350/dash-20211231.htm"
  },
  {
    "date": "2021-09-30",
    "symbol": "DASH",
    "reportedCurrency": "USD",
    "cik": "0001792789",
    "fillingDate": "2021-11-10",
    "acceptedDate": "2021-11-10 17:26:04",
    "calendarYear": "2021",
    "period": "Q3",
    "revenue": 1275000000,
    "costOfRevenue": 585000000,
    "grossProfit": 690000000,
    "grossProfitRatio": 0.5411764706,
    "researchAndDevelopmentExpenses": 115000000,
    "generalAndAdministrativeExpenses": 188000000,
    "sellingAndMarketingExpenses": 446000000,
    "sellingGeneralAndAdministrativeExpenses": 634000000,
    "otherExpenses": 41000000,
    "operatingExpenses": 790000000,
    "costAndExpenses": 1375000000,
    "interestIncome": 0,
    "interestExpense": 0,
    "depreciationAndAmortization": 41000000,
    "ebitda": -60000000,
    "ebitdaratio": -0.0470588235,
    "operatingIncome": -100000000,
    "operatingIncomeRatio": -0.0784313725,
    "totalOtherIncomeExpensesNet": -1000000,
    "incomeBeforeTax": -101000000,
    "incomeBeforeTaxRatio": -0.0792156863,
    "incomeTaxExpense": 0,
    "netIncome": -101000000,
    "netIncomeRatio": -0.0792156863,
    "eps": -0.3,
    "epsdiluted": -0.3,
    "weightedAverageShsOut": 340169000,
    "weightedAverageShsOutDil": 340169000,
    "link": "https://www.sec.gov/Archives/edgar/data/1792789/000162828021022884/0001628280-21-022884-index.htm",
    "finalLink": "https://www.sec.gov/Archives/edgar/data/1792789/000162828021022884/dash-20210930.htm"
  },
  {
    "date": "2021-06-30",
    "symbol": "DASH",
    "reportedCurrency": "USD",
    "cik": "0001792789",
    "fillingDate": "2021-08-13",
    "acceptedDate": "2021-08-13 16:11:14",
    "calendarYear": "2021",
    "period": "Q2",
    "revenue": 1236000000,
    "costOfRevenue": 555000000,
    "grossProfit": 681000000,
    "grossProfitRatio": 0.5509708738,
    "researchAndDevelopmentExpenses": 100000000,
    "generalAndAdministrativeExpenses": 216000000,
    "sellingAndMarketingExpenses": 427000000,
    "sellingGeneralAndAdministrativeExpenses": 643000000,
    "otherExpenses": 37000000,
    "operatingExpenses": 780000000,
    "costAndExpenses": 1335000000,
    "interestIncome": 0,
    "interestExpense": 1000000,
    "depreciationAndAmortization": 37000000,
    "ebitda": -62000000,
    "ebitdaratio": -0.0501618123,
    "operatingIncome": -99000000,
    "operatingIncomeRatio": -0.0800970874,
    "totalOtherIncomeExpensesNet": -1000000,
    "incomeBeforeTax": -100000000,
    "incomeBeforeTaxRatio": -0.0809061489,
    "incomeTaxExpense": 2000000,
    "netIncome": -102000000,
    "netIncomeRatio": -0.0825242718,
    "eps": -0.3,
    "epsdiluted": -0.3,
    "weightedAverageShsOut": 334707000,
    "weightedAverageShsOutDil": 334707000,
    "link": "https://www.sec.gov/Archives/edgar/data/1792789/000162828021016985/0001628280-21-016985-index.htm",
    "finalLink": "https://www.sec.gov/Archives/edgar/data/1792789/000162828021016985/dash-20210630.htm"
  },
  {
    "date": "2021-03-31",
    "symbol": "DASH",
    "reportedCurrency": "USD",
    "cik": "0001792789",
    "fillingDate": "2021-05-14",
    "acceptedDate": "2021-05-14 16:10:58",
    "calendarYear": "2021",
    "period": "Q1",
    "revenue": 1077000000,
    "costOfRevenue": 563000000,
    "grossProfit": 514000000,
    "grossProfitRatio": 0.4772516249,
    "researchAndDevelopmentExpenses": 82000000,
    "generalAndAdministrativeExpenses": 169000000,
    "sellingAndMarketingExpenses": 333000000,
    "sellingGeneralAndAdministrativeExpenses": 502000000,
    "otherExpenses": 29000000,
    "operatingExpenses": 613000000,
    "costAndExpenses": 1176000000,
    "interestIncome": 2000000,
    "interestExpense": 12000000,
    "depreciationAndAmortization": 29000000,
    "ebitda": -68000000,
    "ebitdaratio": -0.0631383473,
    "operatingIncome": -99000000,
    "operatingIncomeRatio": -0.0919220056,
    "totalOtherIncomeExpensesNet": -10000000,
    "incomeBeforeTax": -109000000,
    "incomeBeforeTaxRatio": -0.1012070566,
    "incomeTaxExpense": 1000000,
    "netIncome": -110000000,
    "netIncomeRatio": -0.1021355617,
    "eps": -0.34,
    "epsdiluted": -0.34,
    "weightedAverageShsOut": 327815000,
    "weightedAverageShsOutDil": 327815000,
    "link": "https://www.sec.gov/Archives/edgar/data/1792789/000162828021010313/0001628280-21-010313-index.htm",
    "finalLink": "https://www.sec.gov/Archives/edgar/data/1792789/000162828021010313/dash-20210331.htm"
  },
  {
    "date": "2020-12-31",
    "symbol": "DASH",
    "reportedCurrency": "USD",
    "cik": "0001792789",
    "fillingDate": "2021-03-05",
    "acceptedDate": "2021-03-05 16:31:24",
    "calendarYear": "2020",
    "period": "Q4",
    "revenue": 970000000,
    "costOfRevenue": 469000000,
    "grossProfit": 501000000,
    "grossProfitRatio": 0.5164948454,
    "researchAndDevelopmentExpenses": 209000000,
    "generalAndAdministrativeExpenses": 219000000,
    "sellingAndMarketingExpenses": 347000000,
    "sellingGeneralAndAdministrativeExpenses": 566000000,
    "otherExpenses": 31000000,
    "operatingExpenses": 806000000,
    "costAndExpenses": 1275000000,
    "interestIncome": 1000000,
    "interestExpense": 10000000,
    "depreciationAndAmortization": 31000000,
    "ebitda": -270000000,
    "ebitdaratio": -0.2783505155,
    "operatingIncome": -305000000,
    "operatingIncomeRatio": -0.3144329897,
    "totalOtherIncomeExpensesNet": -6000000,
    "incomeBeforeTax": -311000000,
    "incomeBeforeTaxRatio": -0.3206185567,
    "incomeTaxExpense": 1000000,
    "netIncome": -312000000,
    "netIncomeRatio": -0.3216494845,
    "eps": -0.98,
    "epsdiluted": -0.98,
    "weightedAverageShsOut": 319882500,
    "weightedAverageShsOutDil": 319882500,
    "link": "https://www.sec.gov/Archives/edgar/data/1792789/000162828021004032/0001628280-21-004032-index.htm",
    "finalLink": "https://www.sec.gov/Archives/edgar/data/1792789/000162828021004032/dash-20201231.htm"
  },
  {
    "date": "2020-09-30",
    "symbol": "DASH",
    "reportedCurrency": "USD",
    "cik": "0001792789",
    "fillingDate": "2020-09-30",
    "acceptedDate": "2020-09-29 20:00:00",
    "calendarYear": "2020",
    "period": "Q3",
    "revenue": 879000000,
    "costOfRevenue": 382000000,
    "grossProfit": 497000000,
    "grossProfitRatio": 0.5654152446,
    "researchAndDevelopmentExpenses": 41000000,
    "generalAndAdministrativeExpenses": 167000000,
    "sellingAndMarketingExpenses": 290000000,
    "sellingGeneralAndAdministrativeExpenses": 457000000,
    "otherExpenses": 34000000,
    "operatingExpenses": 532000000,
    "costAndExpenses": 914000000,
    "interestIncome": 1000000,
    "interestExpense": 9000000,
    "depreciationAndAmortization": 34000000,
    "ebitda": 1000000,
    "ebitdaratio": 0.0011376564,
    "operatingIncome": -35000000,
    "operatingIncomeRatio": -0.039817975,
    "totalOtherIncomeExpensesNet": -7000000,
    "incomeBeforeTax": -42000000,
    "incomeBeforeTaxRatio": -0.04778157,
    "incomeTaxExpense": 1000000,
    "netIncome": -43000000,
    "netIncomeRatio": -0.0489192264,
    "eps": -0.14,
    "epsdiluted": -0.14,
    "weightedAverageShsOut": 317656521,
    "weightedAverageShsOutDil": 317656521,
    "link": "",
    "finalLink": ""
  },
  {
    "date": "2020-06-30",
    "symbol": "DASH",
    "reportedCurrency": "USD",
    "cik": "0001792789",
    "fillingDate": "2020-06-30",
    "acceptedDate": "2020-06-29 20:00:00",
    "calendarYear": "2020",
    "period": "Q2",
    "revenue": 675000000,
    "costOfRevenue": 323000000,
    "grossProfit": 352000000,
    "grossProfitRatio": 0.5214814815,
    "researchAndDevelopmentExpenses": 38000000,
    "generalAndAdministrativeExpenses": 88000000,
    "sellingAndMarketingExpenses": 168000000,
    "sellingGeneralAndAdministrativeExpenses": 256000000,
    "otherExpenses": 31000000,
    "operatingExpenses": 325000000,
    "costAndExpenses": 648000000,
    "interestIncome": 2000000,
    "interestExpense": 9000000,
    "depreciationAndAmortization": 31000000,
    "ebitda": 63000000,
    "ebitdaratio": 0.0933333333,
    "operatingIncome": 27000000,
    "operatingIncomeRatio": 0.04,
    "totalOtherIncomeExpensesNet": -4000000,
    "incomeBeforeTax": 23000000,
    "incomeBeforeTaxRatio": 0.0340740741,
    "incomeTaxExpense": 0,
    "netIncome": 23000000,
    "netIncomeRatio": 0.0340740741,
    "eps": 0.0737,
    "epsdiluted": 0.0737,
    "weightedAverageShsOut": 283145000,
    "weightedAverageShsOutDil": 283145000,
    "link": "",
    "finalLink": ""
  },
  {
    "date": "2020-03-31",
    "symbol": "DASH",
    "reportedCurrency": "USD",
    "cik": "0001792789",
    "fillingDate": "2020-03-31",
    "acceptedDate": "2020-03-30 20:00:00",
    "calendarYear": "2020",
    "period": "Q1",
    "revenue": 362000000,
    "costOfRevenue": 194000000,
    "grossProfit": 168000000,
    "grossProfitRatio": 0.4640883978,
    "researchAndDevelopmentExpenses": 33000000,
    "generalAndAdministrativeExpenses": 82000000,
    "sellingAndMarketingExpenses": 152000000,
    "sellingGeneralAndAdministrativeExpenses": 234000000,
    "otherExpenses": 24000000,
    "operatingExpenses": 291000000,
    "costAndExpenses": 485000000,
    "interestIncome": 3000000,
    "interestExpense": 4000000,
    "depreciationAndAmortization": 24000000,
    "ebitda": -100000000,
    "ebitdaratio": -0.2762430939,
    "operatingIncome": -123000000,
    "operatingIncomeRatio": -0.3397790055,
    "totalOtherIncomeExpensesNet": -5000000,
    "incomeBeforeTax": -128000000,
    "incomeBeforeTaxRatio": -0.3535911602,
    "incomeTaxExpense": 1000000,
    "netIncome": -129000000,
    "netIncomeRatio": -0.3563535912,
    "eps": -0.46,
    "epsdiluted": -0.46,
    "weightedAverageShsOut": 283145000,
    "weightedAverageShsOutDil": 283145000,
    "link": "",
    "finalLink": ""
  },
  {
    "date": "2019-12-31",
    "symbol": "DASH",
    "reportedCurrency": "USD",
    "cik": "0001792789",
    "fillingDate": "2019-12-31",
    "acceptedDate": "2019-12-30 19:00:00",
    "calendarYear": "2019",
    "period": "Q4",
    "revenue": 298000000,
    "costOfRevenue": 170000000,
    "grossProfit": 128000000,
    "grossProfitRatio": 0.4295302013,
    "researchAndDevelopmentExpenses": 34000000,
    "generalAndAdministrativeExpenses": 66000000,
    "sellingAndMarketingExpenses": 149000000,
    "sellingGeneralAndAdministrativeExpenses": 215000000,
    "otherExpenses": 16000000,
    "operatingExpenses": 265000000,
    "costAndExpenses": 435000000,
    "interestIncome": 4000000,
    "interestExpense": 0,
    "depreciationAndAmortization": 16000000,
    "ebitda": -118000000,
    "ebitdaratio": -0.3959731544,
    "operatingIncome": -137000000,
    "operatingIncomeRatio": -0.4597315436,
    "totalOtherIncomeExpensesNet": 3000000,
    "incomeBeforeTax": -134000000,
    "incomeBeforeTaxRatio": -0.4496644295,
    "incomeTaxExpense": 0,
    "netIncome": -134000000,
    "netIncomeRatio": -0.4496644295,
    "eps": -0.42,
    "epsdiluted": -0.42,
    "weightedAverageShsOut": 283145000,
    "weightedAverageShsOutDil": 283145000,
    "link": "",
    "finalLink": ""
  },
  {
    "date": "2019-09-30",
    "symbol": "DASH",
    "reportedCurrency": "USD",
    "cik": "0001792789",
    "fillingDate": "2019-09-30",
    "acceptedDate": "2019-09-29 20:00:00",
    "calendarYear": "2019",
    "period": "Q3",
    "revenue": 239000000,
    "costOfRevenue": 140000000,
    "grossProfit": 99000000,
    "grossProfitRatio": 0.4142259414,
    "researchAndDevelopmentExpenses": 28000000,
    "generalAndAdministrativeExpenses": 0,
    "sellingAndMarketingExpenses": 0,
    "sellingGeneralAndAdministrativeExpenses": 228000000,
    "otherExpenses": 0,
    "operatingExpenses": 256000000,
    "costAndExpenses": 396000000,
    "interestIncome": 6000000,
    "interestExpense": 0,
    "depreciationAndAmortization": 7000000,
    "ebitda": -144000000,
    "ebitdaratio": -0.6025104603,
    "operatingIncome": -157000000,
    "operatingIncomeRatio": -0.6569037657,
    "totalOtherIncomeExpensesNet": 6000000,
    "incomeBeforeTax": -151000000,
    "incomeBeforeTaxRatio": -0.6317991632,
    "incomeTaxExpense": 1000000,
    "netIncome": -152000000,
    "netIncomeRatio": -0.6359832636,
    "eps": -0.48,
    "epsdiluted": -0.48,
    "weightedAverageShsOut": 317656521,
    "weightedAverageShsOutDil": 317656521,
    "link": null,
    "finalLink": null
  },
  {
    "date": "2019-06-30",
    "symbol": "DASH",
    "reportedCurrency": "USD",
    "cik": "0001792789",
    "fillingDate": "2019-06-30",
    "acceptedDate": "2019-06-29 20:00:00",
    "calendarYear": "2019",
    "period": "Q2",
    "revenue": 215000000,
    "costOfRevenue": 127000000,
    "grossProfit": 88000000,
    "grossProfitRatio": 0.4093023256,
    "researchAndDevelopmentExpenses": 25000000,
    "generalAndAdministrativeExpenses": 0,
    "sellingAndMarketingExpenses": 0,
    "sellingGeneralAndAdministrativeExpenses": 191000000,
    "otherExpenses": 0,
    "operatingExpenses": 216000000,
    "costAndExpenses": 343000000,
    "interestIncome": 5000000,
    "interestExpense": 0,
    "depreciationAndAmortization": 5000000,
    "ebitda": -185000000,
    "ebitdaratio": -0.8604651163,
    "operatingIncome": -128000000,
    "operatingIncomeRatio": -0.5953488372,
    "totalOtherIncomeExpensesNet": -62000000,
    "incomeBeforeTax": -190000000,
    "incomeBeforeTaxRatio": -0.8837209302,
    "incomeTaxExpense": 0,
    "netIncome": -190000000,
    "netIncomeRatio": -0.8837209302,
    "eps": -0.6,
    "epsdiluted": -0.6,
    "weightedAverageShsOut": 317656521,
    "weightedAverageShsOutDil": 317656521,
    "link": null,
    "finalLink": null
  },
  {
    "date": "2019-03-31",
    "symbol": "DASH",
    "reportedCurrency": "USD",
    "cik": "0001792789",
    "fillingDate": "2019-03-31",
    "acceptedDate": "2019-03-30 20:00:00",
    "calendarYear": "2019",
    "period": "Q1",
    "revenue": 133000000,
    "costOfRevenue": 102000000,
    "grossProfit": 31000000,
    "grossProfitRatio": 0.2330827068,
    "researchAndDevelopmentExpenses": 20000000,
    "generalAndAdministrativeExpenses": 0,
    "sellingAndMarketingExpenses": 0,
    "sellingGeneralAndAdministrativeExpenses": 205000000,
    "otherExpenses": 0,
    "operatingExpenses": 225000000,
    "costAndExpenses": 327000000,
    "interestIncome": 3000000,
    "interestExpense": 0,
    "depreciationAndAmortization": 4000000,
    "ebitda": -187000000,
    "ebitdaratio": -1.4060150376,
    "operatingIncome": -194000000,
    "operatingIncomeRatio": -1.4586466165,
    "totalOtherIncomeExpensesNet": 3000000,
    "incomeBeforeTax": -191000000,
    "incomeBeforeTaxRatio": -1.4360902256,
    "incomeTaxExpense": 0,
    "netIncome": -191000000,
    "netIncomeRatio": -1.4360902256,
    "eps": -0.6,
    "epsdiluted": -0.6,
    "weightedAverageShsOut": 317656521,
    "weightedAverageShsOutDil": 317656521,
    "link": null,
    "finalLink": null
  }
]