[
  {
    "date": "2025-06-30",
    "symbol": "DAY",
    "reportedCurrency": "USD",
    "cik": "0001725057",
    "fillingDate": "2025-08-06",
    "acceptedDate": "2025-08-06 07:18:43",
    "calendarYear": "2025",
    "period": "Q2",
    "revenue": 464700000,
    "costOfRevenue": 226600000,
    "grossProfit": 238100000,
    "grossProfitRatio": 0.5123735743,
    "researchAndDevelopmentExpenses": 0,
    "generalAndAdministrativeExpenses": 58900000,
    "sellingAndMarketingExpenses": 83700000,
    "sellingGeneralAndAdministrativeExpenses": 142600000,
    "otherExpenses": 53200000,
    "operatingExpenses": 195800000,
    "costAndExpenses": 422400000,
    "interestIncome": 0,
    "interestExpense": 7100000,
    "depreciationAndAmortization": 53200000,
    "ebitda": 98600000,
    "ebitdaratio": 0.212179901,
    "operatingIncome": 42300000,
    "operatingIncomeRatio": 0.0910264687,
    "totalOtherIncomeExpensesNet": -4000000,
    "incomeBeforeTax": 38300000,
    "incomeBeforeTaxRatio": 0.0824187648,
    "incomeTaxExpense": 17000000,
    "netIncome": 21300000,
    "netIncomeRatio": 0.0458360232,
    "eps": 0.13,
    "epsdiluted": 0.13,
    "weightedAverageShsOut": 159900000,
    "weightedAverageShsOutDil": 161000000,
    "link": "https://www.sec.gov/Archives/edgar/data/1725057/000095017025103537/0000950170-25-103537-index.htm",
    "finalLink": "https://www.sec.gov/Archives/edgar/data/1725057/000095017025103537/day-20250630.htm"
  },
  {
    "date": "2025-03-31",
    "symbol": "DAY",
    "reportedCurrency": "USD",
    "cik": "0001725057",
    "fillingDate": "2025-05-07",
    "acceptedDate": "2025-05-07 07:59:11",
    "calendarYear": "2025",
    "period": "Q1",
    "revenue": 481800000,
    "costOfRevenue": 239000000,
    "grossProfit": 242800000,
    "grossProfitRatio": 0.503943545,
    "researchAndDevelopmentExpenses": 0,
    "generalAndAdministrativeExpenses": 71100000,
    "sellingAndMarketingExpenses": 86800000,
    "sellingGeneralAndAdministrativeExpenses": 157900000,
    "otherExpenses": 53900000,
    "operatingExpenses": 211800000,
    "costAndExpenses": 450800000,
    "interestIncome": 0,
    "interestExpense": 7900000,
    "depreciationAndAmortization": 53900000,
    "ebitda": 80900000,
    "ebitdaratio": 0.1679119967,
    "operatingIncome": 31000000,
    "operatingIncomeRatio": 0.0643420506,
    "totalOtherIncomeExpensesNet": -11900000,
    "incomeBeforeTax": 19100000,
    "incomeBeforeTaxRatio": 0.0396430054,
    "incomeTaxExpense": 4200000,
    "netIncome": 14900000,
    "netIncomeRatio": 0.0309256953,
    "eps": 0.09,
    "epsdiluted": 0.09,
    "weightedAverageShsOut": 159400000,
    "weightedAverageShsOutDil": 161900000,
    "link": "https://www.sec.gov/Archives/edgar/data/1725057/000095017025065024/0000950170-25-065024-index.htm",
    "finalLink": "https://www.sec.gov/Archives/edgar/data/1725057/000095017025065024/day-20250331.htm"
  },
  {
    "date": "2024-12-31",
    "symbol": "DAY",
    "reportedCurrency": "USD",
    "cik": "0001725057",
    "fillingDate": "2025-02-28",
    "acceptedDate": "2025-02-28 16:03:36",
    "calendarYear": "2024",
    "period": "Q4",
    "revenue": 465200000,
    "costOfRevenue": 246600000,
    "grossProfit": 218600000,
    "grossProfitRatio": 0.469905417,
    "researchAndDevelopmentExpenses": 0,
    "generalAndAdministrativeExpenses": 96600000,
    "sellingAndMarketingExpenses": 93500000,
    "sellingGeneralAndAdministrativeExpenses": 190100000,
    "otherExpenses": 0,
    "operatingExpenses": 190100000,
    "costAndExpenses": 436700000,
    "interestIncome": 0,
    "interestExpense": 7400000,
    "depreciationAndAmortization": 58300000,
    "ebitda": 66600000,
    "ebitdaratio": 0.1431642304,
    "operatingIncome": 28500000,
    "operatingIncomeRatio": 0.0612639725,
    "totalOtherIncomeExpensesNet": -27600000,
    "incomeBeforeTax": 900000,
    "incomeBeforeTaxRatio": 0.0019346518,
    "incomeTaxExpense": -9900000,
    "netIncome": 10800000,
    "netIncomeRatio": 0.0232158212,
    "eps": 0.0682,
    "epsdiluted": 0.0667,
    "weightedAverageShsOut": 158300000,
    "weightedAverageShsOutDil": 161800000,
    "link": "https://www.sec.gov/Archives/edgar/data/1725057/000095017025029980/0000950170-25-029980-index.htm",
    "finalLink": "https://www.sec.gov/Archives/edgar/data/1725057/000095017025029980/day-20241231.htm"
  },
  {
    "date": "2024-09-30",
    "symbol": "DAY",
    "reportedCurrency": "USD",
    "cik": "0001725057",
    "fillingDate": "2024-10-30",
    "acceptedDate": "2024-10-30 07:44:04",
    "calendarYear": "2024",
    "period": "Q3",
    "revenue": 440000000,
    "costOfRevenue": 238700000,
    "grossProfit": 201300000,
    "grossProfitRatio": 0.4575,
    "researchAndDevelopmentExpenses": 0,
    "generalAndAdministrativeExpenses": 94100000,
    "sellingAndMarketingExpenses": 86400000,
    "sellingGeneralAndAdministrativeExpenses": 180500000,
    "otherExpenses": 0,
    "operatingExpenses": 180500000,
    "costAndExpenses": 419200000,
    "interestIncome": 0,
    "interestExpense": 8800000,
    "depreciationAndAmortization": 52100000,
    "ebitda": 79200000,
    "ebitdaratio": 0.18,
    "operatingIncome": 20800000,
    "operatingIncomeRatio": 0.0472727273,
    "totalOtherIncomeExpensesNet": -2500000,
    "incomeBeforeTax": 18300000,
    "incomeBeforeTaxRatio": 0.0415909091,
    "incomeTaxExpense": 16300000,
    "netIncome": 2000000,
    "netIncomeRatio": 0.0045454545,
    "eps": 0.0127,
    "epsdiluted": 0.0125,
    "weightedAverageShsOut": 158100000,
    "weightedAverageShsOutDil": 159700000,
    "link": "https://www.sec.gov/Archives/edgar/data/1725057/000095017024118595/0000950170-24-118595-index.htm",
    "finalLink": "https://www.sec.gov/Archives/edgar/data/1725057/000095017024118595/day-20240930.htm"
  },
  {
    "date": "2024-06-30",
    "symbol": "DAY",
    "reportedCurrency": "USD",
    "cik": "0001725057",
    "fillingDate": "2024-07-31",
    "acceptedDate": "2024-07-31 07:15:30",
    "calendarYear": "2024",
    "period": "Q2",
    "revenue": 423300000,
    "costOfRevenue": 217200000,
    "grossProfit": 206100000,
    "grossProfitRatio": 0.4868887314,
    "researchAndDevelopmentExpenses": 0,
    "generalAndAdministrativeExpenses": 59000000,
    "sellingAndMarketingExpenses": 82400000,
    "sellingGeneralAndAdministrativeExpenses": 141400000,
    "otherExpenses": 50600000,
    "operatingExpenses": 192000000,
    "costAndExpenses": 409200000,
    "interestIncome": 0,
    "interestExpense": 11100000,
    "depreciationAndAmortization": 50600000,
    "ebitda": 61700000,
    "ebitdaratio": 0.1457595086,
    "operatingIncome": 14100000,
    "operatingIncomeRatio": 0.0333097094,
    "totalOtherIncomeExpensesNet": 0,
    "incomeBeforeTax": 14100000,
    "incomeBeforeTaxRatio": 0.0333097094,
    "incomeTaxExpense": 15900000,
    "netIncome": -1800000,
    "netIncomeRatio": -0.0042523033,
    "eps": -0.0114,
    "epsdiluted": -0.0114,
    "weightedAverageShsOut": 157900000,
    "weightedAverageShsOutDil": 157900000,
    "link": "https://www.sec.gov/Archives/edgar/data/1725057/000095017024088237/0000950170-24-088237-index.htm",
    "finalLink": "https://www.sec.gov/Archives/edgar/data/1725057/000095017024088237/day-20240630.htm"
  },
  {
    "date": "2024-03-31",
    "symbol": "DAY",
    "reportedCurrency": "USD",
    "cik": "0001725057",
    "fillingDate": "2024-05-01",
    "acceptedDate": "2024-05-01 07:15:35",
    "calendarYear": "2024",
    "period": "Q1",
    "revenue": 431500000,
    "costOfRevenue": 207600000,
    "grossProfit": 223900000,
    "grossProfitRatio": 0.5188876014,
    "researchAndDevelopmentExpenses": 0,
    "generalAndAdministrativeExpenses": 56000000,
    "sellingAndMarketingExpenses": 78400000,
    "sellingGeneralAndAdministrativeExpenses": 134400000,
    "otherExpenses": 48800000,
    "operatingExpenses": 183200000,
    "costAndExpenses": 390800000,
    "interestIncome": 0,
    "interestExpense": 13300000,
    "depreciationAndAmortization": 48800000,
    "ebitda": 80500000,
    "ebitdaratio": 0.1865585168,
    "operatingIncome": 40700000,
    "operatingIncomeRatio": 0.0943221321,
    "totalOtherIncomeExpensesNet": -22300000,
    "incomeBeforeTax": 18400000,
    "incomeBeforeTaxRatio": 0.0426419467,
    "incomeTaxExpense": 11300000,
    "netIncome": 7100000,
    "netIncomeRatio": 0.0164542294,
    "eps": 0.0453,
    "epsdiluted": 0.04,
    "weightedAverageShsOut": 156900000,
    "weightedAverageShsOutDil": 159900000,
    "link": "https://www.sec.gov/Archives/edgar/data/1725057/000095017024050892/0000950170-24-050892-index.htm",
    "finalLink": "https://www.sec.gov/Archives/edgar/data/1725057/000095017024050892/day-20240331.htm"
  },
  {
    "date": "2023-12-31",
    "symbol": "DAY",
    "reportedCurrency": "USD",
    "cik": "0001725057",
    "fillingDate": "2024-02-28",
    "acceptedDate": "2024-02-28 16:15:49",
    "calendarYear": "2023",
    "period": "Q4",
    "revenue": 399700000,
    "costOfRevenue": 229900000,
    "grossProfit": 169800000,
    "grossProfitRatio": 0.424818614,
    "researchAndDevelopmentExpenses": 0,
    "generalAndAdministrativeExpenses": 0,
    "sellingAndMarketingExpenses": 0,
    "sellingGeneralAndAdministrativeExpenses": 131000000,
    "otherExpenses": 0,
    "operatingExpenses": 131000000,
    "costAndExpenses": 360900000,
    "interestIncome": 0,
    "interestExpense": 8900000,
    "depreciationAndAmortization": 48400000,
    "ebitda": 92800000,
    "ebitdaratio": 0.2321741306,
    "operatingIncome": 38800000,
    "operatingIncomeRatio": 0.0970728046,
    "totalOtherIncomeExpensesNet": -3300000,
    "incomeBeforeTax": 35500000,
    "incomeBeforeTaxRatio": 0.0888166125,
    "incomeTaxExpense": -10100000,
    "netIncome": 45600000,
    "netIncomeRatio": 0.1140855642,
    "eps": 0.29,
    "epsdiluted": 0.29,
    "weightedAverageShsOut": 156200000,
    "weightedAverageShsOutDil": 159200000,
    "link": "https://www.sec.gov/Archives/edgar/data/1725057/000095017024022100/0000950170-24-022100-index.htm",
    "finalLink": "https://www.sec.gov/Archives/edgar/data/1725057/000095017024022100/day-20231231.htm"
  },
  {
    "date": "2023-09-30",
    "symbol": "DAY",
    "reportedCurrency": "USD",
    "cik": "0001725057",
    "fillingDate": "2023-11-13",
    "acceptedDate": "2023-11-13 07:15:01",
    "calendarYear": "2023",
    "period": "Q3",
    "revenue": 377500000,
    "costOfRevenue": 217000000,
    "grossProfit": 160500000,
    "grossProfitRatio": 0.4251655629,
    "researchAndDevelopmentExpenses": 0,
    "generalAndAdministrativeExpenses": 72200000,
    "sellingAndMarketingExpenses": 61800000,
    "sellingGeneralAndAdministrativeExpenses": 134000000,
    "otherExpenses": 0,
    "operatingExpenses": 134000000,
    "costAndExpenses": 351000000,
    "interestIncome": 0,
    "interestExpense": 8900000,
    "depreciationAndAmortization": 38700000,
    "ebitda": 60100000,
    "ebitdaratio": 0.159205298,
    "operatingIncome": 26500000,
    "operatingIncomeRatio": 0.0701986755,
    "totalOtherIncomeExpensesNet": -14000000,
    "incomeBeforeTax": 12500000,
    "incomeBeforeTaxRatio": 0.0331125828,
    "incomeTaxExpense": 16300000,
    "netIncome": -3800000,
    "netIncomeRatio": -0.0100662252,
    "eps": -0.0244,
    "epsdiluted": -0.0244,
    "weightedAverageShsOut": 155693712,
    "weightedAverageShsOutDil": 155693712,
    "link": "https://www.sec.gov/Archives/edgar/data/1725057/000095017023062430/0000950170-23-062430-index.htm",
    "finalLink": "https://www.sec.gov/Archives/edgar/data/1725057/000095017023062430/cday-20230930.htm"
  },
  {
    "date": "2023-06-30",
    "symbol": "DAY",
    "reportedCurrency": "USD",
    "cik": "0001725057",
    "fillingDate": "2023-11-13",
    "acceptedDate": "2023-11-13 07:08:14",
    "calendarYear": "2023",
    "period": "Q2",
    "revenue": 365900000,
    "costOfRevenue": 210000000,
    "grossProfit": 155900000,
    "grossProfitRatio": 0.4260726975,
    "researchAndDevelopmentExpenses": 0,
    "generalAndAdministrativeExpenses": 65000000,
    "sellingAndMarketingExpenses": 61500000,
    "sellingGeneralAndAdministrativeExpenses": 126500000,
    "otherExpenses": 0,
    "operatingExpenses": 126500000,
    "costAndExpenses": 336500000,
    "interestIncome": 0,
    "interestExpense": 9100000,
    "depreciationAndAmortization": 23300000,
    "ebitda": 52000000,
    "ebitdaratio": 0.1421153321,
    "operatingIncome": 29400000,
    "operatingIncomeRatio": 0.0803498224,
    "totalOtherIncomeExpensesNet": -9800000,
    "incomeBeforeTax": 19600000,
    "incomeBeforeTaxRatio": 0.0535665482,
    "incomeTaxExpense": 16500000,
    "netIncome": 3100000,
    "netIncomeRatio": 0.0084722602,
    "eps": 0.02,
    "epsdiluted": 0.02,
    "weightedAverageShsOut": 155121846,
    "weightedAverageShsOutDil": 157554160,
    "link": "https://www.sec.gov/Archives/edgar/data/1725057/000095017023062425/0000950170-23-062425-index.htm",
    "finalLink": "https://www.sec.gov/Archives/edgar/data/1725057/000095017023062425/cday-20230630.htm"
  },
  {
    "date": "2023-03-31",
    "symbol": "DAY",
    "reportedCurrency": "USD",
    "cik": "0001725057",
    "fillingDate": "2023-11-13",
    "acceptedDate": "2023-11-13 07:01:33",
    "calendarYear": "2023",
    "period": "Q1",
    "revenue": 370600000,
    "costOfRevenue": 210300000,
    "grossProfit": 160300000,
    "grossProfitRatio": 0.4325418241,
    "researchAndDevelopmentExpenses": 0,
    "generalAndAdministrativeExpenses": 67700000,
    "sellingAndMarketingExpenses": 54200000,
    "sellingGeneralAndAdministrativeExpenses": 121900000,
    "otherExpenses": 0,
    "operatingExpenses": 121900000,
    "costAndExpenses": 332200000,
    "interestIncome": 0,
    "interestExpense": 9200000,
    "depreciationAndAmortization": 22100000,
    "ebitda": 59700000,
    "ebitdaratio": 0.1610901241,
    "operatingIncome": 38400000,
    "operatingIncomeRatio": 0.1036157582,
    "totalOtherIncomeExpensesNet": -10000000,
    "incomeBeforeTax": 28400000,
    "incomeBeforeTaxRatio": 0.0766324879,
    "incomeTaxExpense": 18500000,
    "netIncome": 9900000,
    "netIncomeRatio": 0.0267134377,
    "eps": 0.06,
    "epsdiluted": 0.06,
    "weightedAverageShsOut": 154247972,
    "weightedAverageShsOutDil": 157700701,
    "link": "https://www.sec.gov/Archives/edgar/data/1725057/000095017023062419/0000950170-23-062419-index.htm",
    "finalLink": "https://www.sec.gov/Archives/edgar/data/1725057/000095017023062419/cday-20230331.htm"
  },
  {
    "date": "2022-12-31",
    "symbol": "DAY",
    "reportedCurrency": "USD",
    "cik": "0001725057",
    "fillingDate": "2023-11-13",
    "acceptedDate": "2023-11-13 06:57:04",
    "calendarYear": "2022",
    "period": "Q4",
    "revenue": 336100000,
    "costOfRevenue": 201000000,
    "grossProfit": 135100000,
    "grossProfitRatio": 0.4019637013,
    "researchAndDevelopmentExpenses": 0,
    "generalAndAdministrativeExpenses": 0,
    "sellingAndMarketingExpenses": 0,
    "sellingGeneralAndAdministrativeExpenses": 131800000,
    "otherExpenses": 0,
    "operatingExpenses": 131800000,
    "costAndExpenses": 332800000,
    "interestIncome": 0,
    "interestExpense": 8700000,
    "depreciationAndAmortization": 24600000,
    "ebitda": 30800000,
    "ebitdaratio": 0.091639393,
    "operatingIncome": 3300000,
    "operatingIncomeRatio": 0.0098185064,
    "totalOtherIncomeExpensesNet": -5800000,
    "incomeBeforeTax": -2500000,
    "incomeBeforeTaxRatio": -0.0074382624,
    "incomeTaxExpense": 2700000,
    "netIncome": -5200000,
    "netIncomeRatio": -0.0154715858,
    "eps": -0.0338,
    "epsdiluted": -0.0338,
    "weightedAverageShsOut": 153680044,
    "weightedAverageShsOutDil": 153680044,
    "link": "https://www.sec.gov/Archives/edgar/data/1725057/000095017023062413/0000950170-23-062413-index.htm",
    "finalLink": "https://www.sec.gov/Archives/edgar/data/1725057/000095017023062413/cday-20221231.htm"
  },
  {
    "date": "2022-09-30",
    "symbol": "DAY",
    "reportedCurrency": "USD",
    "cik": "0001725057",
    "fillingDate": "2022-11-02",
    "acceptedDate": "2022-11-02 16:19:36",
    "calendarYear": "2022",
    "period": "Q3",
    "revenue": 315600000,
    "costOfRevenue": 196600000,
    "grossProfit": 119000000,
    "grossProfitRatio": 0.3770595691,
    "researchAndDevelopmentExpenses": 0,
    "generalAndAdministrativeExpenses": 0,
    "sellingAndMarketingExpenses": 0,
    "sellingGeneralAndAdministrativeExpenses": 122700000,
    "otherExpenses": 0,
    "operatingExpenses": 122700000,
    "costAndExpenses": 319300000,
    "interestIncome": 0,
    "interestExpense": 7400000,
    "depreciationAndAmortization": 21900000,
    "ebitda": 12300000,
    "ebitdaratio": 0.038973384,
    "operatingIncome": -3700000,
    "operatingIncomeRatio": -0.0117237009,
    "totalOtherIncomeExpensesNet": -13300000,
    "incomeBeforeTax": -17000000,
    "incomeBeforeTaxRatio": -0.0538656527,
    "incomeTaxExpense": 4000000,
    "netIncome": -21000000,
    "netIncomeRatio": -0.066539924,
    "eps": -0.14,
    "epsdiluted": -0.14,
    "weightedAverageShsOut": 150001071,
    "weightedAverageShsOutDil": 153184846,
    "link": "https://www.sec.gov/Archives/edgar/data/1725057/000095017022021260/0000950170-22-021260-index.htm",
    "finalLink": "https://www.sec.gov/Archives/edgar/data/1725057/000095017022021260/cday-20220930.htm"
  },
  {
    "date": "2022-06-30",
    "symbol": "DAY",
    "reportedCurrency": "USD",
    "cik": "0001725057",
    "fillingDate": "2022-08-03",
    "acceptedDate": "2022-08-03 16:24:30",
    "calendarYear": "2022",
    "period": "Q2",
    "revenue": 301200000,
    "costOfRevenue": 185200000,
    "grossProfit": 116000000,
    "grossProfitRatio": 0.385126162,
    "researchAndDevelopmentExpenses": 0,
    "generalAndAdministrativeExpenses": 0,
    "sellingAndMarketingExpenses": 0,
    "sellingGeneralAndAdministrativeExpenses": 122500000,
    "otherExpenses": 0,
    "operatingExpenses": 122500000,
    "costAndExpenses": 307700000,
    "interestIncome": 0,
    "interestExpense": 6700000,
    "depreciationAndAmortization": 21600000,
    "ebitda": 9300000,
    "ebitdaratio": 0.030876494,
    "operatingIncome": -6500000,
    "operatingIncomeRatio": -0.0215803453,
    "totalOtherIncomeExpensesNet": -12500000,
    "incomeBeforeTax": -19000000,
    "incomeBeforeTaxRatio": -0.0630810093,
    "incomeTaxExpense": 800000,
    "netIncome": -19800000,
    "netIncomeRatio": -0.0657370518,
    "eps": -0.13,
    "epsdiluted": -0.13,
    "weightedAverageShsOut": 152307692,
    "weightedAverageShsOutDil": 152752369,
    "link": "https://www.sec.gov/Archives/edgar/data/1725057/000095017022014283/0000950170-22-014283-index.htm",
    "finalLink": "https://www.sec.gov/Archives/edgar/data/1725057/000095017022014283/cday-20220630.htm"
  },
  {
    "date": "2022-03-31",
    "symbol": "DAY",
    "reportedCurrency": "USD",
    "cik": "0001725057",
    "fillingDate": "2022-05-04",
    "acceptedDate": "2022-05-04 16:40:26",
    "calendarYear": "2022",
    "period": "Q1",
    "revenue": 293300000,
    "costOfRevenue": 190200000,
    "grossProfit": 103100000,
    "grossProfitRatio": 0.3515172179,
    "researchAndDevelopmentExpenses": 0,
    "generalAndAdministrativeExpenses": 0,
    "sellingAndMarketingExpenses": 0,
    "sellingGeneralAndAdministrativeExpenses": 122000000,
    "otherExpenses": 0,
    "operatingExpenses": 122000000,
    "costAndExpenses": 312200000,
    "interestIncome": 0,
    "interestExpense": 5800000,
    "depreciationAndAmortization": 20900000,
    "ebitda": 2300000,
    "ebitdaratio": 0.0078418002,
    "operatingIncome": -18900000,
    "operatingIncomeRatio": -0.0644391408,
    "totalOtherIncomeExpensesNet": -5500000,
    "incomeBeforeTax": -24400000,
    "incomeBeforeTaxRatio": -0.0831912717,
    "incomeTaxExpense": 3000000,
    "netIncome": -27400000,
    "netIncomeRatio": -0.0934197068,
    "eps": -0.18,
    "epsdiluted": -0.18,
    "weightedAverageShsOut": 152124151,
    "weightedAverageShsOutDil": 152124151,
    "link": "https://www.sec.gov/Archives/edgar/data/1725057/000095017022007418/0000950170-22-007418-index.htm",
    "finalLink": "https://www.sec.gov/Archives/edgar/data/1725057/000095017022007418/cday-20220331.htm"
  },
  {
    "date": "2021-12-31",
    "symbol": "DAY",
    "reportedCurrency": "USD",
    "cik": "0001725057",
    "fillingDate": "2022-02-28",
    "acceptedDate": "2022-02-25 21:46:54",
    "calendarYear": "2021",
    "period": "Q4",
    "revenue": 282100000,
    "costOfRevenue": 178200000,
    "grossProfit": 103900000,
    "grossProfitRatio": 0.3683091102,
    "researchAndDevelopmentExpenses": 0,
    "generalAndAdministrativeExpenses": 0,
    "sellingAndMarketingExpenses": 0,
    "sellingGeneralAndAdministrativeExpenses": 101300000,
    "otherExpenses": 76200000,
    "operatingExpenses": 177500000,
    "costAndExpenses": 355700000,
    "interestIncome": 0,
    "interestExpense": 10400000,
    "depreciationAndAmortization": 18200000,
    "ebitda": 18100000,
    "ebitdaratio": 0.0641616448,
    "operatingIncome": -73600000,
    "operatingIncomeRatio": -0.2609003899,
    "totalOtherIncomeExpensesNet": 63100000,
    "incomeBeforeTax": -10500000,
    "incomeBeforeTaxRatio": -0.0372208437,
    "incomeTaxExpense": -1000000,
    "netIncome": -9500000,
    "netIncomeRatio": -0.0336760014,
    "eps": -0.0634,
    "epsdiluted": -0.0627,
    "weightedAverageShsOut": 149821003,
    "weightedAverageShsOutDil": 151465292,
    "link": "https://www.sec.gov/Archives/edgar/data/1725057/000095017022002143/0000950170-22-002143-index.htm",
    "finalLink": "https://www.sec.gov/Archives/edgar/data/1725057/000095017022002143/cday-20211231.htm"
  },
  {
    "date": "2021-09-30",
    "symbol": "DAY",
    "reportedCurrency": "USD",
    "cik": "0001725057",
    "fillingDate": "2021-11-03",
    "acceptedDate": "2021-11-03 16:44:25",
    "calendarYear": "2021",
    "period": "Q3",
    "revenue": 257200000,
    "costOfRevenue": 164100000,
    "grossProfit": 93100000,
    "grossProfitRatio": 0.3619751166,
    "researchAndDevelopmentExpenses": 0,
    "generalAndAdministrativeExpenses": 0,
    "sellingAndMarketingExpenses": 0,
    "sellingGeneralAndAdministrativeExpenses": 109100000,
    "otherExpenses": 0,
    "operatingExpenses": 109100000,
    "costAndExpenses": 273200000,
    "interestIncome": 0,
    "interestExpense": 10000000,
    "depreciationAndAmortization": 21000000,
    "ebitda": 1600000,
    "ebitdaratio": 0.0062208398,
    "operatingIncome": -16000000,
    "operatingIncomeRatio": -0.0622083981,
    "totalOtherIncomeExpensesNet": -13400000,
    "incomeBeforeTax": -29400000,
    "incomeBeforeTaxRatio": -0.1143079316,
    "incomeTaxExpense": -8500000,
    "netIncome": -20900000,
    "netIncomeRatio": -0.0812597201,
    "eps": -0.14,
    "epsdiluted": -0.14,
    "weightedAverageShsOut": 149286780,
    "weightedAverageShsOutDil": 150450595,
    "link": "https://www.sec.gov/Archives/edgar/data/1725057/000156459021054003/0001564590-21-054003-index.htm",
    "finalLink": "https://www.sec.gov/Archives/edgar/data/1725057/000156459021054003/cday-10q_20210930.htm"
  },
  {
    "date": "2021-06-30",
    "symbol": "DAY",
    "reportedCurrency": "USD",
    "cik": "0001725057",
    "fillingDate": "2021-08-04",
    "acceptedDate": "2021-08-04 16:19:32",
    "calendarYear": "2021",
    "period": "Q2",
    "revenue": 250400000,
    "costOfRevenue": 158300000,
    "grossProfit": 92100000,
    "grossProfitRatio": 0.3678115016,
    "researchAndDevelopmentExpenses": 0,
    "generalAndAdministrativeExpenses": 0,
    "sellingAndMarketingExpenses": 0,
    "sellingGeneralAndAdministrativeExpenses": 111800000,
    "otherExpenses": 0,
    "operatingExpenses": 111800000,
    "costAndExpenses": 270100000,
    "interestIncome": 0,
    "interestExpense": 9900000,
    "depreciationAndAmortization": 23300000,
    "ebitda": -4600000,
    "ebitdaratio": -0.018370607,
    "operatingIncome": -19700000,
    "operatingIncomeRatio": -0.0786741214,
    "totalOtherIncomeExpensesNet": -18100000,
    "incomeBeforeTax": -37800000,
    "incomeBeforeTaxRatio": -0.1509584665,
    "incomeTaxExpense": -12000000,
    "netIncome": -25800000,
    "netIncomeRatio": -0.1030351438,
    "eps": -0.17,
    "epsdiluted": -0.17,
    "weightedAverageShsOut": 149293833,
    "weightedAverageShsOutDil": 149293833,
    "link": "https://www.sec.gov/Archives/edgar/data/1725057/000156459021040837/0001564590-21-040837-index.htm",
    "finalLink": "https://www.sec.gov/Archives/edgar/data/1725057/000156459021040837/cday-10q_20210630.htm"
  },
  {
    "date": "2021-03-31",
    "symbol": "DAY",
    "reportedCurrency": "USD",
    "cik": "0001725057",
    "fillingDate": "2021-05-05",
    "acceptedDate": "2021-05-05 16:21:33",
    "calendarYear": "2021",
    "period": "Q1",
    "revenue": 234500000,
    "costOfRevenue": 141300000,
    "grossProfit": 93200000,
    "grossProfitRatio": 0.3974413646,
    "researchAndDevelopmentExpenses": 0,
    "generalAndAdministrativeExpenses": 0,
    "sellingAndMarketingExpenses": 0,
    "sellingGeneralAndAdministrativeExpenses": 95600000,
    "otherExpenses": -4800000,
    "operatingExpenses": 90800000,
    "costAndExpenses": 232100000,
    "interestIncome": 0,
    "interestExpense": 5600000,
    "depreciationAndAmortization": 15000000,
    "ebitda": 8000000,
    "ebitdaratio": 0.0341151386,
    "operatingIncome": 2400000,
    "operatingIncomeRatio": 0.0102345416,
    "totalOtherIncomeExpensesNet": -15000000,
    "incomeBeforeTax": -12600000,
    "incomeBeforeTaxRatio": -0.0537313433,
    "incomeTaxExpense": 6600000,
    "netIncome": -19200000,
    "netIncomeRatio": -0.0818763326,
    "eps": -0.13,
    "epsdiluted": -0.13,
    "weightedAverageShsOut": 147692307,
    "weightedAverageShsOutDil": 148716050,
    "link": "https://www.sec.gov/Archives/edgar/data/1725057/000156459021024095/0001564590-21-024095-index.htm",
    "finalLink": "https://www.sec.gov/Archives/edgar/data/1725057/000156459021024095/cday-10q_20210331.htm"
  },
  {
    "date": "2020-12-31",
    "symbol": "DAY",
    "reportedCurrency": "USD",
    "cik": "0001725057",
    "fillingDate": "2021-02-26",
    "acceptedDate": "2021-02-26 17:23:44",
    "calendarYear": "2020",
    "period": "Q4",
    "revenue": 222800000,
    "costOfRevenue": 137300000,
    "grossProfit": 85500000,
    "grossProfitRatio": 0.3837522442,
    "researchAndDevelopmentExpenses": 0,
    "generalAndAdministrativeExpenses": 0,
    "sellingAndMarketingExpenses": 0,
    "sellingGeneralAndAdministrativeExpenses": 107400000,
    "otherExpenses": 0,
    "operatingExpenses": 107400000,
    "costAndExpenses": 244700000,
    "interestIncome": 0,
    "interestExpense": 5700000,
    "depreciationAndAmortization": 14900000,
    "ebitda": -7000000,
    "ebitdaratio": -0.0314183124,
    "operatingIncome": -21900000,
    "operatingIncomeRatio": -0.0982944345,
    "totalOtherIncomeExpensesNet": -5700000,
    "incomeBeforeTax": -27600000,
    "incomeBeforeTaxRatio": -0.1238779174,
    "incomeTaxExpense": -10300000,
    "netIncome": -17300000,
    "netIncomeRatio": -0.0776481149,
    "eps": -0.12,
    "epsdiluted": -0.12,
    "weightedAverageShsOut": 141599004,
    "weightedAverageShsOutDil": 148086778,
    "link": "https://www.sec.gov/Archives/edgar/data/1725057/000156459021009508/0001564590-21-009508-index.htm",
    "finalLink": "https://www.sec.gov/Archives/edgar/data/1725057/000156459021009508/cday-10k_20201231.htm"
  },
  {
    "date": "2020-09-30",
    "symbol": "DAY",
    "reportedCurrency": "USD",
    "cik": "0001725057",
    "fillingDate": "2020-11-05",
    "acceptedDate": "2020-11-05 16:22:19",
    "calendarYear": "2020",
    "period": "Q3",
    "revenue": 204400000,
    "costOfRevenue": 127700000,
    "grossProfit": 76700000,
    "grossProfitRatio": 0.3752446184,
    "researchAndDevelopmentExpenses": 0,
    "generalAndAdministrativeExpenses": 0,
    "sellingAndMarketingExpenses": 0,
    "sellingGeneralAndAdministrativeExpenses": 77300000,
    "otherExpenses": -1200000,
    "operatingExpenses": 76100000,
    "costAndExpenses": 203800000,
    "interestIncome": 0,
    "interestExpense": 5900000,
    "depreciationAndAmortization": 13000000,
    "ebitda": 12600000,
    "ebitdaratio": 0.0616438356,
    "operatingIncome": 600000,
    "operatingIncomeRatio": 0.0029354207,
    "totalOtherIncomeExpensesNet": -6900000,
    "incomeBeforeTax": -6300000,
    "incomeBeforeTaxRatio": -0.0308219178,
    "incomeTaxExpense": -5500000,
    "netIncome": -800000,
    "netIncomeRatio": -0.0039138943,
    "eps": -0.0054,
    "epsdiluted": -0.0054,
    "weightedAverageShsOut": 147141403,
    "weightedAverageShsOutDil": 147141403,
    "link": "https://www.sec.gov/Archives/edgar/data/1725057/000156459020051347/0001564590-20-051347-index.htm",
    "finalLink": "https://www.sec.gov/Archives/edgar/data/1725057/000156459020051347/cday-10q_20200930.htm"
  },
  {
    "date": "2020-06-30",
    "symbol": "DAY",
    "reportedCurrency": "USD",
    "cik": "0001725057",
    "fillingDate": "2020-08-05",
    "acceptedDate": "2020-08-05 16:18:10",
    "calendarYear": "2020",
    "period": "Q2",
    "revenue": 192600000,
    "costOfRevenue": 114000000,
    "grossProfit": 78600000,
    "grossProfitRatio": 0.4080996885,
    "researchAndDevelopmentExpenses": 0,
    "generalAndAdministrativeExpenses": 74600000,
    "sellingAndMarketingExpenses": 0,
    "sellingGeneralAndAdministrativeExpenses": 74600000,
    "otherExpenses": 0,
    "operatingExpenses": 74600000,
    "costAndExpenses": 188600000,
    "interestIncome": 0,
    "interestExpense": 6600000,
    "depreciationAndAmortization": 12100000,
    "ebitda": 15800000,
    "ebitdaratio": 0.0820353063,
    "operatingIncome": 4000000,
    "operatingIncomeRatio": 0.020768432,
    "totalOtherIncomeExpensesNet": -6900000,
    "incomeBeforeTax": -2900000,
    "incomeBeforeTaxRatio": -0.0150571132,
    "incomeTaxExpense": -8400000,
    "netIncome": 5500000,
    "netIncomeRatio": 0.028556594,
    "eps": 0.0378,
    "epsdiluted": 0.0363,
    "weightedAverageShsOut": 145593019,
    "weightedAverageShsOutDil": 151444901,
    "link": "https://www.sec.gov/Archives/edgar/data/1725057/000156459020036829/0001564590-20-036829-index.htm",
    "finalLink": "https://www.sec.gov/Archives/edgar/data/1725057/000156459020036829/cday-10q_20200630.htm"
  },
  {
    "date": "2020-03-31",
    "symbol": "DAY",
    "reportedCurrency": "USD",
    "cik": "0001725057",
    "fillingDate": "2020-05-06",
    "acceptedDate": "2020-05-06 16:14:43",
    "calendarYear": "2020",
    "period": "Q1",
    "revenue": 222700000,
    "costOfRevenue": 122200000,
    "grossProfit": 100500000,
    "grossProfitRatio": 0.4512797485,
    "researchAndDevelopmentExpenses": 0,
    "generalAndAdministrativeExpenses": 0,
    "sellingAndMarketingExpenses": 0,
    "sellingGeneralAndAdministrativeExpenses": 74200000,
    "otherExpenses": 0,
    "operatingExpenses": 74200000,
    "costAndExpenses": 196400000,
    "interestIncome": 0,
    "interestExpense": 6900000,
    "depreciationAndAmortization": 11800000,
    "ebitda": 35500000,
    "ebitdaratio": 0.1594072744,
    "operatingIncome": 26300000,
    "operatingIncomeRatio": 0.1180960934,
    "totalOtherIncomeExpensesNet": -9500000,
    "incomeBeforeTax": 16800000,
    "incomeBeforeTaxRatio": 0.0754378087,
    "incomeTaxExpense": 8200000,
    "netIncome": 8600000,
    "netIncomeRatio": 0.0386169735,
    "eps": 0.0595,
    "epsdiluted": 0.0569,
    "weightedAverageShsOut": 144645325,
    "weightedAverageShsOutDil": 151178498,
    "link": "https://www.sec.gov/Archives/edgar/data/1725057/000156459020021938/0001564590-20-021938-index.htm",
    "finalLink": "https://www.sec.gov/Archives/edgar/data/1725057/000156459020021938/cday-10q_20200331.htm"
  },
  {
    "date": "2019-12-31",
    "symbol": "DAY",
    "reportedCurrency": "USD",
    "cik": "0001725057",
    "fillingDate": "2020-02-28",
    "acceptedDate": "2020-02-28 17:32:34",
    "calendarYear": "2019",
    "period": "Q4",
    "revenue": 221800000,
    "costOfRevenue": 124000000,
    "grossProfit": 97800000,
    "grossProfitRatio": 0.4409377818,
    "researchAndDevelopmentExpenses": 0,
    "generalAndAdministrativeExpenses": 0,
    "sellingAndMarketingExpenses": 0,
    "sellingGeneralAndAdministrativeExpenses": 78100000,
    "otherExpenses": -105200000,
    "operatingExpenses": -27100000,
    "costAndExpenses": 96900000,
    "interestIncome": 0,
    "interestExpense": 7200000,
    "depreciationAndAmortization": 13200000,
    "ebitda": 32000000,
    "ebitdaratio": 0.1442741208,
    "operatingIncome": 124900000,
    "operatingIncomeRatio": 0.5631199279,
    "totalOtherIncomeExpensesNet": -113300000,
    "incomeBeforeTax": 11600000,
    "incomeBeforeTaxRatio": 0.0522993688,
    "incomeTaxExpense": 13100000,
    "netIncome": -1500000,
    "netIncomeRatio": -0.0067628494,
    "eps": -0.0104,
    "epsdiluted": -0.0104,
    "weightedAverageShsOut": 144066263,
    "weightedAverageShsOutDil": 144066263,
    "link": "https://www.sec.gov/Archives/edgar/data/1725057/000156459020007850/0001564590-20-007850-index.htm",
    "finalLink": "https://www.sec.gov/Archives/edgar/data/1725057/000156459020007850/cday-10k_20191231.htm"
  },
  {
    "date": "2019-09-30",
    "symbol": "DAY",
    "reportedCurrency": "USD",
    "cik": "0001725057",
    "fillingDate": "2019-11-07",
    "acceptedDate": "2019-11-07 16:18:55",
    "calendarYear": "2019",
    "period": "Q3",
    "revenue": 202300000,
    "costOfRevenue": 113500000,
    "grossProfit": 88800000,
    "grossProfitRatio": 0.4389520514,
    "researchAndDevelopmentExpenses": 0,
    "generalAndAdministrativeExpenses": 0,
    "sellingAndMarketingExpenses": 0,
    "sellingGeneralAndAdministrativeExpenses": 82300000,
    "otherExpenses": 0,
    "operatingExpenses": 82300000,
    "costAndExpenses": 195800000,
    "interestIncome": 0,
    "interestExpense": 7800000,
    "depreciationAndAmortization": 14900000,
    "ebitda": 19800000,
    "ebitdaratio": 0.0978744439,
    "operatingIncome": 6500000,
    "operatingIncomeRatio": 0.0321304993,
    "totalOtherIncomeExpensesNet": -9400000,
    "incomeBeforeTax": -2900000,
    "incomeBeforeTaxRatio": -0.0143351458,
    "incomeTaxExpense": -65600000,
    "netIncome": 62700000,
    "netIncomeRatio": 0.309935739,
    "eps": 0.44,
    "epsdiluted": 0.42,
    "weightedAverageShsOut": 142780819,
    "weightedAverageShsOutDil": 149153227,
    "link": "https://www.sec.gov/Archives/edgar/data/1725057/000156459019041765/0001564590-19-041765-index.htm",
    "finalLink": "https://www.sec.gov/Archives/edgar/data/1725057/000156459019041765/cday-10q_20190930.htm"
  },
  {
    "date": "2019-06-30",
    "symbol": "DAY",
    "reportedCurrency": "USD",
    "cik": "0001725057",
    "fillingDate": "2019-07-30",
    "acceptedDate": "2019-07-30 16:18:21",
    "calendarYear": "2019",
    "period": "Q2",
    "revenue": 196300000,
    "costOfRevenue": 108300000,
    "grossProfit": 88000000,
    "grossProfitRatio": 0.4482934284,
    "researchAndDevelopmentExpenses": 0,
    "generalAndAdministrativeExpenses": 69300000,
    "sellingAndMarketingExpenses": 0,
    "sellingGeneralAndAdministrativeExpenses": 69300000,
    "otherExpenses": 0,
    "operatingExpenses": 69300000,
    "costAndExpenses": 177600000,
    "interestIncome": 0,
    "interestExpense": 8500000,
    "depreciationAndAmortization": 14600000,
    "ebitda": 31800000,
    "ebitdaratio": 0.1619969435,
    "operatingIncome": 18700000,
    "operatingIncomeRatio": 0.0952623535,
    "totalOtherIncomeExpensesNet": -10000000,
    "incomeBeforeTax": 8700000,
    "incomeBeforeTaxRatio": 0.0443199185,
    "incomeTaxExpense": 2400000,
    "netIncome": 6300000,
    "netIncomeRatio": 0.0320937341,
    "eps": 0.0446,
    "epsdiluted": 0.0425,
    "weightedAverageShsOut": 141149009,
    "weightedAverageShsOutDil": 148331846,
    "link": "https://www.sec.gov/Archives/edgar/data/1725057/000156459019026989/0001564590-19-026989-index.htm",
    "finalLink": "https://www.sec.gov/Archives/edgar/data/1725057/000156459019026989/cday-10q_20190630.htm"
  },
  {
    "date": "2019-03-31",
    "symbol": "DAY",
    "reportedCurrency": "USD",
    "cik": "0001725057",
    "fillingDate": "2019-05-01",
    "acceptedDate": "2019-05-01 16:21:00",
    "calendarYear": "2019",
    "period": "Q1",
    "revenue": 203700000,
    "costOfRevenue": 110100000,
    "grossProfit": 93600000,
    "grossProfitRatio": 0.4594992636,
    "researchAndDevelopmentExpenses": 0,
    "generalAndAdministrativeExpenses": 0,
    "sellingAndMarketingExpenses": 0,
    "sellingGeneralAndAdministrativeExpenses": 66200000,
    "otherExpenses": 0,
    "operatingExpenses": 66200000,
    "costAndExpenses": 176300000,
    "interestIncome": 0,
    "interestExpense": 8900000,
    "depreciationAndAmortization": 14400000,
    "ebitda": 40200000,
    "ebitdaratio": 0.1973490427,
    "operatingIncome": 27400000,
    "operatingIncomeRatio": 0.1345115366,
    "totalOtherIncomeExpensesNet": -10500000,
    "incomeBeforeTax": 16900000,
    "incomeBeforeTaxRatio": 0.0829651448,
    "incomeTaxExpense": 5700000,
    "netIncome": 11200000,
    "netIncomeRatio": 0.0549828179,
    "eps": 0.0799,
    "epsdiluted": 0.0762,
    "weightedAverageShsOut": 140149271,
    "weightedAverageShsOutDil": 147042228,
    "link": "https://www.sec.gov/Archives/edgar/data/1725057/000156459019014828/0001564590-19-014828-index.htm",
    "finalLink": "https://www.sec.gov/Archives/edgar/data/1725057/000156459019014828/cday-10q_20190331.htm"
  },
  {
    "date": "2018-12-31",
    "symbol": "DAY",
    "reportedCurrency": "USD",
    "cik": "0001725057",
    "fillingDate": "2019-02-28",
    "acceptedDate": "2019-02-28 16:54:06",
    "calendarYear": "2018",
    "period": "Q4",
    "revenue": 200300000,
    "costOfRevenue": 108800000,
    "grossProfit": 91500000,
    "grossProfitRatio": 0.4568147778,
    "researchAndDevelopmentExpenses": 0,
    "generalAndAdministrativeExpenses": 0,
    "sellingAndMarketingExpenses": 0,
    "sellingGeneralAndAdministrativeExpenses": 70400000,
    "otherExpenses": -400000,
    "operatingExpenses": 70000000,
    "costAndExpenses": 178800000,
    "interestIncome": 0,
    "interestExpense": 8800000,
    "depreciationAndAmortization": 14200000,
    "ebitda": 35700000,
    "ebitdaratio": 0.178232651,
    "operatingIncome": 21500000,
    "operatingIncomeRatio": 0.1073389915,
    "totalOtherIncomeExpensesNet": -8800000,
    "incomeBeforeTax": 12700000,
    "incomeBeforeTaxRatio": 0.0634048927,
    "incomeTaxExpense": 1900000,
    "netIncome": -200000,
    "netIncomeRatio": -0.0009985022,
    "eps": -0.0014,
    "epsdiluted": -0.0014,
    "weightedAverageShsOut": 139008194,
    "weightedAverageShsOutDil": 140149271,
    "link": "https://www.sec.gov/Archives/edgar/data/1725057/000156459019005517/0001564590-19-005517-index.htm",
    "finalLink": "https://www.sec.gov/Archives/edgar/data/1725057/000156459019005517/cday-10k_20181231.htm"
  },
  {
    "date": "2018-09-30",
    "symbol": "DAY",
    "reportedCurrency": "USD",
    "cik": "0001725057",
    "fillingDate": "2018-10-29",
    "acceptedDate": "2018-10-29 08:01:45",
    "calendarYear": "2018",
    "period": "Q3",
    "revenue": 179600000,
    "costOfRevenue": 104600000,
    "grossProfit": 73500000,
    "grossProfitRatio": 0.4092427617,
    "researchAndDevelopmentExpenses": 0,
    "generalAndAdministrativeExpenses": 0,
    "sellingAndMarketingExpenses": 0,
    "sellingGeneralAndAdministrativeExpenses": 57300000,
    "otherExpenses": 32400000,
    "operatingExpenses": 89700000,
    "costAndExpenses": 194300000,
    "interestIncome": 0,
    "interestExpense": 8800000,
    "depreciationAndAmortization": 14300000,
    "ebitda": 29600000,
    "ebitdaratio": 0.1648106904,
    "operatingIncome": -16200000,
    "operatingIncomeRatio": -0.0902004454,
    "totalOtherIncomeExpensesNet": 22700000,
    "incomeBeforeTax": 6500000,
    "incomeBeforeTaxRatio": 0.0361915367,
    "incomeTaxExpense": -900000,
    "netIncome": 4400000,
    "netIncomeRatio": 0.0244988864,
    "eps": 0.0319,
    "epsdiluted": 0.0303,
    "weightedAverageShsOut": 137768764,
    "weightedAverageShsOutDil": 145064698,
    "link": "https://www.sec.gov/Archives/edgar/data/1725057/000156459018025331/0001564590-18-025331-index.htm",
    "finalLink": "https://www.sec.gov/Archives/edgar/data/1725057/000156459018025331/cday-10q_20180930.htm"
  },
  {
    "date": "2018-06-30",
    "symbol": "DAY",
    "reportedCurrency": "USD",
    "cik": "0001725057",
    "fillingDate": "2018-08-09",
    "acceptedDate": "2018-08-09 08:01:59",
    "calendarYear": "2018",
    "period": "Q2",
    "revenue": 179300000,
    "costOfRevenue": 106500000,
    "grossProfit": 72500000,
    "grossProfitRatio": 0.404350251,
    "researchAndDevelopmentExpenses": 0,
    "generalAndAdministrativeExpenses": 0,
    "sellingAndMarketingExpenses": 0,
    "sellingGeneralAndAdministrativeExpenses": 80900000,
    "otherExpenses": 0,
    "operatingExpenses": 80900000,
    "costAndExpenses": 187400000,
    "interestIncome": 0,
    "interestExpense": 43400000,
    "depreciationAndAmortization": 13200000,
    "ebitda": 5200000,
    "ebitdaratio": 0.0290016732,
    "operatingIncome": -8400000,
    "operatingIncomeRatio": -0.0468488567,
    "totalOtherIncomeExpensesNet": -44000000,
    "incomeBeforeTax": -52400000,
    "incomeBeforeTaxRatio": -0.2922476297,
    "incomeTaxExpense": 1100000,
    "netIncome": -65500000,
    "netIncomeRatio": -0.3653095371,
    "eps": -0.58,
    "epsdiluted": -0.58,
    "weightedAverageShsOut": 113311107,
    "weightedAverageShsOutDil": 113311107,
    "link": "https://www.sec.gov/Archives/edgar/data/1725057/000119312518243512/0001193125-18-243512-index.htm",
    "finalLink": "https://www.sec.gov/Archives/edgar/data/1725057/000119312518243512/d703472d10q.htm"
  },
  {
    "date": "2018-03-31",
    "symbol": "DAY",
    "reportedCurrency": "USD",
    "cik": "0001725057",
    "fillingDate": "2018-05-24",
    "acceptedDate": "2018-05-24 16:35:41",
    "calendarYear": "2018",
    "period": "Q1",
    "revenue": 208900000,
    "costOfRevenue": 105900000,
    "grossProfit": 82900000,
    "grossProfitRatio": 0.3968405936,
    "researchAndDevelopmentExpenses": 0,
    "generalAndAdministrativeExpenses": 0,
    "sellingAndMarketingExpenses": 0,
    "sellingGeneralAndAdministrativeExpenses": 54900000,
    "otherExpenses": 0,
    "operatingExpenses": 54900000,
    "costAndExpenses": 160800000,
    "interestIncome": 0,
    "interestExpense": 22200000,
    "depreciationAndAmortization": 14900000,
    "ebitda": 44100000,
    "ebitdaratio": 0.2111057922,
    "operatingIncome": 28000000,
    "operatingIncomeRatio": 0.1340354236,
    "totalOtherIncomeExpensesNet": -20000000,
    "incomeBeforeTax": 8000000,
    "incomeBeforeTaxRatio": 0.0382958353,
    "incomeTaxExpense": 6800000,
    "netIncome": -2100000,
    "netIncomeRatio": -0.0100526568,
    "eps": -0.0156,
    "epsdiluted": -0.0156,
    "weightedAverageShsOut": 134902769,
    "weightedAverageShsOutDil": 134902769,
    "link": "https://www.sec.gov/Archives/edgar/data/1725057/000119312518173632/0001193125-18-173632-index.htm",
    "finalLink": "https://www.sec.gov/Archives/edgar/data/1725057/000119312518173632/d574762d10q.htm"
  },
  {
    "date": "2017-12-31",
    "symbol": "DAY",
    "reportedCurrency": "USD",
    "cik": "0001725057",
    "fillingDate": "2017-12-31",
    "acceptedDate": "2017-12-30 19:00:00",
    "calendarYear": "2017",
    "period": "Q4",
    "revenue": 262300000,
    "costOfRevenue": 154100000,
    "grossProfit": 108200000,
    "grossProfitRatio": 0.4125047655,
    "researchAndDevelopmentExpenses": 0,
    "generalAndAdministrativeExpenses": 0,
    "sellingAndMarketingExpenses": 0,
    "sellingGeneralAndAdministrativeExpenses": 92000000,
    "otherExpenses": -6900000,
    "operatingExpenses": 85100000,
    "costAndExpenses": 239200000,
    "interestIncome": 0,
    "interestExpense": 21800000,
    "depreciationAndAmortization": 18200000,
    "ebitda": 33900000,
    "ebitdaratio": 0.1292413267,
    "operatingIncome": 23100000,
    "operatingIncomeRatio": 0.0880670987,
    "totalOtherIncomeExpensesNet": -29200000,
    "incomeBeforeTax": -6100000,
    "incomeBeforeTaxRatio": -0.023255814,
    "incomeTaxExpense": -48500000,
    "netIncome": 45000000,
    "netIncomeRatio": 0.1715592833,
    "eps": 0.69,
    "epsdiluted": 0.34,
    "weightedAverageShsOut": 65275722,
    "weightedAverageShsOutDil": 134034591,
    "link": "",
    "finalLink": ""
  },
  {
    "date": "2017-09-30",
    "symbol": "DAY",
    "reportedCurrency": "USD",
    "cik": "0001725057",
    "fillingDate": "2017-09-30",
    "acceptedDate": "2017-09-30 00:00:00",
    "calendarYear": "2017",
    "period": "Q3",
    "revenue": 163500000,
    "costOfRevenue": 102200000,
    "grossProfit": 61300000,
    "grossProfitRatio": 0.3749235474,
    "researchAndDevelopmentExpenses": 0,
    "generalAndAdministrativeExpenses": 0,
    "sellingAndMarketingExpenses": 0,
    "sellingGeneralAndAdministrativeExpenses": 52400000,
    "otherExpenses": 3800000,
    "operatingExpenses": 56200000,
    "costAndExpenses": 158400000,
    "interestIncome": 0,
    "interestExpense": 21900000,
    "depreciationAndAmortization": 13600000,
    "ebitda": 18700000,
    "ebitdaratio": 0.1143730887,
    "operatingIncome": 5100000,
    "operatingIncomeRatio": 0.0311926606,
    "totalOtherIncomeExpensesNet": -21900000,
    "incomeBeforeTax": -16800000,
    "incomeBeforeTaxRatio": -0.1027522936,
    "incomeTaxExpense": 900000,
    "netIncome": -20100000,
    "netIncomeRatio": -0.1229357798,
    "eps": -0.31,
    "epsdiluted": -0.15,
    "weightedAverageShsOut": 65314462,
    "weightedAverageShsOutDil": 133166413,
    "link": "",
    "finalLink": ""
  },
  {
    "date": "2017-06-30",
    "symbol": "DAY",
    "reportedCurrency": "USD",
    "cik": "0001725057",
    "fillingDate": "2017-06-30",
    "acceptedDate": "2017-06-29 20:00:00",
    "calendarYear": "2017",
    "period": "Q2",
    "revenue": 157500000,
    "costOfRevenue": 99800000,
    "grossProfit": 57700000,
    "grossProfitRatio": 0.3663492063,
    "researchAndDevelopmentExpenses": 0,
    "generalAndAdministrativeExpenses": 0,
    "sellingAndMarketingExpenses": 0,
    "sellingGeneralAndAdministrativeExpenses": 54800000,
    "otherExpenses": 2000000,
    "operatingExpenses": 56800000,
    "costAndExpenses": 156600000,
    "interestIncome": 0,
    "interestExpense": 22000000,
    "depreciationAndAmortization": 12000000,
    "ebitda": 12900000,
    "ebitdaratio": 0.0819047619,
    "operatingIncome": 900000,
    "operatingIncomeRatio": 0.0057142857,
    "totalOtherIncomeExpensesNet": -22000000,
    "incomeBeforeTax": -21100000,
    "incomeBeforeTaxRatio": -0.133968254,
    "incomeTaxExpense": 1900000,
    "netIncome": -22900000,
    "netIncomeRatio": -0.1453968254,
    "eps": -0.35,
    "epsdiluted": -0.17,
    "weightedAverageShsOut": 65314462,
    "weightedAverageShsOutDil": 133166413,
    "link": "",
    "finalLink": ""
  },
  {
    "date": "2017-03-31",
    "symbol": "DAY",
    "reportedCurrency": "USD",
    "cik": "0001725057",
    "fillingDate": "2017-03-31",
    "acceptedDate": "2017-03-31 00:00:00",
    "calendarYear": "2017",
    "period": "Q1",
    "revenue": 187000000,
    "costOfRevenue": 113200000,
    "grossProfit": 73800000,
    "grossProfitRatio": 0.3946524064,
    "researchAndDevelopmentExpenses": 0,
    "generalAndAdministrativeExpenses": 0,
    "sellingAndMarketingExpenses": 0,
    "sellingGeneralAndAdministrativeExpenses": 60700000,
    "otherExpenses": 900000,
    "operatingExpenses": 61600000,
    "costAndExpenses": 174800000,
    "interestIncome": 0,
    "interestExpense": 21400000,
    "depreciationAndAmortization": 14100000,
    "ebitda": 26300000,
    "ebitdaratio": 0.1406417112,
    "operatingIncome": 12200000,
    "operatingIncomeRatio": 0.0652406417,
    "totalOtherIncomeExpensesNet": -21400000,
    "incomeBeforeTax": -9200000,
    "incomeBeforeTaxRatio": -0.049197861,
    "incomeTaxExpense": 2500000,
    "netIncome": -11200000,
    "netIncomeRatio": -0.0598930481,
    "eps": -0.17,
    "epsdiluted": -0.17,
    "weightedAverageShsOut": 65034610,
    "weightedAverageShsOutDil": 65034610,
    "link": "",
    "finalLink": ""
  },
  {
    "date": "2016-12-31",
    "symbol": "DAY",
    "reportedCurrency": "USD",
    "cik": "0001725057",
    "fillingDate": "2016-12-31",
    "acceptedDate": "2016-12-30 19:00:00",
    "calendarYear": "2016",
    "period": "Q4",
    "revenue": 108400000,
    "costOfRevenue": 60700000,
    "grossProfit": 47700000,
    "grossProfitRatio": 0.4400369004,
    "researchAndDevelopmentExpenses": 26300000,
    "generalAndAdministrativeExpenses": 26200000,
    "sellingAndMarketingExpenses": 1500000,
    "sellingGeneralAndAdministrativeExpenses": 27700000,
    "otherExpenses": 0,
    "operatingExpenses": 43900000,
    "costAndExpenses": 104600000,
    "interestIncome": 21900000,
    "interestExpense": 0,
    "depreciationAndAmortization": 10300000,
    "ebitda": 19100000,
    "ebitdaratio": 0.176199262,
    "operatingIncome": 8800000,
    "operatingIncomeRatio": 0.0811808118,
    "totalOtherIncomeExpensesNet": -26900000,
    "incomeBeforeTax": -18100000,
    "incomeBeforeTaxRatio": -0.1669741697,
    "incomeTaxExpense": 1200000,
    "netIncome": -30200000,
    "netIncomeRatio": -0.278597786,
    "eps": -0.47,
    "epsdiluted": -0.46,
    "weightedAverageShsOut": 64832466,
    "weightedAverageShsOutDil": 65001037,
    "link": null,
    "finalLink": null
  },
  {
    "date": "2016-09-30",
    "symbol": "DAY",
    "reportedCurrency": "USD",
    "cik": "0001725057",
    "fillingDate": "2016-09-30",
    "acceptedDate": "2016-09-29 20:00:00",
    "calendarYear": "2016",
    "period": "Q3",
    "revenue": 169900000,
    "costOfRevenue": 110700000,
    "grossProfit": 59200000,
    "grossProfitRatio": 0.348440259,
    "researchAndDevelopmentExpenses": 0,
    "generalAndAdministrativeExpenses": 0,
    "sellingAndMarketingExpenses": 0,
    "sellingGeneralAndAdministrativeExpenses": 61800000,
    "otherExpenses": 0,
    "operatingExpenses": 71700000,
    "costAndExpenses": 182400000,
    "interestIncome": 21800000,
    "interestExpense": 0,
    "depreciationAndAmortization": 14299986,
    "ebitda": 5499986,
    "ebitdaratio": 0.0323719011,
    "operatingIncome": -8800000,
    "operatingIncomeRatio": -0.0517951736,
    "totalOtherIncomeExpensesNet": -25500000,
    "incomeBeforeTax": -34300000,
    "incomeBeforeTaxRatio": -0.2018834609,
    "incomeTaxExpense": 7300000,
    "netIncome": -42200000,
    "netIncomeRatio": -0.2483814008,
    "eps": -0.42,
    "epsdiluted": -0.42,
    "weightedAverageShsOut": 101488807,
    "weightedAverageShsOutDil": 101488807,
    "link": null,
    "finalLink": null
  }
]