[
  {
    "date": "2024-12-31",
    "symbol": "DAY",
    "reportedCurrency": "USD",
    "cik": "0001725057",
    "fillingDate": "2025-02-28",
    "acceptedDate": "2025-02-28 16:03:36",
    "calendarYear": "2024",
    "period": "FY",
    "revenue": 1760000000,
    "costOfRevenue": 947900000,
    "grossProfit": 812100000,
    "grossProfitRatio": 0.4614204545,
    "researchAndDevelopmentExpenses": 0,
    "generalAndAdministrativeExpenses": 366000000,
    "sellingAndMarketingExpenses": 342000000,
    "sellingGeneralAndAdministrativeExpenses": 708000000,
    "otherExpenses": 0,
    "operatingExpenses": 708000000,
    "costAndExpenses": 1655900000,
    "interestIncome": 0,
    "interestExpense": 40600000,
    "depreciationAndAmortization": 209800000,
    "ebitda": 288000000,
    "ebitdaratio": 0.1636363636,
    "operatingIncome": 104100000,
    "operatingIncomeRatio": 0.0591477273,
    "totalOtherIncomeExpensesNet": -66500000,
    "incomeBeforeTax": 37600000,
    "incomeBeforeTaxRatio": 0.0213636364,
    "incomeTaxExpense": 19500000,
    "netIncome": 18100000,
    "netIncomeRatio": 0.0102840909,
    "eps": 0.11,
    "epsdiluted": 0.11,
    "weightedAverageShsOut": 157800000,
    "weightedAverageShsOutDil": 160400000,
    "link": "https://www.sec.gov/Archives/edgar/data/1725057/000095017025029980/0000950170-25-029980-index.htm",
    "finalLink": "https://www.sec.gov/Archives/edgar/data/1725057/000095017025029980/day-20241231.htm"
  },
  {
    "date": "2023-12-31",
    "symbol": "DAY",
    "reportedCurrency": "USD",
    "cik": "0001725057",
    "fillingDate": "2024-02-28",
    "acceptedDate": "2024-02-28 16:15:49",
    "calendarYear": "2023",
    "period": "FY",
    "revenue": 1513700000,
    "costOfRevenue": 867200000,
    "grossProfit": 646500000,
    "grossProfitRatio": 0.427099161,
    "researchAndDevelopmentExpenses": 0,
    "generalAndAdministrativeExpenses": 263200000,
    "sellingAndMarketingExpenses": 250200000,
    "sellingGeneralAndAdministrativeExpenses": 513400000,
    "otherExpenses": 0,
    "operatingExpenses": 513400000,
    "costAndExpenses": 1380600000,
    "interestIncome": 0,
    "interestExpense": 36100000,
    "depreciationAndAmortization": 132500000,
    "ebitda": 264600000,
    "ebitdaratio": 0.1748034617,
    "operatingIncome": 133100000,
    "operatingIncomeRatio": 0.0879302372,
    "totalOtherIncomeExpensesNet": -37100000,
    "incomeBeforeTax": 96000000,
    "incomeBeforeTaxRatio": 0.0634207571,
    "incomeTaxExpense": 41200000,
    "netIncome": 54800000,
    "netIncomeRatio": 0.0362026822,
    "eps": 0.35,
    "epsdiluted": 0.35,
    "weightedAverageShsOut": 155300000,
    "weightedAverageShsOutDil": 158500000,
    "link": "https://www.sec.gov/Archives/edgar/data/1725057/000095017024022100/0000950170-24-022100-index.htm",
    "finalLink": "https://www.sec.gov/Archives/edgar/data/1725057/000095017024022100/day-20231231.htm"
  },
  {
    "date": "2022-12-31",
    "symbol": "DAY",
    "reportedCurrency": "USD",
    "cik": "0001725057",
    "fillingDate": "2023-11-13",
    "acceptedDate": "2023-11-13 06:57:04",
    "calendarYear": "2022",
    "period": "FY",
    "revenue": 1246200000,
    "costOfRevenue": 773000000,
    "grossProfit": 473200000,
    "grossProfitRatio": 0.3797143316,
    "researchAndDevelopmentExpenses": 0,
    "generalAndAdministrativeExpenses": 247500000,
    "sellingAndMarketingExpenses": 251500000,
    "sellingGeneralAndAdministrativeExpenses": 499000000,
    "otherExpenses": 0,
    "operatingExpenses": 499000000,
    "costAndExpenses": 1272000000,
    "interestIncome": 0,
    "interestExpense": 28600000,
    "depreciationAndAmortization": 89000000,
    "ebitda": 54700000,
    "ebitdaratio": 0.043893436,
    "operatingIncome": -25800000,
    "operatingIncomeRatio": -0.0207029369,
    "totalOtherIncomeExpensesNet": -37100000,
    "incomeBeforeTax": -62900000,
    "incomeBeforeTaxRatio": -0.0504734393,
    "incomeTaxExpense": 10500000,
    "netIncome": -73400000,
    "netIncomeRatio": -0.0588990531,
    "eps": -0.48,
    "epsdiluted": -0.48,
    "weightedAverageShsOut": 152900000,
    "weightedAverageShsOutDil": 152940299,
    "link": "https://www.sec.gov/Archives/edgar/data/1725057/000095017023062413/0000950170-23-062413-index.htm",
    "finalLink": "https://www.sec.gov/Archives/edgar/data/1725057/000095017023062413/cday-20221231.htm"
  },
  {
    "date": "2021-12-31",
    "symbol": "DAY",
    "reportedCurrency": "USD",
    "cik": "0001725057",
    "fillingDate": "2022-02-28",
    "acceptedDate": "2022-02-25 21:46:54",
    "calendarYear": "2021",
    "period": "FY",
    "revenue": 1024200000,
    "costOfRevenue": 641900000,
    "grossProfit": 382300000,
    "grossProfitRatio": 0.3732669401,
    "researchAndDevelopmentExpenses": 0,
    "generalAndAdministrativeExpenses": 199300000,
    "sellingAndMarketingExpenses": 218500000,
    "sellingGeneralAndAdministrativeExpenses": 417800000,
    "otherExpenses": 0,
    "operatingExpenses": 417800000,
    "costAndExpenses": 1059700000,
    "interestIncome": 0,
    "interestExpense": 35900000,
    "depreciationAndAmortization": 77500000,
    "ebitda": 23100000,
    "ebitdaratio": 0.0225541886,
    "operatingIncome": -35500000,
    "operatingIncomeRatio": -0.034661199,
    "totalOtherIncomeExpensesNet": -54800000,
    "incomeBeforeTax": -90300000,
    "incomeBeforeTaxRatio": -0.0881663738,
    "incomeTaxExpense": -14900000,
    "netIncome": -75400000,
    "netIncomeRatio": -0.0736184339,
    "eps": -0.5,
    "epsdiluted": -0.5,
    "weightedAverageShsOut": 150400000,
    "weightedAverageShsOutDil": 150402321,
    "link": "https://www.sec.gov/Archives/edgar/data/1725057/000095017022002143/0000950170-22-002143-index.htm",
    "finalLink": "https://www.sec.gov/Archives/edgar/data/1725057/000095017022002143/cday-20211231.htm"
  },
  {
    "date": "2020-12-31",
    "symbol": "DAY",
    "reportedCurrency": "USD",
    "cik": "0001725057",
    "fillingDate": "2021-02-26",
    "acceptedDate": "2021-02-26 17:23:44",
    "calendarYear": "2020",
    "period": "FY",
    "revenue": 842500000,
    "costOfRevenue": 501200000,
    "grossProfit": 341300000,
    "grossProfitRatio": 0.4051038576,
    "researchAndDevelopmentExpenses": 0,
    "generalAndAdministrativeExpenses": 0,
    "sellingAndMarketingExpenses": 0,
    "sellingGeneralAndAdministrativeExpenses": 333500000,
    "otherExpenses": 0,
    "operatingExpenses": 333500000,
    "costAndExpenses": 834700000,
    "interestIncome": 0,
    "interestExpense": 25100000,
    "depreciationAndAmortization": 51800000,
    "ebitda": 56900000,
    "ebitdaratio": 0.067537092,
    "operatingIncome": 7800000,
    "operatingIncomeRatio": 0.0092581602,
    "totalOtherIncomeExpensesNet": -27800000,
    "incomeBeforeTax": -20000000,
    "incomeBeforeTaxRatio": -0.0237388724,
    "incomeTaxExpense": -16000000,
    "netIncome": -4000000,
    "netIncomeRatio": -0.0047477745,
    "eps": -0.0273,
    "epsdiluted": -0.0273,
    "weightedAverageShsOut": 146774471,
    "weightedAverageShsOutDil": 146774471,
    "link": "https://www.sec.gov/Archives/edgar/data/1725057/000156459021009508/0001564590-21-009508-index.htm",
    "finalLink": "https://www.sec.gov/Archives/edgar/data/1725057/000156459021009508/cday-10k_20201231.htm"
  },
  {
    "date": "2019-12-31",
    "symbol": "DAY",
    "reportedCurrency": "USD",
    "cik": "0001725057",
    "fillingDate": "2020-02-28",
    "acceptedDate": "2020-02-28 17:32:34",
    "calendarYear": "2019",
    "period": "FY",
    "revenue": 824100000,
    "costOfRevenue": 455900000,
    "grossProfit": 368200000,
    "grossProfitRatio": 0.4467904381,
    "researchAndDevelopmentExpenses": 0,
    "generalAndAdministrativeExpenses": 295900000,
    "sellingAndMarketingExpenses": 0,
    "sellingGeneralAndAdministrativeExpenses": 295900000,
    "otherExpenses": 0,
    "operatingExpenses": 295900000,
    "costAndExpenses": 751800000,
    "interestIncome": 0,
    "interestExpense": 32400000,
    "depreciationAndAmortization": 57100000,
    "ebitda": 123800000,
    "ebitdaratio": 0.1502244873,
    "operatingIncome": 72300000,
    "operatingIncomeRatio": 0.0877320714,
    "totalOtherIncomeExpensesNet": -38000000,
    "incomeBeforeTax": 34300000,
    "incomeBeforeTaxRatio": 0.0416211625,
    "incomeTaxExpense": -44400000,
    "netIncome": 78700000,
    "netIncomeRatio": 0.0954981192,
    "eps": 0.55,
    "epsdiluted": 0.53,
    "weightedAverageShsOut": 142049112,
    "weightedAverageShsOutDil": 148756592,
    "link": "https://www.sec.gov/Archives/edgar/data/1725057/000156459020007850/0001564590-20-007850-index.htm",
    "finalLink": "https://www.sec.gov/Archives/edgar/data/1725057/000156459020007850/cday-10k_20191231.htm"
  },
  {
    "date": "2018-12-31",
    "symbol": "DAY",
    "reportedCurrency": "USD",
    "cik": "0001725057",
    "fillingDate": "2019-02-28",
    "acceptedDate": "2019-02-28 16:54:06",
    "calendarYear": "2018",
    "period": "FY",
    "revenue": 740700000,
    "costOfRevenue": 425800000,
    "grossProfit": 314900000,
    "grossProfitRatio": 0.4251383826,
    "researchAndDevelopmentExpenses": 0,
    "generalAndAdministrativeExpenses": 258800000,
    "sellingAndMarketingExpenses": 0,
    "sellingGeneralAndAdministrativeExpenses": 258800000,
    "otherExpenses": 0,
    "operatingExpenses": 258800000,
    "costAndExpenses": 684600000,
    "interestIncome": 0,
    "interestExpense": 83200000,
    "depreciationAndAmortization": 56600000,
    "ebitda": 112900000,
    "ebitdaratio": 0.1524233833,
    "operatingIncome": 56100000,
    "operatingIncomeRatio": 0.0757391657,
    "totalOtherIncomeExpensesNet": -83000000,
    "incomeBeforeTax": -26900000,
    "incomeBeforeTaxRatio": -0.0363169974,
    "incomeTaxExpense": 8400000,
    "netIncome": -60600000,
    "netIncomeRatio": -0.0818144998,
    "eps": -0.53,
    "epsdiluted": -0.53,
    "weightedAverageShsOut": 114049682,
    "weightedAverageShsOutDil": 114049682,
    "link": "https://www.sec.gov/Archives/edgar/data/1725057/000156459019005517/0001564590-19-005517-index.htm",
    "finalLink": "https://www.sec.gov/Archives/edgar/data/1725057/000156459019005517/cday-10k_20181231.htm"
  },
  {
    "date": "2017-12-31",
    "symbol": "DAY",
    "reportedCurrency": "USD",
    "cik": "0001725057",
    "fillingDate": "2017-12-31",
    "acceptedDate": "2017-12-30 19:00:00",
    "calendarYear": "2017",
    "period": "FY",
    "revenue": 750700000,
    "costOfRevenue": 406700000,
    "grossProfit": 269500000,
    "grossProfitRatio": 0.3589982683,
    "researchAndDevelopmentExpenses": 0,
    "generalAndAdministrativeExpenses": 214100000,
    "sellingAndMarketingExpenses": 0,
    "sellingGeneralAndAdministrativeExpenses": 214100000,
    "otherExpenses": 0,
    "operatingExpenses": 214100000,
    "costAndExpenses": 620800000,
    "interestIncome": 0,
    "interestExpense": 87100000,
    "depreciationAndAmortization": 53800000,
    "ebitda": 100400000,
    "ebitdaratio": 0.1337418409,
    "operatingIncome": 55400000,
    "operatingIncomeRatio": 0.0737977887,
    "totalOtherIncomeExpensesNet": -95900000,
    "incomeBeforeTax": -40500000,
    "incomeBeforeTaxRatio": -0.053949647,
    "incomeTaxExpense": -44700000,
    "netIncome": -9200000,
    "netIncomeRatio": -0.0122552285,
    "eps": -0.14,
    "epsdiluted": -0.0691,
    "weightedAverageShsOut": 65314462,
    "weightedAverageShsOutDil": 133166413,
    "link": "",
    "finalLink": ""
  },
  {
    "date": "2016-12-31",
    "symbol": "DAY",
    "reportedCurrency": "USD",
    "cik": "0001725057",
    "fillingDate": "2016-12-31",
    "acceptedDate": "2016-12-30 19:00:00",
    "calendarYear": "2016",
    "period": "FY",
    "revenue": 623400000,
    "costOfRevenue": 396400000,
    "grossProfit": 227000000,
    "grossProfitRatio": 0.3641321784,
    "researchAndDevelopmentExpenses": 0,
    "generalAndAdministrativeExpenses": 0,
    "sellingAndMarketingExpenses": 0,
    "sellingGeneralAndAdministrativeExpenses": 225300000,
    "otherExpenses": 12900000,
    "operatingExpenses": 238200000,
    "costAndExpenses": 634600000,
    "interestIncome": 0,
    "interestExpense": 87400000,
    "depreciationAndAmortization": 57300000,
    "ebitda": 42000000,
    "ebitdaratio": 0.0673724735,
    "operatingIncome": -11200000,
    "operatingIncomeRatio": -0.0179659929,
    "totalOtherIncomeExpensesNet": -87400000,
    "incomeBeforeTax": -98600000,
    "incomeBeforeTaxRatio": -0.1581649021,
    "incomeTaxExpense": 6700000,
    "netIncome": -92900000,
    "netIncomeRatio": -0.149021495,
    "eps": -1.42,
    "epsdiluted": -0.7,
    "weightedAverageShsOut": 65314462,
    "weightedAverageShsOutDil": 133166413,
    "link": "",
    "finalLink": ""
  },
  {
    "date": "2015-12-31",
    "symbol": "DAY",
    "reportedCurrency": "USD",
    "cik": "0001725057",
    "fillingDate": "2015-12-31",
    "acceptedDate": "2015-12-31 00:00:00",
    "calendarYear": "2015",
    "period": "FY",
    "revenue": 693900000,
    "costOfRevenue": 413100000,
    "grossProfit": 280800000,
    "grossProfitRatio": 0.4046692607,
    "researchAndDevelopmentExpenses": 0,
    "generalAndAdministrativeExpenses": 0,
    "sellingAndMarketingExpenses": 0,
    "sellingGeneralAndAdministrativeExpenses": 245500000,
    "otherExpenses": 0,
    "operatingExpenses": 245500000,
    "costAndExpenses": 658600000,
    "interestIncome": 0,
    "interestExpense": 87800000,
    "depreciationAndAmortization": 56000000,
    "ebitda": 63500000,
    "ebitdaratio": 0.0915117452,
    "operatingIncome": 35300000,
    "operatingIncomeRatio": 0.0508718836,
    "totalOtherIncomeExpensesNet": -115600000,
    "incomeBeforeTax": -80300000,
    "incomeBeforeTaxRatio": -0.1157227266,
    "incomeTaxExpense": 8600000,
    "netIncome": -104700000,
    "netIncomeRatio": -0.1508862949,
    "eps": -1.6,
    "epsdiluted": -0.79,
    "weightedAverageShsOut": 65314462,
    "weightedAverageShsOutDil": 133166413,
    "link": "",
    "finalLink": ""
  }
]