[
  {
    "date": "2025-07-27",
    "symbol": "DE",
    "reportedCurrency": "USD",
    "cik": "0000315189",
    "fillingDate": "2025-08-28",
    "acceptedDate": "2025-08-28 11:39:17",
    "calendarYear": "2025",
    "period": "Q3",
    "revenue": 11783000000,
    "costOfRevenue": 7570000000,
    "grossProfit": 4213000000,
    "grossProfitRatio": 0.3575490113,
    "researchAndDevelopmentExpenses": 556000000,
    "generalAndAdministrativeExpenses": 0,
    "sellingAndMarketingExpenses": 0,
    "sellingGeneralAndAdministrativeExpenses": 1217000000,
    "otherExpenses": 281000000,
    "operatingExpenses": 2054000000,
    "costAndExpenses": 9624000000,
    "interestIncome": 0,
    "interestExpense": 794000000,
    "depreciationAndAmortization": 564000000,
    "ebitda": 2958000000,
    "ebitdaratio": 0.2510396334,
    "operatingIncome": 2159000000,
    "operatingIncomeRatio": 0.1832300772,
    "totalOtherIncomeExpensesNet": -559000000,
    "incomeBeforeTax": 1600000000,
    "incomeBeforeTaxRatio": 0.1357888483,
    "incomeTaxExpense": 339000000,
    "netIncome": 1289000000,
    "netIncomeRatio": 0.1093948909,
    "eps": 4.76,
    "epsdiluted": 4.75,
    "weightedAverageShsOut": 270700000,
    "weightedAverageShsOutDil": 271400000,
    "link": "https://www.sec.gov/Archives/edgar/data/315189/000155837025011789/0001558370-25-011789-index.htm",
    "finalLink": "https://www.sec.gov/Archives/edgar/data/315189/000155837025011789/de-20250727x10q.htm"
  },
  {
    "date": "2025-04-27",
    "symbol": "DE",
    "reportedCurrency": "USD",
    "cik": "0000315189",
    "fillingDate": "2025-05-29",
    "acceptedDate": "2025-05-29 11:45:11",
    "calendarYear": "2025",
    "period": "Q2",
    "revenue": 12525000000,
    "costOfRevenue": 7609000000,
    "grossProfit": 4916000000,
    "grossProfitRatio": 0.39249501,
    "researchAndDevelopmentExpenses": 549000000,
    "generalAndAdministrativeExpenses": 0,
    "sellingAndMarketingExpenses": 0,
    "sellingGeneralAndAdministrativeExpenses": 1197000000,
    "otherExpenses": 287000000,
    "operatingExpenses": 2033000000,
    "costAndExpenses": 9642000000,
    "interestIncome": 0,
    "interestExpense": 784000000,
    "depreciationAndAmortization": 555000000,
    "ebitda": 3676000000,
    "ebitdaratio": 0.293493014,
    "operatingIncome": 2883000000,
    "operatingIncomeRatio": 0.2301796407,
    "totalOtherIncomeExpensesNet": -543000000,
    "incomeBeforeTax": 2340000000,
    "incomeBeforeTaxRatio": 0.1868263473,
    "incomeTaxExpense": 539000000,
    "netIncome": 1804000000,
    "netIncomeRatio": 0.1440319361,
    "eps": 6.65,
    "epsdiluted": 6.64,
    "weightedAverageShsOut": 271100000,
    "weightedAverageShsOutDil": 271800000,
    "link": "https://www.sec.gov/Archives/edgar/data/315189/000155837025008218/0001558370-25-008218-index.htm",
    "finalLink": "https://www.sec.gov/Archives/edgar/data/315189/000155837025008218/de-20250427x10q.htm"
  },
  {
    "date": "2025-01-26",
    "symbol": "DE",
    "reportedCurrency": "USD",
    "cik": "0000315189",
    "fillingDate": "2025-02-27",
    "acceptedDate": "2025-02-27 10:18:48",
    "calendarYear": "2025",
    "period": "Q1",
    "revenue": 8262000000,
    "costOfRevenue": 5037000000,
    "grossProfit": 3225000000,
    "grossProfitRatio": 0.3903413217,
    "researchAndDevelopmentExpenses": 526000000,
    "generalAndAdministrativeExpenses": 0,
    "sellingAndMarketingExpenses": 0,
    "sellingGeneralAndAdministrativeExpenses": 972000000,
    "otherExpenses": 249000000,
    "operatingExpenses": 1747000000,
    "costAndExpenses": 6784000000,
    "interestIncome": 0,
    "interestExpense": 829000000,
    "depreciationAndAmortization": 549000000,
    "ebitda": 2273000000,
    "ebitdaratio": 0.2751149843,
    "operatingIncome": 1478000000,
    "operatingIncomeRatio": 0.1788913096,
    "totalOtherIncomeExpensesNet": -584000000,
    "incomeBeforeTax": 894000000,
    "incomeBeforeTaxRatio": 0.1082062455,
    "incomeTaxExpense": 27000000,
    "netIncome": 869000000,
    "netIncomeRatio": 0.1051803437,
    "eps": 3.2,
    "epsdiluted": 3.19,
    "weightedAverageShsOut": 271600000,
    "weightedAverageShsOutDil": 272300000,
    "link": "https://www.sec.gov/Archives/edgar/data/315189/000155837025001714/0001558370-25-001714-index.htm",
    "finalLink": "https://www.sec.gov/Archives/edgar/data/315189/000155837025001714/de-20250126x10q.htm"
  },
  {
    "date": "2024-10-27",
    "symbol": "DE",
    "reportedCurrency": "USD",
    "cik": "0000315189",
    "fillingDate": "2024-12-12",
    "acceptedDate": "2024-12-12 11:37:47",
    "calendarYear": "2024",
    "period": "Q4",
    "revenue": 10827000000,
    "costOfRevenue": 6818000000,
    "grossProfit": 4009000000,
    "grossProfitRatio": 0.3702780087,
    "researchAndDevelopmentExpenses": 626000000,
    "generalAndAdministrativeExpenses": 0,
    "sellingAndMarketingExpenses": 0,
    "sellingGeneralAndAdministrativeExpenses": 899000000,
    "otherExpenses": 341000000,
    "operatingExpenses": 1866000000,
    "costAndExpenses": 8684000000,
    "interestIncome": 0,
    "interestExpense": 870000000,
    "depreciationAndAmortization": 520000000,
    "ebitda": 2909000000,
    "ebitdaratio": 0.2686801515,
    "operatingIncome": 2143000000,
    "operatingIncomeRatio": 0.1979310982,
    "totalOtherIncomeExpensesNet": -652000000,
    "incomeBeforeTax": 1491000000,
    "incomeBeforeTaxRatio": 0.1377112774,
    "incomeTaxExpense": 249000000,
    "netIncome": 1245000000,
    "netIncomeRatio": 0.114990302,
    "eps": 4.57,
    "epsdiluted": 4.55,
    "weightedAverageShsOut": 272600000,
    "weightedAverageShsOutDil": 273600000,
    "link": "https://www.sec.gov/Archives/edgar/data/315189/000155837024016169/0001558370-24-016169-index.htm",
    "finalLink": "https://www.sec.gov/Archives/edgar/data/315189/000155837024016169/de-20241027x10k.htm"
  },
  {
    "date": "2024-07-28",
    "symbol": "DE",
    "reportedCurrency": "USD",
    "cik": "0000315189",
    "fillingDate": "2024-08-29",
    "acceptedDate": "2024-08-29 10:39:16",
    "calendarYear": "2024",
    "period": "Q3",
    "revenue": 12848000000,
    "costOfRevenue": 7848000000,
    "grossProfit": 5000000000,
    "grossProfitRatio": 0.3891656289,
    "researchAndDevelopmentExpenses": 567000000,
    "generalAndAdministrativeExpenses": 0,
    "sellingAndMarketingExpenses": 0,
    "sellingGeneralAndAdministrativeExpenses": 1278000000,
    "otherExpenses": 264000000,
    "operatingExpenses": 2109000000,
    "costAndExpenses": 9957000000,
    "interestIncome": 0,
    "interestExpense": 840000000,
    "depreciationAndAmortization": 553000000,
    "ebitda": 3748000000,
    "ebitdaratio": 0.2917185554,
    "operatingIncome": 2891000000,
    "operatingIncomeRatio": 0.2250155666,
    "totalOtherIncomeExpensesNet": -535000000,
    "incomeBeforeTax": 2356000000,
    "incomeBeforeTaxRatio": 0.1833748443,
    "incomeTaxExpense": 625000000,
    "netIncome": 1734000000,
    "netIncomeRatio": 0.1349626401,
    "eps": 6.32,
    "epsdiluted": 6.29,
    "weightedAverageShsOut": 274500000,
    "weightedAverageShsOutDil": 275600000,
    "link": "https://www.sec.gov/Archives/edgar/data/315189/000155837024012529/0001558370-24-012529-index.htm",
    "finalLink": "https://www.sec.gov/Archives/edgar/data/315189/000155837024012529/de-20240728x10q.htm"
  },
  {
    "date": "2024-04-28",
    "symbol": "DE",
    "reportedCurrency": "USD",
    "cik": "0000315189",
    "fillingDate": "2024-05-30",
    "acceptedDate": "2024-05-30 15:57:36",
    "calendarYear": "2024",
    "period": "Q2",
    "revenue": 14997000000,
    "costOfRevenue": 9157000000,
    "grossProfit": 5840000000,
    "grossProfitRatio": 0.3894112156,
    "researchAndDevelopmentExpenses": 565000000,
    "generalAndAdministrativeExpenses": 0,
    "sellingAndMarketingExpenses": 0,
    "sellingGeneralAndAdministrativeExpenses": 1265000000,
    "otherExpenses": 295000000,
    "operatingExpenses": 2125000000,
    "costAndExpenses": 11282000000,
    "interestIncome": 0,
    "interestExpense": 836000000,
    "depreciationAndAmortization": 525000000,
    "ebitda": 4478000000,
    "ebitdaratio": 0.2985930519,
    "operatingIncome": 3715000000,
    "operatingIncomeRatio": 0.2477162099,
    "totalOtherIncomeExpensesNet": -596000000,
    "incomeBeforeTax": 3119000000,
    "incomeBeforeTaxRatio": 0.2079749283,
    "incomeTaxExpense": 751000000,
    "netIncome": 2370000000,
    "netIncomeRatio": 0.1580316063,
    "eps": 8.56,
    "epsdiluted": 8.53,
    "weightedAverageShsOut": 276800000,
    "weightedAverageShsOutDil": 277900000,
    "link": "https://www.sec.gov/Archives/edgar/data/315189/000155837024008770/0001558370-24-008770-index.htm",
    "finalLink": "https://www.sec.gov/Archives/edgar/data/315189/000155837024008770/de-20240428x10q.htm"
  },
  {
    "date": "2024-01-28",
    "symbol": "DE",
    "reportedCurrency": "USD",
    "cik": "0000315189",
    "fillingDate": "2024-02-29",
    "acceptedDate": "2024-02-29 13:31:35",
    "calendarYear": "2024",
    "period": "Q1",
    "revenue": 11846000000,
    "costOfRevenue": 7200000000,
    "grossProfit": 4646000000,
    "grossProfitRatio": 0.3921998987,
    "researchAndDevelopmentExpenses": 533000000,
    "generalAndAdministrativeExpenses": 0,
    "sellingAndMarketingExpenses": 0,
    "sellingGeneralAndAdministrativeExpenses": 1066000000,
    "otherExpenses": 369000000,
    "operatingExpenses": 1968000000,
    "costAndExpenses": 9168000000,
    "interestIncome": 0,
    "interestExpense": 802000000,
    "depreciationAndAmortization": 520000000,
    "ebitda": 3537000000,
    "ebitdaratio": 0.2985817998,
    "operatingIncome": 2678000000,
    "operatingIncomeRatio": 0.226067871,
    "totalOtherIncomeExpensesNet": -461000000,
    "incomeBeforeTax": 2217000000,
    "incomeBeforeTaxRatio": 0.1871517812,
    "incomeTaxExpense": 469000000,
    "netIncome": 1751000000,
    "netIncomeRatio": 0.147813608,
    "eps": 6.26,
    "epsdiluted": 6.23,
    "weightedAverageShsOut": 279900000,
    "weightedAverageShsOutDil": 281100000,
    "link": "https://www.sec.gov/Archives/edgar/data/315189/000155837024002149/0001558370-24-002149-index.htm",
    "finalLink": "https://www.sec.gov/Archives/edgar/data/315189/000155837024002149/de-20240128x10q.htm"
  },
  {
    "date": "2023-10-29",
    "symbol": "DE",
    "reportedCurrency": "USD",
    "cik": "0000315189",
    "fillingDate": "2023-12-15",
    "acceptedDate": "2023-12-15 10:27:39",
    "calendarYear": "2023",
    "period": "Q4",
    "revenue": 15157000000,
    "costOfRevenue": 9654000000,
    "grossProfit": 5503000000,
    "grossProfitRatio": 0.3630665699,
    "researchAndDevelopmentExpenses": 606000000,
    "generalAndAdministrativeExpenses": 0,
    "sellingAndMarketingExpenses": 0,
    "sellingGeneralAndAdministrativeExpenses": 917000000,
    "otherExpenses": 258000000,
    "operatingExpenses": 1781000000,
    "costAndExpenses": 11435000000,
    "interestIncome": 0,
    "interestExpense": 782000000,
    "depreciationAndAmortization": 477000000,
    "ebitda": 4332000000,
    "ebitdaratio": 0.2858085373,
    "operatingIncome": 3722000000,
    "operatingIncomeRatio": 0.2455631062,
    "totalOtherIncomeExpensesNet": -647000000,
    "incomeBeforeTax": 3075000000,
    "incomeBeforeTaxRatio": 0.2028765587,
    "incomeTaxExpense": 707000000,
    "netIncome": 2369000000,
    "netIncomeRatio": 0.1562974203,
    "eps": 8.3,
    "epsdiluted": 8.26,
    "weightedAverageShsOut": 285500000,
    "weightedAverageShsOutDil": 286900000,
    "link": "https://www.sec.gov/Archives/edgar/data/315189/000155837023019812/0001558370-23-019812-index.htm",
    "finalLink": "https://www.sec.gov/Archives/edgar/data/315189/000155837023019812/de-20231029x10k.htm"
  },
  {
    "date": "2023-07-30",
    "symbol": "DE",
    "reportedCurrency": "USD",
    "cik": "0000315189",
    "fillingDate": "2023-08-31",
    "acceptedDate": "2023-08-31 14:27:24",
    "calendarYear": "2023",
    "period": "Q3",
    "revenue": 15537000000,
    "costOfRevenue": 9624000000,
    "grossProfit": 5913000000,
    "grossProfitRatio": 0.3805754007,
    "researchAndDevelopmentExpenses": 528000000,
    "generalAndAdministrativeExpenses": 0,
    "sellingAndMarketingExpenses": 0,
    "sellingGeneralAndAdministrativeExpenses": 1110000000,
    "otherExpenses": 310000000,
    "operatingExpenses": 1948000000,
    "costAndExpenses": 11572000000,
    "interestIncome": 0,
    "interestExpense": 623000000,
    "depreciationAndAmortization": 532000000,
    "ebitda": 4761000000,
    "ebitdaratio": 0.3064298127,
    "operatingIncome": 3965000000,
    "operatingIncomeRatio": 0.255197271,
    "totalOtherIncomeExpensesNet": -357000000,
    "incomeBeforeTax": 3608000000,
    "incomeBeforeTaxRatio": 0.2322198623,
    "incomeTaxExpense": 636000000,
    "netIncome": 2978000000,
    "netIncomeRatio": 0.1916714939,
    "eps": 10.24,
    "epsdiluted": 10.2,
    "weightedAverageShsOut": 290800000,
    "weightedAverageShsOutDil": 292100000,
    "link": "https://www.sec.gov/Archives/edgar/data/315189/000155837023015380/0001558370-23-015380-index.htm",
    "finalLink": "https://www.sec.gov/Archives/edgar/data/315189/000155837023015380/de-20230730x10q.htm"
  },
  {
    "date": "2023-04-30",
    "symbol": "DE",
    "reportedCurrency": "USD",
    "cik": "0000315189",
    "fillingDate": "2023-06-01",
    "acceptedDate": "2023-06-01 16:02:31",
    "calendarYear": "2023",
    "period": "Q2",
    "revenue": 17158000000,
    "costOfRevenue": 10730000000,
    "grossProfit": 6428000000,
    "grossProfitRatio": 0.3746357384,
    "researchAndDevelopmentExpenses": 547000000,
    "generalAndAdministrativeExpenses": 0,
    "sellingAndMarketingExpenses": 0,
    "sellingGeneralAndAdministrativeExpenses": 1330000000,
    "otherExpenses": 363000000,
    "operatingExpenses": 2240000000,
    "costAndExpenses": 12970000000,
    "interestIncome": 0,
    "interestExpense": 569000000,
    "depreciationAndAmortization": 501000000,
    "ebitda": 4918000000,
    "ebitdaratio": 0.2866301434,
    "operatingIncome": 4188000000,
    "operatingIncomeRatio": 0.2440843921,
    "totalOtherIncomeExpensesNet": -338000000,
    "incomeBeforeTax": 3850000000,
    "incomeBeforeTaxRatio": 0.2243851265,
    "incomeTaxExpense": 991000000,
    "netIncome": 2860000000,
    "netIncomeRatio": 0.166686094,
    "eps": 9.69,
    "epsdiluted": 9.65,
    "weightedAverageShsOut": 295100000,
    "weightedAverageShsOutDil": 296500000,
    "link": "https://www.sec.gov/Archives/edgar/data/315189/000155837023010713/0001558370-23-010713-index.htm",
    "finalLink": "https://www.sec.gov/Archives/edgar/data/315189/000155837023010713/de-20230430x10q.htm"
  },
  {
    "date": "2023-01-29",
    "symbol": "DE",
    "reportedCurrency": "USD",
    "cik": "0000315189",
    "fillingDate": "2023-02-23",
    "acceptedDate": "2023-02-23 15:21:25",
    "calendarYear": "2023",
    "period": "Q1",
    "revenue": 12396000000,
    "costOfRevenue": 7934000000,
    "grossProfit": 4462000000,
    "grossProfitRatio": 0.3599548241,
    "researchAndDevelopmentExpenses": 495000000,
    "generalAndAdministrativeExpenses": 0,
    "sellingAndMarketingExpenses": 0,
    "sellingGeneralAndAdministrativeExpenses": 952000000,
    "otherExpenses": 299000000,
    "operatingExpenses": 1746000000,
    "costAndExpenses": 9680000000,
    "interestIncome": 0,
    "interestExpense": 479000000,
    "depreciationAndAmortization": 494000000,
    "ebitda": 3466000000,
    "ebitdaratio": 0.2796063246,
    "operatingIncome": 2716000000,
    "operatingIncomeRatio": 0.2191029364,
    "totalOtherIncomeExpensesNet": -222000000,
    "incomeBeforeTax": 2494000000,
    "incomeBeforeTaxRatio": 0.2011939335,
    "incomeTaxExpense": 537000000,
    "netIncome": 1959000000,
    "netIncomeRatio": 0.15803485,
    "eps": 6.58,
    "epsdiluted": 6.55,
    "weightedAverageShsOut": 297600000,
    "weightedAverageShsOutDil": 299100000,
    "link": "https://www.sec.gov/Archives/edgar/data/315189/000155837023001877/0001558370-23-001877-index.htm",
    "finalLink": "https://www.sec.gov/Archives/edgar/data/315189/000155837023001877/de-20230129x10q.htm"
  },
  {
    "date": "2022-10-30",
    "symbol": "DE",
    "reportedCurrency": "USD",
    "cik": "0000315189",
    "fillingDate": "2022-12-15",
    "acceptedDate": "2022-12-15 11:32:02",
    "calendarYear": "2022",
    "period": "Q4",
    "revenue": 15276000000,
    "costOfRevenue": 10428000000,
    "grossProfit": 4848000000,
    "grossProfitRatio": 0.3173605656,
    "researchAndDevelopmentExpenses": 576000000,
    "generalAndAdministrativeExpenses": 0,
    "sellingAndMarketingExpenses": 0,
    "sellingGeneralAndAdministrativeExpenses": 973000000,
    "otherExpenses": 193000000,
    "operatingExpenses": 1742000000,
    "costAndExpenses": 12170000000,
    "interestIncome": 0,
    "interestExpense": 349000000,
    "depreciationAndAmortization": 452000000,
    "ebitda": 3686000000,
    "ebitdaratio": 0.2412935323,
    "operatingIncome": 3106000000,
    "operatingIncomeRatio": 0.2033254779,
    "totalOtherIncomeExpensesNet": -219000000,
    "incomeBeforeTax": 2887000000,
    "incomeBeforeTaxRatio": 0.1889892642,
    "incomeTaxExpense": 643000000,
    "netIncome": 2246000000,
    "netIncomeRatio": 0.1470280178,
    "eps": 7.48,
    "epsdiluted": 7.44,
    "weightedAverageShsOut": 300400000,
    "weightedAverageShsOutDil": 302100000,
    "link": "https://www.sec.gov/Archives/edgar/data/315189/000155837022018703/0001558370-22-018703-index.htm",
    "finalLink": "https://www.sec.gov/Archives/edgar/data/315189/000155837022018703/de-20221030x10k.htm"
  },
  {
    "date": "2022-07-31",
    "symbol": "DE",
    "reportedCurrency": "USD",
    "cik": "0000315189",
    "fillingDate": "2022-09-01",
    "acceptedDate": "2022-09-01 13:53:57",
    "calendarYear": "2022",
    "period": "Q3",
    "revenue": 13846000000,
    "costOfRevenue": 9511000000,
    "grossProfit": 4335000000,
    "grossProfitRatio": 0.3130868121,
    "researchAndDevelopmentExpenses": 481000000,
    "generalAndAdministrativeExpenses": 0,
    "sellingAndMarketingExpenses": 0,
    "sellingGeneralAndAdministrativeExpenses": 959000000,
    "otherExpenses": 316000000,
    "operatingExpenses": 1756000000,
    "costAndExpenses": 11267000000,
    "interestIncome": 0,
    "interestExpense": 296000000,
    "depreciationAndAmortization": 510000000,
    "ebitda": 3345000000,
    "ebitdaratio": 0.2415860176,
    "operatingIncome": 2579000000,
    "operatingIncomeRatio": 0.1862631807,
    "totalOtherIncomeExpensesNet": -40000000,
    "incomeBeforeTax": 2539000000,
    "incomeBeforeTaxRatio": 0.1833742597,
    "incomeTaxExpense": 654000000,
    "netIncome": 1884000000,
    "netIncomeRatio": 0.1360681785,
    "eps": 6.2,
    "epsdiluted": 6.16,
    "weightedAverageShsOut": 304100000,
    "weightedAverageShsOutDil": 305700000,
    "link": "https://www.sec.gov/Archives/edgar/data/315189/000155837022014113/0001558370-22-014113-index.htm",
    "finalLink": "https://www.sec.gov/Archives/edgar/data/315189/000155837022014113/de-20220731x10q.htm"
  },
  {
    "date": "2022-05-01",
    "symbol": "DE",
    "reportedCurrency": "USD",
    "cik": "0000315189",
    "fillingDate": "2022-05-26",
    "acceptedDate": "2022-05-26 12:59:03",
    "calendarYear": "2022",
    "period": "Q2",
    "revenue": 12830000000,
    "costOfRevenue": 8918000000,
    "grossProfit": 3912000000,
    "grossProfitRatio": 0.3049103663,
    "researchAndDevelopmentExpenses": 453000000,
    "generalAndAdministrativeExpenses": 0,
    "sellingAndMarketingExpenses": 0,
    "sellingGeneralAndAdministrativeExpenses": 932000000,
    "otherExpenses": 328000000,
    "operatingExpenses": 1713000000,
    "costAndExpenses": 10631000000,
    "interestIncome": 0,
    "interestExpense": 187000000,
    "depreciationAndAmortization": 447000000,
    "ebitda": 3186000000,
    "ebitdaratio": 0.2483242401,
    "operatingIncome": 2199000000,
    "operatingIncomeRatio": 0.1713951676,
    "totalOtherIncomeExpensesNet": 359000000,
    "incomeBeforeTax": 2558000000,
    "incomeBeforeTaxRatio": 0.1993764614,
    "incomeTaxExpense": 461000000,
    "netIncome": 2098000000,
    "netIncomeRatio": 0.163522993,
    "eps": 6.85,
    "epsdiluted": 6.81,
    "weightedAverageShsOut": 306200000,
    "weightedAverageShsOutDil": 308100000,
    "link": "https://www.sec.gov/Archives/edgar/data/315189/000155837022009375/0001558370-22-009375-index.htm",
    "finalLink": "https://www.sec.gov/Archives/edgar/data/315189/000155837022009375/de-20220501x10q.htm"
  },
  {
    "date": "2022-01-30",
    "symbol": "DE",
    "reportedCurrency": "USD",
    "cik": "0000315189",
    "fillingDate": "2022-02-24",
    "acceptedDate": "2022-02-24 14:35:21",
    "calendarYear": "2022",
    "period": "Q1",
    "revenue": 9331000000,
    "costOfRevenue": 6695000000,
    "grossProfit": 2636000000,
    "grossProfitRatio": 0.2824991962,
    "researchAndDevelopmentExpenses": 402000000,
    "generalAndAdministrativeExpenses": 0,
    "sellingAndMarketingExpenses": 0,
    "sellingGeneralAndAdministrativeExpenses": 781000000,
    "otherExpenses": 311000000,
    "operatingExpenses": 1494000000,
    "costAndExpenses": 8189000000,
    "interestIncome": 0,
    "interestExpense": 229000000,
    "depreciationAndAmortization": 486000000,
    "ebitda": 1866000000,
    "ebitdaratio": 0.1999785661,
    "operatingIncome": 1142000000,
    "operatingIncomeRatio": 0.1223877398,
    "totalOtherIncomeExpensesNet": 12000000,
    "incomeBeforeTax": 1154000000,
    "incomeBeforeTaxRatio": 0.1236737756,
    "incomeTaxExpense": 250000000,
    "netIncome": 903000000,
    "netIncomeRatio": 0.0967741935,
    "eps": 2.94,
    "epsdiluted": 2.92,
    "weightedAverageShsOut": 307400000,
    "weightedAverageShsOutDil": 309400000,
    "link": "https://www.sec.gov/Archives/edgar/data/315189/000155837022001900/0001558370-22-001900-index.htm",
    "finalLink": "https://www.sec.gov/Archives/edgar/data/315189/000155837022001900/de-20220130x10q.htm"
  },
  {
    "date": "2021-10-31",
    "symbol": "DE",
    "reportedCurrency": "USD",
    "cik": "0000315189",
    "fillingDate": "2021-12-16",
    "acceptedDate": "2021-12-16 11:39:34",
    "calendarYear": "2021",
    "period": "Q4",
    "revenue": 11104000000,
    "costOfRevenue": 8011000000,
    "grossProfit": 3093000000,
    "grossProfitRatio": 0.2785482709,
    "researchAndDevelopmentExpenses": 450000000,
    "generalAndAdministrativeExpenses": 0,
    "sellingAndMarketingExpenses": 0,
    "sellingGeneralAndAdministrativeExpenses": 752000000,
    "otherExpenses": 291000000,
    "operatingExpenses": 1493000000,
    "costAndExpenses": 9504000000,
    "interestIncome": 0,
    "interestExpense": 210000000,
    "depreciationAndAmortization": 481000000,
    "ebitda": 2304000000,
    "ebitdaratio": 0.2074927954,
    "operatingIncome": 1600000000,
    "operatingIncomeRatio": 0.144092219,
    "totalOtherIncomeExpensesNet": 13000000,
    "incomeBeforeTax": 1613000000,
    "incomeBeforeTaxRatio": 0.1452629683,
    "incomeTaxExpense": 330000000,
    "netIncome": 1283000000,
    "netIncomeRatio": 0.1155439481,
    "eps": 4.15,
    "epsdiluted": 4.12,
    "weightedAverageShsOut": 309100000,
    "weightedAverageShsOutDil": 311500000,
    "link": "https://www.sec.gov/Archives/edgar/data/315189/000155837021016864/0001558370-21-016864-index.htm",
    "finalLink": "https://www.sec.gov/Archives/edgar/data/315189/000155837021016864/de-20211031x10k.htm"
  },
  {
    "date": "2021-08-01",
    "symbol": "DE",
    "reportedCurrency": "USD",
    "cik": "0000315189",
    "fillingDate": "2021-08-26",
    "acceptedDate": "2021-08-26 13:31:28",
    "calendarYear": "2021",
    "period": "Q3",
    "revenue": 11238000000,
    "costOfRevenue": 7574000000,
    "grossProfit": 3664000000,
    "grossProfitRatio": 0.3260366613,
    "researchAndDevelopmentExpenses": 394000000,
    "generalAndAdministrativeExpenses": 0,
    "sellingAndMarketingExpenses": 0,
    "sellingGeneralAndAdministrativeExpenses": 841000000,
    "otherExpenses": 324000000,
    "operatingExpenses": 1559000000,
    "costAndExpenses": 9133000000,
    "interestIncome": 0,
    "interestExpense": 244000000,
    "depreciationAndAmortization": 515000000,
    "ebitda": 2909000000,
    "ebitdaratio": 0.2588538886,
    "operatingIncome": 2105000000,
    "operatingIncomeRatio": 0.1873109094,
    "totalOtherIncomeExpensesNet": 53000000,
    "incomeBeforeTax": 2158000000,
    "incomeBeforeTaxRatio": 0.1920270511,
    "incomeTaxExpense": 491000000,
    "netIncome": 1667000000,
    "netIncomeRatio": 0.1483360028,
    "eps": 5.36,
    "epsdiluted": 5.32,
    "weightedAverageShsOut": 311000000,
    "weightedAverageShsOutDil": 313400000,
    "link": "https://www.sec.gov/Archives/edgar/data/315189/000155837021012088/0001558370-21-012088-index.htm",
    "finalLink": "https://www.sec.gov/Archives/edgar/data/315189/000155837021012088/de-20210801x10q.htm"
  },
  {
    "date": "2021-05-02",
    "symbol": "DE",
    "reportedCurrency": "USD",
    "cik": "0000315189",
    "fillingDate": "2021-05-27",
    "acceptedDate": "2021-05-27 13:21:43",
    "calendarYear": "2021",
    "period": "Q2",
    "revenue": 11807000000,
    "costOfRevenue": 7928000000,
    "grossProfit": 3879000000,
    "grossProfitRatio": 0.3285339206,
    "researchAndDevelopmentExpenses": 377000000,
    "generalAndAdministrativeExpenses": 0,
    "sellingAndMarketingExpenses": 0,
    "sellingGeneralAndAdministrativeExpenses": 838000000,
    "otherExpenses": 335000000,
    "operatingExpenses": 1550000000,
    "costAndExpenses": 9478000000,
    "interestIncome": 0,
    "interestExpense": 268000000,
    "depreciationAndAmortization": 516000000,
    "ebitda": 3096000000,
    "ebitdaratio": 0.2622173287,
    "operatingIncome": 2329000000,
    "operatingIncomeRatio": 0.1972558652,
    "totalOtherIncomeExpensesNet": -9000000,
    "incomeBeforeTax": 2320000000,
    "incomeBeforeTaxRatio": 0.1964936055,
    "incomeTaxExpense": 530000000,
    "netIncome": 1790000000,
    "netIncomeRatio": 0.1516049801,
    "eps": 5.72,
    "epsdiluted": 5.68,
    "weightedAverageShsOut": 312800000,
    "weightedAverageShsOutDil": 315200000,
    "link": "https://www.sec.gov/Archives/edgar/data/315189/000155837021007781/0001558370-21-007781-index.htm",
    "finalLink": "https://www.sec.gov/Archives/edgar/data/315189/000155837021007781/de-20210502x10q.htm"
  },
  {
    "date": "2021-01-31",
    "symbol": "DE",
    "reportedCurrency": "USD",
    "cik": "0000315189",
    "fillingDate": "2021-02-25",
    "acceptedDate": "2021-02-25 14:07:21",
    "calendarYear": "2021",
    "period": "Q1",
    "revenue": 8885000000,
    "costOfRevenue": 5805000000,
    "grossProfit": 3080000000,
    "grossProfitRatio": 0.3466516601,
    "researchAndDevelopmentExpenses": 366000000,
    "generalAndAdministrativeExpenses": 0,
    "sellingAndMarketingExpenses": 0,
    "sellingGeneralAndAdministrativeExpenses": 769000000,
    "otherExpenses": 373000000,
    "operatingExpenses": 1508000000,
    "costAndExpenses": 7313000000,
    "interestIncome": 0,
    "interestExpense": 271000000,
    "depreciationAndAmortization": 538000000,
    "ebitda": 2337000000,
    "ebitdaratio": 0.2630275746,
    "operatingIncome": 1572000000,
    "operatingIncomeRatio": 0.1769274057,
    "totalOtherIncomeExpensesNet": -40000000,
    "incomeBeforeTax": 1532000000,
    "incomeBeforeTaxRatio": 0.1724254361,
    "incomeTaxExpense": 308000000,
    "netIncome": 1224000000,
    "netIncomeRatio": 0.1377602701,
    "eps": 3.9,
    "epsdiluted": 3.87,
    "weightedAverageShsOut": 313500000,
    "weightedAverageShsOutDil": 316100000,
    "link": "https://www.sec.gov/Archives/edgar/data/315189/000155837021001774/0001558370-21-001774-index.htm",
    "finalLink": "https://www.sec.gov/Archives/edgar/data/315189/000155837021001774/de-20210131x10q.htm"
  },
  {
    "date": "2020-11-01",
    "symbol": "DE",
    "reportedCurrency": "USD",
    "cik": "0000315189",
    "fillingDate": "2020-12-17",
    "acceptedDate": "2020-12-17 11:19:00",
    "calendarYear": "2020",
    "period": "Q4",
    "revenue": 9526000000,
    "costOfRevenue": 6659000000,
    "grossProfit": 2867000000,
    "grossProfitRatio": 0.3009657779,
    "researchAndDevelopmentExpenses": 443000000,
    "generalAndAdministrativeExpenses": 979000000,
    "sellingAndMarketingExpenses": 0,
    "sellingGeneralAndAdministrativeExpenses": 979000000,
    "otherExpenses": 256000000,
    "operatingExpenses": 1678000000,
    "costAndExpenses": 8337000000,
    "interestIncome": 0,
    "interestExpense": 278000000,
    "depreciationAndAmortization": 504000000,
    "ebitda": 1898000000,
    "ebitdaratio": 0.1992441738,
    "operatingIncome": 1189000000,
    "operatingIncomeRatio": 0.1248162923,
    "totalOtherIncomeExpensesNet": -101000000,
    "incomeBeforeTax": 1088000000,
    "incomeBeforeTaxRatio": 0.1142137308,
    "incomeTaxExpense": 330000000,
    "netIncome": 758000000,
    "netIncomeRatio": 0.0795716985,
    "eps": 2.41,
    "epsdiluted": 2.39,
    "weightedAverageShsOut": 314100000,
    "weightedAverageShsOutDil": 317100000,
    "link": "https://www.sec.gov/Archives/edgar/data/315189/000155837020014436/0001558370-20-014436-index.htm",
    "finalLink": "https://www.sec.gov/Archives/edgar/data/315189/000155837020014436/de-20201101x10k.htm"
  },
  {
    "date": "2020-08-02",
    "symbol": "DE",
    "reportedCurrency": "USD",
    "cik": "0000315189",
    "fillingDate": "2020-08-27",
    "acceptedDate": "2020-08-27 12:45:16",
    "calendarYear": "2020",
    "period": "Q3",
    "revenue": 8697000000,
    "costOfRevenue": 5835000000,
    "grossProfit": 2862000000,
    "grossProfitRatio": 0.3290789928,
    "researchAndDevelopmentExpenses": 370000000,
    "generalAndAdministrativeExpenses": 752000000,
    "sellingAndMarketingExpenses": 0,
    "sellingGeneralAndAdministrativeExpenses": 752000000,
    "otherExpenses": 408000000,
    "operatingExpenses": 1530000000,
    "costAndExpenses": 7365000000,
    "interestIncome": 0,
    "interestExpense": 290000000,
    "depreciationAndAmortization": 547000000,
    "ebitda": 2107000000,
    "ebitdaratio": 0.2422674485,
    "operatingIncome": 1332000000,
    "operatingIncomeRatio": 0.1531562608,
    "totalOtherIncomeExpensesNet": -64000000,
    "incomeBeforeTax": 1268000000,
    "incomeBeforeTaxRatio": 0.1457974014,
    "incomeTaxExpense": 457000000,
    "netIncome": 811000000,
    "netIncomeRatio": 0.0932505462,
    "eps": 2.59,
    "epsdiluted": 2.57,
    "weightedAverageShsOut": 313000000,
    "weightedAverageShsOutDil": 315800000,
    "link": "https://www.sec.gov/Archives/edgar/data/315189/000155837020010868/0001558370-20-010868-index.htm",
    "finalLink": "https://www.sec.gov/Archives/edgar/data/315189/000155837020010868/de-20200802x10q.htm"
  },
  {
    "date": "2020-05-03",
    "symbol": "DE",
    "reportedCurrency": "USD",
    "cik": "0000315189",
    "fillingDate": "2020-05-28",
    "acceptedDate": "2020-05-28 14:21:34",
    "calendarYear": "2020",
    "period": "Q2",
    "revenue": 9073000000,
    "costOfRevenue": 6294000000,
    "grossProfit": 2779000000,
    "grossProfitRatio": 0.306293398,
    "researchAndDevelopmentExpenses": 406000000,
    "generalAndAdministrativeExpenses": 906000000,
    "sellingAndMarketingExpenses": 0,
    "sellingGeneralAndAdministrativeExpenses": 906000000,
    "otherExpenses": 377000000,
    "operatingExpenses": 1689000000,
    "costAndExpenses": 7983000000,
    "interestIncome": 0,
    "interestExpense": 342000000,
    "depreciationAndAmortization": 529000000,
    "ebitda": 1799000000,
    "ebitdaratio": 0.1982806128,
    "operatingIncome": 1090000000,
    "operatingIncomeRatio": 0.1201366692,
    "totalOtherIncomeExpensesNet": -179000000,
    "incomeBeforeTax": 911000000,
    "incomeBeforeTaxRatio": 0.1004078034,
    "incomeTaxExpense": 245000000,
    "netIncome": 666000000,
    "netIncomeRatio": 0.0734046071,
    "eps": 2.13,
    "epsdiluted": 2.11,
    "weightedAverageShsOut": 313200000,
    "weightedAverageShsOutDil": 316200000,
    "link": "https://www.sec.gov/Archives/edgar/data/315189/000155837020007066/0001558370-20-007066-index.htm",
    "finalLink": "https://www.sec.gov/Archives/edgar/data/315189/000155837020007066/de-20200503x10q.htm"
  },
  {
    "date": "2020-02-02",
    "symbol": "DE",
    "reportedCurrency": "USD",
    "cik": "0000315189",
    "fillingDate": "2020-02-27",
    "acceptedDate": "2020-02-27 14:13:58",
    "calendarYear": "2020",
    "period": "Q1",
    "revenue": 7426000000,
    "costOfRevenue": 5077000000,
    "grossProfit": 2349000000,
    "grossProfitRatio": 0.3163210342,
    "researchAndDevelopmentExpenses": 425000000,
    "generalAndAdministrativeExpenses": 809000000,
    "sellingAndMarketingExpenses": 0,
    "sellingGeneralAndAdministrativeExpenses": 809000000,
    "otherExpenses": 415000000,
    "operatingExpenses": 1649000000,
    "costAndExpenses": 6726000000,
    "interestIncome": 0,
    "interestExpense": 336000000,
    "depreciationAndAmortization": 538000000,
    "ebitda": 1443000000,
    "ebitdaratio": 0.1943172637,
    "operatingIncome": 700000000,
    "operatingIncomeRatio": 0.0942633989,
    "totalOtherIncomeExpensesNet": -132000000,
    "incomeBeforeTax": 568000000,
    "incomeBeforeTaxRatio": 0.0764880151,
    "incomeTaxExpense": 50000000,
    "netIncome": 517000000,
    "netIncomeRatio": 0.0696202532,
    "eps": 1.65,
    "epsdiluted": 1.63,
    "weightedAverageShsOut": 313500000,
    "weightedAverageShsOutDil": 317200000,
    "link": "https://www.sec.gov/Archives/edgar/data/315189/000155837020001593/0001558370-20-001593-index.htm",
    "finalLink": "https://www.sec.gov/Archives/edgar/data/315189/000155837020001593/de-20200202x10qf1ac75.htm"
  },
  {
    "date": "2019-11-03",
    "symbol": "DE",
    "reportedCurrency": "USD",
    "cik": "0000315189",
    "fillingDate": "2019-12-19",
    "acceptedDate": "2019-12-19 15:37:52",
    "calendarYear": "2019",
    "period": "Q4",
    "revenue": 9660000000,
    "costOfRevenue": 6964000000,
    "grossProfit": 2696000000,
    "grossProfitRatio": 0.2790890269,
    "researchAndDevelopmentExpenses": 488000000,
    "generalAndAdministrativeExpenses": 1087000000,
    "sellingAndMarketingExpenses": -210000000,
    "sellingGeneralAndAdministrativeExpenses": 877000000,
    "otherExpenses": 354000000,
    "operatingExpenses": 1719000000,
    "costAndExpenses": 8683000000,
    "interestIncome": 0,
    "interestExpense": 388000000,
    "depreciationAndAmortization": 497000000,
    "ebitda": 1710000000,
    "ebitdaratio": 0.1770186335,
    "operatingIncome": 977000000,
    "operatingIncomeRatio": 0.1011387164,
    "totalOtherIncomeExpensesNet": -151000000,
    "incomeBeforeTax": 826000000,
    "incomeBeforeTaxRatio": 0.0855072464,
    "incomeTaxExpense": 104000000,
    "netIncome": 721000000,
    "netIncomeRatio": 0.0746376812,
    "eps": 2.3,
    "epsdiluted": 2.27,
    "weightedAverageShsOut": 313900000,
    "weightedAverageShsOutDil": 317900000,
    "link": "https://www.sec.gov/Archives/edgar/data/315189/000155837019011614/0001558370-19-011614-index.htm",
    "finalLink": "https://www.sec.gov/Archives/edgar/data/315189/000155837019011614/de-20191103x10k.htm"
  },
  {
    "date": "2019-07-28",
    "symbol": "DE",
    "reportedCurrency": "USD",
    "cik": "0000315189",
    "fillingDate": "2019-08-29",
    "acceptedDate": "2019-08-29 14:32:49",
    "calendarYear": "2019",
    "period": "Q3",
    "revenue": 9853000000,
    "costOfRevenue": 6870000000,
    "grossProfit": 2983000000,
    "grossProfitRatio": 0.3027504313,
    "researchAndDevelopmentExpenses": 431000000,
    "generalAndAdministrativeExpenses": 896000000,
    "sellingAndMarketingExpenses": 0,
    "sellingGeneralAndAdministrativeExpenses": 896000000,
    "otherExpenses": 352000000,
    "operatingExpenses": 1679000000,
    "costAndExpenses": 8549000000,
    "interestIncome": 0,
    "interestExpense": 374000000,
    "depreciationAndAmortization": 506000000,
    "ebitda": 1993000000,
    "ebitdaratio": 0.2022734193,
    "operatingIncome": 1304000000,
    "operatingIncomeRatio": 0.1323454785,
    "totalOtherIncomeExpensesNet": -184000000,
    "incomeBeforeTax": 1120000000,
    "incomeBeforeTaxRatio": 0.1136709632,
    "incomeTaxExpense": 221000000,
    "netIncome": 899000000,
    "netIncomeRatio": 0.0912412463,
    "eps": 2.84,
    "epsdiluted": 2.81,
    "weightedAverageShsOut": 315900000,
    "weightedAverageShsOutDil": 319800000,
    "link": "https://www.sec.gov/Archives/edgar/data/315189/000155837019008382/0001558370-19-008382-index.htm",
    "finalLink": "https://www.sec.gov/Archives/edgar/data/315189/000155837019008382/de-20190728x10q.htm"
  },
  {
    "date": "2019-04-28",
    "symbol": "DE",
    "reportedCurrency": "USD",
    "cik": "0000315189",
    "fillingDate": "2019-05-30",
    "acceptedDate": "2019-05-30 15:54:30",
    "calendarYear": "2019",
    "period": "Q2",
    "revenue": 11111000000,
    "costOfRevenue": 7755000000,
    "grossProfit": 3356000000,
    "grossProfitRatio": 0.3020430204,
    "researchAndDevelopmentExpenses": 457000000,
    "generalAndAdministrativeExpenses": 947000000,
    "sellingAndMarketingExpenses": 0,
    "sellingGeneralAndAdministrativeExpenses": 947000000,
    "otherExpenses": 359000000,
    "operatingExpenses": 1763000000,
    "costAndExpenses": 9518000000,
    "interestIncome": 0,
    "interestExpense": 351000000,
    "depreciationAndAmortization": 513000000,
    "ebitda": 2337000000,
    "ebitdaratio": 0.2103321033,
    "operatingIncome": 1593000000,
    "operatingIncomeRatio": 0.1433714337,
    "totalOtherIncomeExpensesNet": -114000000,
    "incomeBeforeTax": 1479000000,
    "incomeBeforeTaxRatio": 0.1331113311,
    "incomeTaxExpense": 343000000,
    "netIncome": 1135000000,
    "netIncomeRatio": 0.1021510215,
    "eps": 3.57,
    "epsdiluted": 3.52,
    "weightedAverageShsOut": 317900000,
    "weightedAverageShsOutDil": 322200000,
    "link": "https://www.sec.gov/Archives/edgar/data/315189/000155837019005380/0001558370-19-005380-index.htm",
    "finalLink": "https://www.sec.gov/Archives/edgar/data/315189/000155837019005380/de-20190428x10q.htm"
  },
  {
    "date": "2019-01-27",
    "symbol": "DE",
    "reportedCurrency": "USD",
    "cik": "0000315189",
    "fillingDate": "2019-02-28",
    "acceptedDate": "2019-02-28 12:57:59",
    "calendarYear": "2019",
    "period": "Q1",
    "revenue": 7756000000,
    "costOfRevenue": 5432000000,
    "grossProfit": 2324000000,
    "grossProfitRatio": 0.2996389892,
    "researchAndDevelopmentExpenses": 407000000,
    "generalAndAdministrativeExpenses": 764000000,
    "sellingAndMarketingExpenses": 0,
    "sellingGeneralAndAdministrativeExpenses": 764000000,
    "otherExpenses": 351000000,
    "operatingExpenses": 1522000000,
    "costAndExpenses": 6954000000,
    "interestIncome": 0,
    "interestExpense": 353000000,
    "depreciationAndAmortization": 503000000,
    "ebitda": 1533000000,
    "ebitdaratio": 0.1976534296,
    "operatingIncome": 802000000,
    "operatingIncomeRatio": 0.1034038164,
    "totalOtherIncomeExpensesNet": -118000000,
    "incomeBeforeTax": 684000000,
    "incomeBeforeTaxRatio": 0.0881897886,
    "incomeTaxExpense": 184000000,
    "netIncome": 498000000,
    "netIncomeRatio": 0.0642083548,
    "eps": 1.56,
    "epsdiluted": 1.54,
    "weightedAverageShsOut": 318500000,
    "weightedAverageShsOutDil": 322700000,
    "link": "https://www.sec.gov/Archives/edgar/data/315189/000155837019001282/0001558370-19-001282-index.htm",
    "finalLink": "https://www.sec.gov/Archives/edgar/data/315189/000155837019001282/de-20190127x10q.htm"
  },
  {
    "date": "2018-10-28",
    "symbol": "DE",
    "reportedCurrency": "USD",
    "cik": "0000315189",
    "fillingDate": "2018-12-17",
    "acceptedDate": "2018-12-17 12:00:46",
    "calendarYear": "2018",
    "period": "Q4",
    "revenue": 9186700000,
    "costOfRevenue": 6591700000,
    "grossProfit": 2595000000,
    "grossProfitRatio": 0.2824735759,
    "researchAndDevelopmentExpenses": 469900000,
    "generalAndAdministrativeExpenses": 1073500000,
    "sellingAndMarketingExpenses": -175000000,
    "sellingGeneralAndAdministrativeExpenses": 898500000,
    "otherExpenses": 154200000,
    "operatingExpenses": 1522600000,
    "costAndExpenses": 8114300000,
    "interestIncome": 0,
    "interestExpense": 322600000,
    "depreciationAndAmortization": 482300000,
    "ebitda": 1783800000,
    "ebitdaratio": 0.1941720095,
    "operatingIncome": 1072400000,
    "operatingIncomeRatio": 0.1167339741,
    "totalOtherIncomeExpensesNet": -84500000,
    "incomeBeforeTax": 987900000,
    "incomeBeforeTaxRatio": 0.1075358943,
    "incomeTaxExpense": 203500000,
    "netIncome": 784800000,
    "netIncomeRatio": 0.0854278468,
    "eps": 2.45,
    "epsdiluted": 2.42,
    "weightedAverageShsOut": 320300000,
    "weightedAverageShsOutDil": 324700000,
    "link": "https://www.sec.gov/Archives/edgar/data/315189/000104746918007694/0001047469-18-007694-index.htm",
    "finalLink": "https://www.sec.gov/Archives/edgar/data/315189/000104746918007694/a2236950z10-k.htm"
  },
  {
    "date": "2018-07-29",
    "symbol": "DE",
    "reportedCurrency": "USD",
    "cik": "0000315189",
    "fillingDate": "2018-08-30",
    "acceptedDate": "2018-08-30 14:47:13",
    "calendarYear": "2018",
    "period": "Q3",
    "revenue": 10072000000,
    "costOfRevenue": 7152000000,
    "grossProfit": 2920000000,
    "grossProfitRatio": 0.2899126291,
    "researchAndDevelopmentExpenses": 416000000,
    "generalAndAdministrativeExpenses": 913000000,
    "sellingAndMarketingExpenses": 0,
    "sellingGeneralAndAdministrativeExpenses": 913000000,
    "otherExpenses": 346000000,
    "operatingExpenses": 1675000000,
    "costAndExpenses": 8827000000,
    "interestIncome": 0,
    "interestExpense": 291000000,
    "depreciationAndAmortization": 494200000,
    "ebitda": 1975200000,
    "ebitdaratio": 0.1961080222,
    "operatingIncome": 1245000000,
    "operatingIncomeRatio": 0.1236100079,
    "totalOtherIncomeExpensesNet": -45000000,
    "incomeBeforeTax": 1200000000,
    "incomeBeforeTaxRatio": 0.1191421763,
    "incomeTaxExpense": 289000000,
    "netIncome": 910000000,
    "netIncomeRatio": 0.0903494837,
    "eps": 2.81,
    "epsdiluted": 2.78,
    "weightedAverageShsOut": 323500000,
    "weightedAverageShsOutDil": 328000000,
    "link": "https://www.sec.gov/Archives/edgar/data/315189/000155837018007303/0001558370-18-007303-index.htm",
    "finalLink": "https://www.sec.gov/Archives/edgar/data/315189/000155837018007303/de-20180729x10q.htm"
  },
  {
    "date": "2018-04-29",
    "symbol": "DE",
    "reportedCurrency": "USD",
    "cik": "0000315189",
    "fillingDate": "2018-05-31",
    "acceptedDate": "2018-05-31 13:41:42",
    "calendarYear": "2018",
    "period": "Q2",
    "revenue": 10500900000,
    "costOfRevenue": 7333300000,
    "grossProfit": 3167600000,
    "grossProfitRatio": 0.3016503347,
    "researchAndDevelopmentExpenses": 415200000,
    "generalAndAdministrativeExpenses": 939200000,
    "sellingAndMarketingExpenses": 0,
    "sellingGeneralAndAdministrativeExpenses": 939200000,
    "otherExpenses": 344900000,
    "operatingExpenses": 1699300000,
    "costAndExpenses": 9032600000,
    "interestIncome": 0,
    "interestExpense": 303700000,
    "depreciationAndAmortization": 487600000,
    "ebitda": 2175000000,
    "ebitdaratio": 0.2071251036,
    "operatingIncome": 1468300000,
    "operatingIncomeRatio": 0.1398261101,
    "totalOtherIncomeExpensesNet": -81500000,
    "incomeBeforeTax": 1386800000,
    "incomeBeforeTaxRatio": 0.1320648706,
    "incomeTaxExpense": 177100000,
    "netIncome": 1208300000,
    "netIncomeRatio": 0.1150663276,
    "eps": 3.73,
    "epsdiluted": 3.67,
    "weightedAverageShsOut": 324200000,
    "weightedAverageShsOutDil": 329200000,
    "link": "https://www.sec.gov/Archives/edgar/data/315189/000155837018005045/0001558370-18-005045-index.htm",
    "finalLink": "https://www.sec.gov/Archives/edgar/data/315189/000155837018005045/de-20180429x10q.htm"
  },
  {
    "date": "2018-01-28",
    "symbol": "DE",
    "reportedCurrency": "USD",
    "cik": "0000315189",
    "fillingDate": "2018-03-01",
    "acceptedDate": "2018-03-01 10:23:21",
    "calendarYear": "2018",
    "period": "Q1",
    "revenue": 6696800000,
    "costOfRevenue": 4704500000,
    "grossProfit": 1992300000,
    "grossProfitRatio": 0.2975002987,
    "researchAndDevelopmentExpenses": 356800000,
    "generalAndAdministrativeExpenses": 705000000,
    "sellingAndMarketingExpenses": 0,
    "sellingGeneralAndAdministrativeExpenses": 705000000,
    "otherExpenses": 343000000,
    "operatingExpenses": 1404800000,
    "costAndExpenses": 6109300000,
    "interestIncome": 0,
    "interestExpense": 286300000,
    "depreciationAndAmortization": 463200000,
    "ebitda": 1267400000,
    "ebitdaratio": 0.1892545693,
    "operatingIncome": 587500000,
    "operatingIncomeRatio": 0.0877284673,
    "totalOtherIncomeExpensesNet": -64700000,
    "incomeBeforeTax": 522800000,
    "incomeBeforeTaxRatio": 0.0780671365,
    "incomeTaxExpense": 1057500000,
    "netIncome": -535100000,
    "netIncomeRatio": -0.0799038347,
    "eps": -1.66,
    "epsdiluted": -1.66,
    "weightedAverageShsOut": 322800000,
    "weightedAverageShsOutDil": 322800000,
    "link": "https://www.sec.gov/Archives/edgar/data/315189/000155837018001362/0001558370-18-001362-index.htm",
    "finalLink": "https://www.sec.gov/Archives/edgar/data/315189/000155837018001362/de-20180128x10q.htm"
  },
  {
    "date": "2017-10-29",
    "symbol": "DE",
    "reportedCurrency": "USD",
    "cik": "0000315189",
    "fillingDate": "2017-12-18",
    "acceptedDate": "2017-12-18 11:40:12",
    "calendarYear": "2017",
    "period": "Q4",
    "revenue": 7816600000,
    "costOfRevenue": 5595000000,
    "grossProfit": 2221600000,
    "grossProfitRatio": 0.2842156436,
    "researchAndDevelopmentExpenses": 397000000,
    "generalAndAdministrativeExpenses": 840800000,
    "sellingAndMarketingExpenses": 0,
    "sellingGeneralAndAdministrativeExpenses": 840800000,
    "otherExpenses": 170500000,
    "operatingExpenses": 1408300000,
    "costAndExpenses": 7003300000,
    "interestIncome": 0,
    "interestExpense": 248200000,
    "depreciationAndAmortization": 436500000,
    "ebitda": 1451300000,
    "ebitdaratio": 0.1856689609,
    "operatingIncome": 813300000,
    "operatingIncomeRatio": 0.1040477957,
    "totalOtherIncomeExpensesNet": -80200000,
    "incomeBeforeTax": 733100000,
    "incomeBeforeTaxRatio": 0.0937875803,
    "incomeTaxExpense": 222400000,
    "netIncome": 510300000,
    "netIncomeRatio": 0.0652841389,
    "eps": 1.59,
    "epsdiluted": 1.57,
    "weightedAverageShsOut": 321600000,
    "weightedAverageShsOutDil": 325800000,
    "link": "https://www.sec.gov/Archives/edgar/data/315189/000104746917007719/0001047469-17-007719-index.htm",
    "finalLink": "https://www.sec.gov/Archives/edgar/data/315189/000104746917007719/a2233505z10-k.htm"
  },
  {
    "date": "2017-07-30",
    "symbol": "DE",
    "reportedCurrency": "USD",
    "cik": "0000315189",
    "fillingDate": "2017-08-31",
    "acceptedDate": "2017-08-31 15:04:10",
    "calendarYear": "2017",
    "period": "Q3",
    "revenue": 7521800000,
    "costOfRevenue": 5248600000,
    "grossProfit": 2273200000,
    "grossProfitRatio": 0.3022148954,
    "researchAndDevelopmentExpenses": 336800000,
    "generalAndAdministrativeExpenses": 799100000,
    "sellingAndMarketingExpenses": 0,
    "sellingGeneralAndAdministrativeExpenses": 799100000,
    "otherExpenses": 317100000,
    "operatingExpenses": 1453000000,
    "costAndExpenses": 6701600000,
    "interestIncome": 0,
    "interestExpense": 216300000,
    "depreciationAndAmortization": 435900000,
    "ebitda": 1542100000,
    "ebitdaratio": 0.205017416,
    "operatingIncome": 820200000,
    "operatingIncomeRatio": 0.1090430482,
    "totalOtherIncomeExpensesNet": 75300000,
    "incomeBeforeTax": 895500000,
    "incomeBeforeTaxRatio": 0.1190539499,
    "incomeTaxExpense": 253200000,
    "netIncome": 641800000,
    "netIncomeRatio": 0.0853253211,
    "eps": 2,
    "epsdiluted": 1.97,
    "weightedAverageShsOut": 320800000,
    "weightedAverageShsOutDil": 325100000,
    "link": "https://www.sec.gov/Archives/edgar/data/315189/000155837017006878/0001558370-17-006878-index.htm",
    "finalLink": "https://www.sec.gov/Archives/edgar/data/315189/000155837017006878/de-20170730x10q.htm"
  },
  {
    "date": "2017-04-30",
    "symbol": "DE",
    "reportedCurrency": "USD",
    "cik": "0000315189",
    "fillingDate": "2017-06-02",
    "acceptedDate": "2017-06-02 08:37:57",
    "calendarYear": "2017",
    "period": "Q2",
    "revenue": 7924800000,
    "costOfRevenue": 5427700000,
    "grossProfit": 2497100000,
    "grossProfitRatio": 0.3150994347,
    "researchAndDevelopmentExpenses": 325400000,
    "generalAndAdministrativeExpenses": 783600000,
    "sellingAndMarketingExpenses": 0,
    "sellingGeneralAndAdministrativeExpenses": 783600000,
    "otherExpenses": 354100000,
    "operatingExpenses": 1463100000,
    "costAndExpenses": 6890800000,
    "interestIncome": 0,
    "interestExpense": 226900000,
    "depreciationAndAmortization": 427400000,
    "ebitda": 1823600000,
    "ebitdaratio": 0.2301130628,
    "operatingIncome": 1034000000,
    "operatingIncomeRatio": 0.1304764789,
    "totalOtherIncomeExpensesNet": 140100000,
    "incomeBeforeTax": 1174100000,
    "incomeBeforeTaxRatio": 0.1481551585,
    "incomeTaxExpense": 365800000,
    "netIncome": 808500000,
    "netIncomeRatio": 0.1020215021,
    "eps": 2.51,
    "epsdiluted": 2.49,
    "weightedAverageShsOut": 319200000,
    "weightedAverageShsOutDil": 322500000,
    "link": "https://www.sec.gov/Archives/edgar/data/315189/000155837017004638/0001558370-17-004638-index.htm",
    "finalLink": "https://www.sec.gov/Archives/edgar/data/315189/000155837017004638/de-20170430x10q.htm"
  },
  {
    "date": "2017-01-29",
    "symbol": "DE",
    "reportedCurrency": "USD",
    "cik": "0000315189",
    "fillingDate": "2017-02-24",
    "acceptedDate": "2017-02-24 10:44:56",
    "calendarYear": "2017",
    "period": "Q1",
    "revenue": 5353300000,
    "costOfRevenue": 3781500000,
    "grossProfit": 1571800000,
    "grossProfitRatio": 0.2936132853,
    "researchAndDevelopmentExpenses": 312100000,
    "generalAndAdministrativeExpenses": 667300000,
    "sellingAndMarketingExpenses": 0,
    "sellingGeneralAndAdministrativeExpenses": 667300000,
    "otherExpenses": 328200000,
    "operatingExpenses": 1307600000,
    "costAndExpenses": 5089100000,
    "interestIncome": 0,
    "interestExpense": 208100000,
    "depreciationAndAmortization": 415700000,
    "ebitda": 951800000,
    "ebitdaratio": 0.177796873,
    "operatingIncome": 264200000,
    "operatingIncomeRatio": 0.0493527357,
    "totalOtherIncomeExpensesNet": 63400000,
    "incomeBeforeTax": 327600000,
    "incomeBeforeTaxRatio": 0.0611958979,
    "incomeTaxExpense": 129200000,
    "netIncome": 199000000,
    "netIncomeRatio": 0.0371733323,
    "eps": 0.61,
    "epsdiluted": 0.61,
    "weightedAverageShsOut": 316700000,
    "weightedAverageShsOutDil": 319800000,
    "link": "https://www.sec.gov/Archives/edgar/data/315189/000155837017000952/0001558370-17-000952-index.htm",
    "finalLink": "https://www.sec.gov/Archives/edgar/data/315189/000155837017000952/de-20170129x10q.htm"
  },
  {
    "date": "2016-10-31",
    "symbol": "DE",
    "reportedCurrency": "USD",
    "cik": "0000315189",
    "fillingDate": "2016-12-19",
    "acceptedDate": "2016-12-19 10:46:49",
    "calendarYear": "2016",
    "period": "Q4",
    "revenue": 6312400000,
    "costOfRevenue": 4545600000,
    "grossProfit": 1766800000,
    "grossProfitRatio": 0.2798935429,
    "researchAndDevelopmentExpenses": 386000000,
    "generalAndAdministrativeExpenses": 746900000,
    "sellingAndMarketingExpenses": 0,
    "sellingGeneralAndAdministrativeExpenses": 746900000,
    "otherExpenses": 208300000,
    "operatingExpenses": 1341200000,
    "costAndExpenses": 5886800000,
    "interestIncome": 0,
    "interestExpense": 198800000,
    "depreciationAndAmortization": 401400000,
    "ebitda": 1034600000,
    "ebitdaratio": 0.1638996261,
    "operatingIncome": 425600000,
    "operatingIncomeRatio": 0.0674228503,
    "totalOtherIncomeExpensesNet": -900000,
    "incomeBeforeTax": 424700000,
    "incomeBeforeTaxRatio": 0.0672802737,
    "incomeTaxExpense": 140200000,
    "netIncome": 285300000,
    "netIncomeRatio": 0.0451967556,
    "eps": 0.91,
    "epsdiluted": 0.9,
    "weightedAverageShsOut": 314600000,
    "weightedAverageShsOutDil": 316200000,
    "link": "https://www.sec.gov/Archives/edgar/data/315189/000104746916017244/0001047469-16-017244-index.htm",
    "finalLink": "https://www.sec.gov/Archives/edgar/data/315189/000104746916017244/a2230400z10-k.htm"
  },
  {
    "date": "2016-07-31",
    "symbol": "DE",
    "reportedCurrency": "USD",
    "cik": "0000315189",
    "fillingDate": "2016-09-01",
    "acceptedDate": "2016-09-01 14:06:26",
    "calendarYear": "2016",
    "period": "Q3",
    "revenue": 6499900000,
    "costOfRevenue": 4494200000,
    "grossProfit": 2005700000,
    "grossProfitRatio": 0.3085739781,
    "researchAndDevelopmentExpenses": 338800000,
    "generalAndAdministrativeExpenses": 709000000,
    "sellingAndMarketingExpenses": 0,
    "sellingGeneralAndAdministrativeExpenses": 709000000,
    "otherExpenses": 276600000,
    "operatingExpenses": 1324400000,
    "costAndExpenses": 5818600000,
    "interestIncome": 0,
    "interestExpense": 200700000,
    "depreciationAndAmortization": 396600000,
    "ebitda": 1302400000,
    "ebitdaratio": 0.2003723134,
    "operatingIncome": 681300000,
    "operatingIncomeRatio": 0.1048169972,
    "totalOtherIncomeExpensesNet": 33800000,
    "incomeBeforeTax": 715100000,
    "incomeBeforeTaxRatio": 0.1100170772,
    "incomeTaxExpense": 226500000,
    "netIncome": 488800000,
    "netIncomeRatio": 0.0752011569,
    "eps": 1.55,
    "epsdiluted": 1.55,
    "weightedAverageShsOut": 314300000,
    "weightedAverageShsOutDil": 315700000,
    "link": "https://www.sec.gov/Archives/edgar/data/315189/000155837016008153/0001558370-16-008153-index.htm",
    "finalLink": "https://www.sec.gov/Archives/edgar/data/315189/000155837016008153/de-20160731x10q.htm"
  },
  {
    "date": "2016-04-30",
    "symbol": "DE",
    "reportedCurrency": "USD",
    "cik": "0000315189",
    "fillingDate": "2016-05-26",
    "acceptedDate": "2016-05-26 14:51:02",
    "calendarYear": "2016",
    "period": "Q2",
    "revenue": 7718000000,
    "costOfRevenue": 5531000000,
    "grossProfit": 2187000000,
    "grossProfitRatio": 0.2833635657,
    "researchAndDevelopmentExpenses": 345000000,
    "generalAndAdministrativeExpenses": 714800000,
    "sellingAndMarketingExpenses": 0,
    "sellingGeneralAndAdministrativeExpenses": 714800000,
    "otherExpenses": 360300000,
    "operatingExpenses": 1420100000,
    "costAndExpenses": 6951100000,
    "interestIncome": 0,
    "interestExpense": 191000000,
    "depreciationAndAmortization": 387600000,
    "ebitda": 1311900000,
    "ebitdaratio": 0.1699792692,
    "operatingIncome": 766900000,
    "operatingIncomeRatio": 0.0993651205,
    "totalOtherIncomeExpensesNet": -34400000,
    "incomeBeforeTax": 732500000,
    "incomeBeforeTaxRatio": 0.0949080073,
    "incomeTaxExpense": 237800000,
    "netIncome": 495400000,
    "netIncomeRatio": 0.0641876134,
    "eps": 1.57,
    "epsdiluted": 1.56,
    "weightedAverageShsOut": 315100000,
    "weightedAverageShsOutDil": 316500000,
    "link": "https://www.sec.gov/Archives/edgar/data/315189/000155837016006167/0001558370-16-006167-index.htm",
    "finalLink": "https://www.sec.gov/Archives/edgar/data/315189/000155837016006167/de-20160430x10q.htm"
  },
  {
    "date": "2016-01-31",
    "symbol": "DE",
    "reportedCurrency": "USD",
    "cik": "0000315189",
    "fillingDate": "2016-02-25",
    "acceptedDate": "2016-02-25 15:41:35",
    "calendarYear": "2016",
    "period": "Q1",
    "revenue": 5368200000,
    "costOfRevenue": 3840100000,
    "grossProfit": 1528100000,
    "grossProfitRatio": 0.2846577996,
    "researchAndDevelopmentExpenses": 319300000,
    "generalAndAdministrativeExpenses": 592900000,
    "sellingAndMarketingExpenses": 0,
    "sellingGeneralAndAdministrativeExpenses": 592900000,
    "otherExpenses": 247800000,
    "operatingExpenses": 1160000000,
    "costAndExpenses": 5000100000,
    "interestIncome": 0,
    "interestExpense": 173200000,
    "depreciationAndAmortization": 374200000,
    "ebitda": 898600000,
    "ebitdaratio": 0.1673931672,
    "operatingIncome": 368100000,
    "operatingIncomeRatio": 0.0685704705,
    "totalOtherIncomeExpensesNet": -18800000,
    "incomeBeforeTax": 349300000,
    "incomeBeforeTaxRatio": 0.0650683656,
    "incomeTaxExpense": 95500000,
    "netIncome": 254400000,
    "netIncomeRatio": 0.0473901867,
    "eps": 0.8,
    "epsdiluted": 0.8,
    "weightedAverageShsOut": 316400000,
    "weightedAverageShsOutDil": 317600000,
    "link": "https://www.sec.gov/Archives/edgar/data/315189/000155837016003529/0001558370-16-003529-index.htm",
    "finalLink": "https://www.sec.gov/Archives/edgar/data/315189/000155837016003529/de-20160131x10q.htm"
  },
  {
    "date": "2015-10-31",
    "symbol": "DE",
    "reportedCurrency": "USD",
    "cik": "0000315189",
    "fillingDate": "2015-12-18",
    "acceptedDate": "2015-12-18 13:02:26",
    "calendarYear": "2015",
    "period": "Q4",
    "revenue": 6546500000,
    "costOfRevenue": 4830400000,
    "grossProfit": 1716100000,
    "grossProfitRatio": 0.2621400748,
    "researchAndDevelopmentExpenses": 404000000,
    "generalAndAdministrativeExpenses": 719100000,
    "sellingAndMarketingExpenses": 0,
    "sellingGeneralAndAdministrativeExpenses": 719100000,
    "otherExpenses": 141900000,
    "operatingExpenses": 1265000000,
    "costAndExpenses": 6095400000,
    "interestIncome": 0,
    "interestExpense": 162900000,
    "depreciationAndAmortization": 353200000,
    "ebitda": 973000000,
    "ebitdaratio": 0.1486290384,
    "operatingIncome": 451100000,
    "operatingIncomeRatio": 0.0689070496,
    "totalOtherIncomeExpensesNet": 4900000,
    "incomeBeforeTax": 456000000,
    "incomeBeforeTaxRatio": 0.0696555411,
    "incomeTaxExpense": 104500000,
    "netIncome": 351200000,
    "netIncomeRatio": 0.0536469869,
    "eps": 1.09,
    "epsdiluted": 1.08,
    "weightedAverageShsOut": 323000000,
    "weightedAverageShsOutDil": 324600000,
    "link": "https://www.sec.gov/Archives/edgar/data/315189/000104746915009300/0001047469-15-009300-index.htm",
    "finalLink": "https://www.sec.gov/Archives/edgar/data/315189/000104746915009300/a2226814z10-k.htm"
  },
  {
    "date": "2015-07-31",
    "symbol": "DE",
    "reportedCurrency": "USD",
    "cik": "0000315189",
    "fillingDate": "2015-08-27",
    "acceptedDate": "2015-08-27 09:31:07",
    "calendarYear": "2015",
    "period": "Q3",
    "revenue": 7436200000,
    "costOfRevenue": 5358000000,
    "grossProfit": 2078200000,
    "grossProfitRatio": 0.2794706974,
    "researchAndDevelopmentExpenses": 346800000,
    "generalAndAdministrativeExpenses": 755300000,
    "sellingAndMarketingExpenses": 0,
    "sellingGeneralAndAdministrativeExpenses": 755300000,
    "otherExpenses": 223600000,
    "operatingExpenses": 1325700000,
    "costAndExpenses": 6683700000,
    "interestIncome": 0,
    "interestExpense": 171500000,
    "depreciationAndAmortization": 346300000,
    "ebitda": 1256300000,
    "ebitdaratio": 0.1689438154,
    "operatingIncome": 752500000,
    "operatingIncomeRatio": 0.1011941583,
    "totalOtherIncomeExpensesNet": 200000,
    "incomeBeforeTax": 752700000,
    "incomeBeforeTaxRatio": 0.1012210538,
    "incomeTaxExpense": 241000000,
    "netIncome": 511600000,
    "netIncomeRatio": 0.0687985799,
    "eps": 1.54,
    "epsdiluted": 1.53,
    "weightedAverageShsOut": 331400000,
    "weightedAverageShsOutDil": 334100000,
    "link": "https://www.sec.gov/Archives/edgar/data/315189/000155837015001712/0001558370-15-001712-index.htm",
    "finalLink": "https://www.sec.gov/Archives/edgar/data/315189/000155837015001712/de-20150731x10q.htm"
  },
  {
    "date": "2015-04-30",
    "symbol": "DE",
    "reportedCurrency": "USD",
    "cik": "0000315189",
    "fillingDate": "2015-05-28",
    "acceptedDate": "2015-05-28 09:21:55",
    "calendarYear": "2015",
    "period": "Q2",
    "revenue": 7974800000,
    "costOfRevenue": 5694200000,
    "grossProfit": 2280600000,
    "grossProfitRatio": 0.2859758238,
    "researchAndDevelopmentExpenses": 341100000,
    "generalAndAdministrativeExpenses": 740000000,
    "sellingAndMarketingExpenses": 0,
    "sellingGeneralAndAdministrativeExpenses": 740000000,
    "otherExpenses": 212900000,
    "operatingExpenses": 1294000000,
    "costAndExpenses": 6988200000,
    "interestIncome": 0,
    "interestExpense": 165500000,
    "depreciationAndAmortization": 340000000,
    "ebitda": 1522500000,
    "ebitdaratio": 0.1909138787,
    "operatingIncome": 986600000,
    "operatingIncomeRatio": 0.1237147013,
    "totalOtherIncomeExpensesNet": 28200000,
    "incomeBeforeTax": 1014800000,
    "incomeBeforeTaxRatio": 0.1272508401,
    "incomeTaxExpense": 324000000,
    "netIncome": 690500000,
    "netIncomeRatio": 0.0865852435,
    "eps": 2.05,
    "epsdiluted": 2.03,
    "weightedAverageShsOut": 337100000,
    "weightedAverageShsOutDil": 339700000,
    "link": "https://www.sec.gov/Archives/edgar/data/315189/000110465915041408/0001104659-15-041408-index.htm",
    "finalLink": "https://www.sec.gov/Archives/edgar/data/315189/000110465915041408/a15-6155_110q.htm"
  },
  {
    "date": "2015-01-31",
    "symbol": "DE",
    "reportedCurrency": "USD",
    "cik": "0000315189",
    "fillingDate": "2015-02-26",
    "acceptedDate": "2015-02-26 10:01:51",
    "calendarYear": "2015",
    "period": "Q1",
    "revenue": 6198700000,
    "costOfRevenue": 4420600000,
    "grossProfit": 1778100000,
    "grossProfitRatio": 0.2868504686,
    "researchAndDevelopmentExpenses": 333200000,
    "generalAndAdministrativeExpenses": 659000000,
    "sellingAndMarketingExpenses": 0,
    "sellingGeneralAndAdministrativeExpenses": 659000000,
    "otherExpenses": 222600000,
    "operatingExpenses": 1214800000,
    "costAndExpenses": 5635400000,
    "interestIncome": 0,
    "interestExpense": 180100000,
    "depreciationAndAmortization": 342900000,
    "ebitda": 1090600000,
    "ebitdaratio": 0.1759401165,
    "operatingIncome": 563300000,
    "operatingIncomeRatio": 0.0908738929,
    "totalOtherIncomeExpensesNet": -5900000,
    "incomeBeforeTax": 557400000,
    "incomeBeforeTaxRatio": 0.0899220804,
    "incomeTaxExpense": 170500000,
    "netIncome": 386800000,
    "netIncomeRatio": 0.0624001807,
    "eps": 1.13,
    "epsdiluted": 1.12,
    "weightedAverageShsOut": 343100000,
    "weightedAverageShsOutDil": 345700000,
    "link": "https://www.sec.gov/Archives/edgar/data/315189/000110465915014162/0001104659-15-014162-index.htm",
    "finalLink": "https://www.sec.gov/Archives/edgar/data/315189/000110465915014162/a14-24632_110q.htm"
  },
  {
    "date": "2014-10-31",
    "symbol": "DE",
    "reportedCurrency": "USD",
    "cik": "0000315189",
    "fillingDate": "2014-12-19",
    "acceptedDate": "2014-12-19 10:46:48",
    "calendarYear": "2014",
    "period": "Q4",
    "revenue": 8675900000,
    "costOfRevenue": 6248100000,
    "grossProfit": 2427800000,
    "grossProfitRatio": 0.2798326398,
    "researchAndDevelopmentExpenses": 412100000,
    "generalAndAdministrativeExpenses": 851400000,
    "sellingAndMarketingExpenses": 0,
    "sellingGeneralAndAdministrativeExpenses": 851400000,
    "otherExpenses": 203900000,
    "operatingExpenses": 1467400000,
    "costAndExpenses": 7715500000,
    "interestIncome": 0,
    "interestExpense": 172500000,
    "depreciationAndAmortization": 349100000,
    "ebitda": 1598100000,
    "ebitdaratio": 0.1841999101,
    "operatingIncome": 960400000,
    "operatingIncomeRatio": 0.1106974493,
    "totalOtherIncomeExpensesNet": 106300000,
    "incomeBeforeTax": 1066700000,
    "incomeBeforeTaxRatio": 0.1229497804,
    "incomeTaxExpense": 416900000,
    "netIncome": 649200000,
    "netIncomeRatio": 0.0748279717,
    "eps": 1.84,
    "epsdiluted": 1.83,
    "weightedAverageShsOut": 352300000,
    "weightedAverageShsOutDil": 354800000,
    "link": "https://www.sec.gov/Archives/edgar/data/315189/000110465914087794/0001104659-14-087794-index.htm",
    "finalLink": "https://www.sec.gov/Archives/edgar/data/315189/000110465914087794/a14-20671_110k.htm"
  },
  {
    "date": "2014-07-31",
    "symbol": "DE",
    "reportedCurrency": "USD",
    "cik": "0000315189",
    "fillingDate": "2014-08-28",
    "acceptedDate": "2014-08-28 13:10:16",
    "calendarYear": "2014",
    "period": "Q3",
    "revenue": 9296500000,
    "costOfRevenue": 6611300000,
    "grossProfit": 2685200000,
    "grossProfitRatio": 0.288839886,
    "researchAndDevelopmentExpenses": 362100000,
    "generalAndAdministrativeExpenses": 820700000,
    "sellingAndMarketingExpenses": 0,
    "sellingGeneralAndAdministrativeExpenses": 820700000,
    "otherExpenses": 260000000,
    "operatingExpenses": 1442800000,
    "costAndExpenses": 8054100000,
    "interestIncome": 0,
    "interestExpense": 153900000,
    "depreciationAndAmortization": 327100000,
    "ebitda": 1773200000,
    "ebitdaratio": 0.19073845,
    "operatingIncome": 1242400000,
    "operatingIncomeRatio": 0.1336416931,
    "totalOtherIncomeExpensesNet": 58700000,
    "incomeBeforeTax": 1301100000,
    "incomeBeforeTaxRatio": 0.1399558974,
    "incomeTaxExpense": 450200000,
    "netIncome": 850700000,
    "netIncomeRatio": 0.0915075566,
    "eps": 2.35,
    "epsdiluted": 2.33,
    "weightedAverageShsOut": 361900000,
    "weightedAverageShsOutDil": 365100000,
    "link": "https://www.sec.gov/Archives/edgar/data/315189/000110465914063631/0001104659-14-063631-index.htm",
    "finalLink": "https://www.sec.gov/Archives/edgar/data/315189/000110465914063631/a14-15078_110q.htm"
  },
  {
    "date": "2014-04-30",
    "symbol": "DE",
    "reportedCurrency": "USD",
    "cik": "0000315189",
    "fillingDate": "2014-05-29",
    "acceptedDate": "2014-05-29 14:22:20",
    "calendarYear": "2014",
    "period": "Q2",
    "revenue": 9790300000,
    "costOfRevenue": 6871800000,
    "grossProfit": 2918500000,
    "grossProfitRatio": 0.2981011818,
    "researchAndDevelopmentExpenses": 354100000,
    "generalAndAdministrativeExpenses": 846500000,
    "sellingAndMarketingExpenses": 0,
    "sellingGeneralAndAdministrativeExpenses": 846500000,
    "otherExpenses": 245900000,
    "operatingExpenses": 1446500000,
    "costAndExpenses": 8318300000,
    "interestIncome": 0,
    "interestExpense": 165800000,
    "depreciationAndAmortization": 287200000,
    "ebitda": 1916800000,
    "ebitdaratio": 0.1957856245,
    "operatingIncome": 1472000000,
    "operatingIncomeRatio": 0.1503529003,
    "totalOtherIncomeExpensesNet": -11800000,
    "incomeBeforeTax": 1460200000,
    "incomeBeforeTaxRatio": 0.1491476257,
    "incomeTaxExpense": 479000000,
    "netIncome": 980700000,
    "netIncomeRatio": 0.100170577,
    "eps": 2.67,
    "epsdiluted": 2.65,
    "weightedAverageShsOut": 366600000,
    "weightedAverageShsOutDil": 369800000,
    "link": "https://www.sec.gov/Archives/edgar/data/315189/000110465914042322/0001104659-14-042322-index.htm",
    "finalLink": "https://www.sec.gov/Archives/edgar/data/315189/000110465914042322/a14-7721_110q.htm"
  },
  {
    "date": "2014-01-31",
    "symbol": "DE",
    "reportedCurrency": "USD",
    "cik": "0000315189",
    "fillingDate": "2014-02-27",
    "acceptedDate": "2014-02-27 11:25:04",
    "calendarYear": "2014",
    "period": "Q1",
    "revenue": 7480000000,
    "costOfRevenue": 5195500000,
    "grossProfit": 2284500000,
    "grossProfitRatio": 0.3054144385,
    "researchAndDevelopmentExpenses": 323700000,
    "generalAndAdministrativeExpenses": 765900000,
    "sellingAndMarketingExpenses": 0,
    "sellingGeneralAndAdministrativeExpenses": 765900000,
    "otherExpenses": 232300000,
    "operatingExpenses": 1321900000,
    "costAndExpenses": 6517400000,
    "interestIncome": 0,
    "interestExpense": 171700000,
    "depreciationAndAmortization": 343100000,
    "ebitda": 1479700000,
    "ebitdaratio": 0.1978208556,
    "operatingIncome": 962600000,
    "operatingIncomeRatio": 0.1286898396,
    "totalOtherIncomeExpensesNet": -800000,
    "incomeBeforeTax": 961800000,
    "incomeBeforeTaxRatio": 0.1285828877,
    "incomeTaxExpense": 280500000,
    "netIncome": 681100000,
    "netIncomeRatio": 0.0910561497,
    "eps": 1.83,
    "epsdiluted": 1.81,
    "weightedAverageShsOut": 371900000,
    "weightedAverageShsOutDil": 375400000,
    "link": "https://www.sec.gov/Archives/edgar/data/315189/000110465914014013/0001104659-14-014013-index.htm",
    "finalLink": "https://www.sec.gov/Archives/edgar/data/315189/000110465914014013/a13-23904_110q.htm"
  },
  {
    "date": "2013-10-31",
    "symbol": "DE",
    "reportedCurrency": "USD",
    "cik": "0000315189",
    "fillingDate": "2013-12-16",
    "acceptedDate": "2013-12-16 12:34:48",
    "calendarYear": "2013",
    "period": "Q4",
    "revenue": 9195500000,
    "costOfRevenue": 6475400000,
    "grossProfit": 2720100000,
    "grossProfitRatio": 0.295807732,
    "researchAndDevelopmentExpenses": 405200000,
    "generalAndAdministrativeExpenses": 947800000,
    "sellingAndMarketingExpenses": 0,
    "sellingGeneralAndAdministrativeExpenses": 947800000,
    "otherExpenses": 190700000,
    "operatingExpenses": 1543700000,
    "costAndExpenses": 8019100000,
    "interestIncome": 0,
    "interestExpense": 187600000,
    "depreciationAndAmortization": 299100000,
    "ebitda": 1730900000,
    "ebitdaratio": 0.188233375,
    "operatingIncome": 1176400000,
    "operatingIncomeRatio": 0.1279321407,
    "totalOtherIncomeExpensesNet": 67700000,
    "incomeBeforeTax": 1244100000,
    "incomeBeforeTaxRatio": 0.1352944375,
    "incomeTaxExpense": 437100000,
    "netIncome": 806800000,
    "netIncomeRatio": 0.0877385678,
    "eps": 2.13,
    "epsdiluted": 2.11,
    "weightedAverageShsOut": 378800000,
    "weightedAverageShsOutDil": 382200000,
    "link": "https://www.sec.gov/Archives/edgar/data/315189/000110465913090354/0001104659-13-090354-index.htm",
    "finalLink": "https://www.sec.gov/Archives/edgar/data/315189/000110465913090354/a13-17985_110k.htm"
  },
  {
    "date": "2013-07-31",
    "symbol": "DE",
    "reportedCurrency": "USD",
    "cik": "0000315189",
    "fillingDate": "2013-08-29",
    "acceptedDate": "2013-08-29 12:56:43",
    "calendarYear": "2013",
    "period": "Q3",
    "revenue": 9846500000,
    "costOfRevenue": 6837900000,
    "grossProfit": 3008600000,
    "grossProfitRatio": 0.3055501955,
    "researchAndDevelopmentExpenses": 338700000,
    "generalAndAdministrativeExpenses": 919800000,
    "sellingAndMarketingExpenses": 0,
    "sellingGeneralAndAdministrativeExpenses": 919800000,
    "otherExpenses": 181600000,
    "operatingExpenses": 1440100000,
    "costAndExpenses": 8278000000,
    "interestIncome": 0,
    "interestExpense": 182600000,
    "depreciationAndAmortization": 286800000,
    "ebitda": 2018700000,
    "ebitdaratio": 0.2050170111,
    "operatingIncome": 1568500000,
    "operatingIncomeRatio": 0.159295181,
    "totalOtherIncomeExpensesNet": -18400000,
    "incomeBeforeTax": 1550100000,
    "incomeBeforeTaxRatio": 0.1574264967,
    "incomeTaxExpense": 553500000,
    "netIncome": 996500000,
    "netIncomeRatio": 0.1012034733,
    "eps": 2.58,
    "epsdiluted": 2.56,
    "weightedAverageShsOut": 386000000,
    "weightedAverageShsOutDil": 389600000,
    "link": "https://www.sec.gov/Archives/edgar/data/315189/000110465913066988/0001104659-13-066988-index.htm",
    "finalLink": "https://www.sec.gov/Archives/edgar/data/315189/000110465913066988/a13-14192_110q.htm"
  },
  {
    "date": "2013-04-30",
    "symbol": "DE",
    "reportedCurrency": "USD",
    "cik": "0000315189",
    "fillingDate": "2013-05-30",
    "acceptedDate": "2013-05-30 12:23:10",
    "calendarYear": "2013",
    "period": "Q2",
    "revenue": 10777200000,
    "costOfRevenue": 7482200000,
    "grossProfit": 3295000000,
    "grossProfitRatio": 0.3057380396,
    "researchAndDevelopmentExpenses": 376800000,
    "generalAndAdministrativeExpenses": 956300000,
    "sellingAndMarketingExpenses": 0,
    "sellingGeneralAndAdministrativeExpenses": 956300000,
    "otherExpenses": 163400000,
    "operatingExpenses": 1496500000,
    "costAndExpenses": 8978700000,
    "interestIncome": 0,
    "interestExpense": 191000000,
    "depreciationAndAmortization": 277300000,
    "ebitda": 2212100000,
    "ebitdaratio": 0.2052573952,
    "operatingIncome": 1798500000,
    "operatingIncomeRatio": 0.1668800802,
    "totalOtherIncomeExpensesNet": -47800000,
    "incomeBeforeTax": 1750700000,
    "incomeBeforeTaxRatio": 0.1624447909,
    "incomeTaxExpense": 666400000,
    "netIncome": 1084200000,
    "netIncomeRatio": 0.1006012693,
    "eps": 2.79,
    "epsdiluted": 2.76,
    "weightedAverageShsOut": 389200000,
    "weightedAverageShsOutDil": 393100000,
    "link": "https://www.sec.gov/Archives/edgar/data/315189/000110465913045612/0001104659-13-045612-index.htm",
    "finalLink": "https://www.sec.gov/Archives/edgar/data/315189/000110465913045612/a13-6570_110q.htm"
  },
  {
    "date": "2013-01-31",
    "symbol": "DE",
    "reportedCurrency": "USD",
    "cik": "0000315189",
    "fillingDate": "2013-02-28",
    "acceptedDate": "2013-02-28 13:53:37",
    "calendarYear": "2013",
    "period": "Q1",
    "revenue": 7293800000,
    "costOfRevenue": 5014800000,
    "grossProfit": 2279000000,
    "grossProfitRatio": 0.3124571554,
    "researchAndDevelopmentExpenses": 356500000,
    "generalAndAdministrativeExpenses": 781500000,
    "sellingAndMarketingExpenses": 0,
    "sellingGeneralAndAdministrativeExpenses": 781500000,
    "otherExpenses": 142400000,
    "operatingExpenses": 1280400000,
    "costAndExpenses": 6295200000,
    "interestIncome": 0,
    "interestExpense": 180100000,
    "depreciationAndAmortization": 277100000,
    "ebitda": 1403300000,
    "ebitdaratio": 0.1923962818,
    "operatingIncome": 998600000,
    "operatingIncomeRatio": 0.136910801,
    "totalOtherIncomeExpensesNet": -60000000,
    "incomeBeforeTax": 938600000,
    "incomeBeforeTaxRatio": 0.1286846363,
    "incomeTaxExpense": 289000000,
    "netIncome": 649700000,
    "netIncomeRatio": 0.0890756533,
    "eps": 1.67,
    "epsdiluted": 1.65,
    "weightedAverageShsOut": 388400000,
    "weightedAverageShsOutDil": 393000000,
    "link": "https://www.sec.gov/Archives/edgar/data/315189/000110465913015827/0001104659-13-015827-index.htm",
    "finalLink": "https://www.sec.gov/Archives/edgar/data/315189/000110465913015827/a12-29126_110q.htm"
  },
  {
    "date": "2012-10-31",
    "symbol": "DE",
    "reportedCurrency": "USD",
    "cik": "0000315189",
    "fillingDate": "2012-12-17",
    "acceptedDate": "2012-12-17 11:17:35",
    "calendarYear": "2012",
    "period": "Q4",
    "revenue": 9576100000,
    "costOfRevenue": 6963400000,
    "grossProfit": 2612700000,
    "grossProfitRatio": 0.2728354967,
    "researchAndDevelopmentExpenses": 401300000,
    "generalAndAdministrativeExpenses": 948200000,
    "sellingAndMarketingExpenses": 0,
    "sellingGeneralAndAdministrativeExpenses": 948200000,
    "otherExpenses": 156800000,
    "operatingExpenses": 1506300000,
    "costAndExpenses": 8469700000,
    "interestIncome": 0,
    "interestExpense": 200000000,
    "depreciationAndAmortization": 261500000,
    "ebitda": 1583900000,
    "ebitdaratio": 0.1654013638,
    "operatingIncome": 1106400000,
    "operatingIncomeRatio": 0.1155376406,
    "totalOtherIncomeExpensesNet": 7800000,
    "incomeBeforeTax": 1114200000,
    "incomeBeforeTaxRatio": 0.1163521684,
    "incomeTaxExpense": 425300000,
    "netIncome": 687600000,
    "netIncomeRatio": 0.0718037614,
    "eps": 1.76,
    "epsdiluted": 1.75,
    "weightedAverageShsOut": 389500000,
    "weightedAverageShsOutDil": 393900000,
    "link": "https://www.sec.gov/Archives/edgar/data/315189/000110465912084558/0001104659-12-084558-index.htm",
    "finalLink": "https://www.sec.gov/Archives/edgar/data/315189/000110465912084558/a12-16222_110k.htm"
  },
  {
    "date": "2012-07-31",
    "symbol": "DE",
    "reportedCurrency": "USD",
    "cik": "0000315189",
    "fillingDate": "2012-08-30",
    "acceptedDate": "2012-08-30 13:57:29",
    "calendarYear": "2012",
    "period": "Q3",
    "revenue": 9423500000,
    "costOfRevenue": 6756000000,
    "grossProfit": 2667500000,
    "grossProfitRatio": 0.2830689234,
    "researchAndDevelopmentExpenses": 367800000,
    "generalAndAdministrativeExpenses": 878400000,
    "sellingAndMarketingExpenses": 0,
    "sellingGeneralAndAdministrativeExpenses": 878400000,
    "otherExpenses": 178600000,
    "operatingExpenses": 1424800000,
    "costAndExpenses": 8180800000,
    "interestIncome": 0,
    "interestExpense": 194900000,
    "depreciationAndAmortization": 244000000,
    "ebitda": 1653600000,
    "ebitdaratio": 0.1754762031,
    "operatingIncome": 1242700000,
    "operatingIncomeRatio": 0.1318724465,
    "totalOtherIncomeExpensesNet": -25700000,
    "incomeBeforeTax": 1217000000,
    "incomeBeforeTaxRatio": 0.1291452221,
    "incomeTaxExpense": 426800000,
    "netIncome": 788000000,
    "netIncomeRatio": 0.0836207354,
    "eps": 2,
    "epsdiluted": 1.98,
    "weightedAverageShsOut": 394700000,
    "weightedAverageShsOutDil": 398800000,
    "link": "https://www.sec.gov/Archives/edgar/data/315189/000110465912060912/0001104659-12-060912-index.htm",
    "finalLink": "https://www.sec.gov/Archives/edgar/data/315189/000110465912060912/a12-15205_110q.htm"
  },
  {
    "date": "2012-04-30",
    "symbol": "DE",
    "reportedCurrency": "USD",
    "cik": "0000315189",
    "fillingDate": "2012-05-31",
    "acceptedDate": "2012-05-31 14:11:07",
    "calendarYear": "2012",
    "period": "Q2",
    "revenue": 9888500000,
    "costOfRevenue": 6834500000,
    "grossProfit": 3054000000,
    "grossProfitRatio": 0.3088436062,
    "researchAndDevelopmentExpenses": 352000000,
    "generalAndAdministrativeExpenses": 881400000,
    "sellingAndMarketingExpenses": 0,
    "sellingGeneralAndAdministrativeExpenses": 881400000,
    "otherExpenses": 148000000,
    "operatingExpenses": 1381400000,
    "costAndExpenses": 8215900000,
    "interestIncome": 0,
    "interestExpense": 195700000,
    "depreciationAndAmortization": 255400000,
    "ebitda": 2048100000,
    "ebitdaratio": 0.2071193811,
    "operatingIncome": 1672600000,
    "operatingIncomeRatio": 0.1691459777,
    "totalOtherIncomeExpensesNet": -73200000,
    "incomeBeforeTax": 1599400000,
    "incomeBeforeTaxRatio": 0.1617434393,
    "incomeTaxExpense": 541300000,
    "netIncome": 1056200000,
    "netIncomeRatio": 0.106810942,
    "eps": 2.64,
    "epsdiluted": 2.61,
    "weightedAverageShsOut": 400200000,
    "weightedAverageShsOutDil": 404700000,
    "link": "https://www.sec.gov/Archives/edgar/data/315189/000110465912040962/0001104659-12-040962-index.htm",
    "finalLink": "https://www.sec.gov/Archives/edgar/data/315189/000110465912040962/a12-7479_110q.htm"
  },
  {
    "date": "2012-01-31",
    "symbol": "DE",
    "reportedCurrency": "USD",
    "cik": "0000315189",
    "fillingDate": "2012-03-01",
    "acceptedDate": "2012-03-01 15:18:09",
    "calendarYear": "2012",
    "period": "Q1",
    "revenue": 6594100000,
    "costOfRevenue": 4576000000,
    "grossProfit": 2018100000,
    "grossProfitRatio": 0.3060463141,
    "researchAndDevelopmentExpenses": 312500000,
    "generalAndAdministrativeExpenses": 709000000,
    "sellingAndMarketingExpenses": 0,
    "sellingGeneralAndAdministrativeExpenses": 709000000,
    "otherExpenses": 176600000,
    "operatingExpenses": 1198100000,
    "costAndExpenses": 5774100000,
    "interestIncome": 0,
    "interestExpense": 192100000,
    "depreciationAndAmortization": 243300000,
    "ebitda": 1235700000,
    "ebitdaratio": 0.1873947923,
    "operatingIncome": 820000000,
    "operatingIncomeRatio": 0.1243535888,
    "totalOtherIncomeExpensesNet": -19400000,
    "incomeBeforeTax": 800600000,
    "incomeBeforeTaxRatio": 0.1214115649,
    "incomeTaxExpense": 266200000,
    "netIncome": 532900000,
    "netIncomeRatio": 0.0808146677,
    "eps": 1.32,
    "epsdiluted": 1.3,
    "weightedAverageShsOut": 404000000,
    "weightedAverageShsOutDil": 408400000,
    "link": "https://www.sec.gov/Archives/edgar/data/315189/000110465912014959/0001104659-12-014959-index.htm",
    "finalLink": "https://www.sec.gov/Archives/edgar/data/315189/000110465912014959/a11-29427_110q.htm"
  },
  {
    "date": "2011-10-31",
    "symbol": "DE",
    "reportedCurrency": "USD",
    "cik": "0000315189",
    "fillingDate": "2011-12-19",
    "acceptedDate": "2011-12-19 10:24:03",
    "calendarYear": "2011",
    "period": "Q4",
    "revenue": 8405000000,
    "costOfRevenue": 6041200000,
    "grossProfit": 2363800000,
    "grossProfitRatio": 0.2812373587,
    "researchAndDevelopmentExpenses": 346900000,
    "generalAndAdministrativeExpenses": 859700000,
    "sellingAndMarketingExpenses": 0,
    "sellingGeneralAndAdministrativeExpenses": 859700000,
    "otherExpenses": 126700000,
    "operatingExpenses": 1333300000,
    "costAndExpenses": 7374500000,
    "interestIncome": 0,
    "interestExpense": 180300000,
    "depreciationAndAmortization": 237000000,
    "ebitda": 1474200000,
    "ebitdaratio": 0.1753955979,
    "operatingIncome": 1030500000,
    "operatingIncomeRatio": 0.1226055919,
    "totalOtherIncomeExpensesNet": 24400000,
    "incomeBeforeTax": 1054900000,
    "incomeBeforeTaxRatio": 0.1255086258,
    "incomeTaxExpense": 382900000,
    "netIncome": 669600000,
    "netIncomeRatio": 0.079666865,
    "eps": 1.63,
    "epsdiluted": 1.62,
    "weightedAverageShsOut": 410400000,
    "weightedAverageShsOutDil": 414500000,
    "link": "https://www.sec.gov/Archives/edgar/data/315189/000110465911070023/0001104659-11-070023-index.htm",
    "finalLink": "https://www.sec.gov/Archives/edgar/data/315189/000110465911070023/a11-24734_110k.htm"
  },
  {
    "date": "2011-07-31",
    "symbol": "DE",
    "reportedCurrency": "USD",
    "cik": "0000315189",
    "fillingDate": "2011-09-01",
    "acceptedDate": "2011-09-01 15:51:41",
    "calendarYear": "2011",
    "period": "Q3",
    "revenue": 8213800000,
    "costOfRevenue": 5792200000,
    "grossProfit": 2421600000,
    "grossProfitRatio": 0.2948209111,
    "researchAndDevelopmentExpenses": 312000000,
    "generalAndAdministrativeExpenses": 815800000,
    "sellingAndMarketingExpenses": 0,
    "sellingGeneralAndAdministrativeExpenses": 815800000,
    "otherExpenses": 188500000,
    "operatingExpenses": 1316300000,
    "costAndExpenses": 7108500000,
    "interestIncome": 0,
    "interestExpense": 184300000,
    "depreciationAndAmortization": 229200000,
    "ebitda": 1492600000,
    "ebitdaratio": 0.1817185712,
    "operatingIncome": 1105300000,
    "operatingIncomeRatio": 0.1345662178,
    "totalOtherIncomeExpensesNet": -21000000,
    "incomeBeforeTax": 1084300000,
    "incomeBeforeTaxRatio": 0.1320095449,
    "incomeTaxExpense": 369500000,
    "netIncome": 712300000,
    "netIncomeRatio": 0.0867199104,
    "eps": 1.71,
    "epsdiluted": 1.69,
    "weightedAverageShsOut": 417400000,
    "weightedAverageShsOutDil": 422000000,
    "link": "https://www.sec.gov/Archives/edgar/data/315189/000110465911049960/0001104659-11-049960-index.htm",
    "finalLink": "https://www.sec.gov/Archives/edgar/data/315189/000110465911049960/a11-14160_110q.htm"
  },
  {
    "date": "2011-04-30",
    "symbol": "DE",
    "reportedCurrency": "USD",
    "cik": "0000315189",
    "fillingDate": "2011-05-27",
    "acceptedDate": "2011-05-27 10:17:25",
    "calendarYear": "2011",
    "period": "Q2",
    "revenue": 8796100000,
    "costOfRevenue": 6106900000,
    "grossProfit": 2689200000,
    "grossProfitRatio": 0.3057264015,
    "researchAndDevelopmentExpenses": 298500000,
    "generalAndAdministrativeExpenses": 828200000,
    "sellingAndMarketingExpenses": 0,
    "sellingGeneralAndAdministrativeExpenses": 828200000,
    "otherExpenses": 143100000,
    "operatingExpenses": 1269800000,
    "costAndExpenses": 7376700000,
    "interestIncome": 0,
    "interestExpense": 192300000,
    "depreciationAndAmortization": 229700000,
    "ebitda": 1762700000,
    "ebitdaratio": 0.2003956299,
    "operatingIncome": 1419400000,
    "operatingIncomeRatio": 0.1613669695,
    "totalOtherIncomeExpensesNet": -73800000,
    "incomeBeforeTax": 1345600000,
    "incomeBeforeTaxRatio": 0.1529768875,
    "incomeTaxExpense": 438900000,
    "netIncome": 904300000,
    "netIncomeRatio": 0.1028069258,
    "eps": 2.15,
    "epsdiluted": 2.12,
    "weightedAverageShsOut": 420700000,
    "weightedAverageShsOutDil": 426400000,
    "link": "https://www.sec.gov/Archives/edgar/data/315189/000110465911031895/0001104659-11-031895-index.htm",
    "finalLink": "https://www.sec.gov/Archives/edgar/data/315189/000110465911031895/a11-10048_110q.htm"
  },
  {
    "date": "2011-01-31",
    "symbol": "DE",
    "reportedCurrency": "USD",
    "cik": "0000315189",
    "fillingDate": "2011-02-25",
    "acceptedDate": "2011-02-25 12:38:59",
    "calendarYear": "2011",
    "period": "Q1",
    "revenue": 5973900000,
    "costOfRevenue": 4094100000,
    "grossProfit": 1879800000,
    "grossProfitRatio": 0.3146688093,
    "researchAndDevelopmentExpenses": 268900000,
    "generalAndAdministrativeExpenses": 665000000,
    "sellingAndMarketingExpenses": 0,
    "sellingGeneralAndAdministrativeExpenses": 665000000,
    "otherExpenses": 142700000,
    "operatingExpenses": 1076600000,
    "costAndExpenses": 5170700000,
    "interestIncome": 0,
    "interestExpense": 202500000,
    "depreciationAndAmortization": 219000000,
    "ebitda": 1167500000,
    "ebitdaratio": 0.1954334689,
    "operatingIncome": 803200000,
    "operatingIncomeRatio": 0.1344515308,
    "totalOtherIncomeExpensesNet": -56700000,
    "incomeBeforeTax": 746500000,
    "incomeBeforeTaxRatio": 0.1249602437,
    "incomeTaxExpense": 232200000,
    "netIncome": 513700000,
    "netIncomeRatio": 0.0859907263,
    "eps": 1.22,
    "epsdiluted": 1.2,
    "weightedAverageShsOut": 421800000,
    "weightedAverageShsOutDil": 427500000,
    "link": "https://www.sec.gov/Archives/edgar/data/315189/000110465911010186/0001104659-11-010186-index.htm",
    "finalLink": "https://www.sec.gov/Archives/edgar/data/315189/000110465911010186/a11-4431_110q.htm"
  },
  {
    "date": "2010-10-31",
    "symbol": "DE",
    "reportedCurrency": "USD",
    "cik": "0000315189",
    "fillingDate": "2010-12-17",
    "acceptedDate": "2010-12-17 11:19:30",
    "calendarYear": "2010",
    "period": "Q4",
    "revenue": 7038300000,
    "costOfRevenue": 5252500000,
    "grossProfit": 1785800000,
    "grossProfitRatio": 0.2537260418,
    "researchAndDevelopmentExpenses": 294300000,
    "generalAndAdministrativeExpenses": 842200000,
    "sellingAndMarketingExpenses": 0,
    "sellingGeneralAndAdministrativeExpenses": 842200000,
    "otherExpenses": -129900000,
    "operatingExpenses": 1006600000,
    "costAndExpenses": 6259100000,
    "interestIncome": 0,
    "interestExpense": 192500000,
    "depreciationAndAmortization": 221900000,
    "ebitda": 1164700000,
    "ebitdaratio": 0.1654803006,
    "operatingIncome": 779200000,
    "operatingIncomeRatio": 0.1107085518,
    "totalOtherIncomeExpensesNet": -24600000,
    "incomeBeforeTax": 754600000,
    "incomeBeforeTaxRatio": 0.1072133896,
    "incomeTaxExpense": 295200000,
    "netIncome": 457300000,
    "netIncomeRatio": 0.0649730759,
    "eps": 1.08,
    "epsdiluted": 1.07,
    "weightedAverageShsOut": 423600000,
    "weightedAverageShsOutDil": 429100000,
    "link": "https://www.sec.gov/Archives/edgar/data/315189/000110465910063219/0001104659-10-063219-index.htm",
    "finalLink": "https://www.sec.gov/Archives/edgar/data/315189/000110465910063219/a10-17745_110k.htm"
  },
  {
    "date": "2010-07-31",
    "symbol": "DE",
    "reportedCurrency": "USD",
    "cik": "0000315189",
    "fillingDate": "2010-08-27",
    "acceptedDate": "2010-08-27 10:01:07",
    "calendarYear": "2010",
    "period": "Q3",
    "revenue": 6672400000,
    "costOfRevenue": 4519600000,
    "grossProfit": 2152800000,
    "grossProfitRatio": 0.3226425274,
    "researchAndDevelopmentExpenses": 256300000,
    "generalAndAdministrativeExpenses": 751200000,
    "sellingAndMarketingExpenses": 0,
    "sellingGeneralAndAdministrativeExpenses": 751200000,
    "otherExpenses": 195000000,
    "operatingExpenses": 1202500000,
    "costAndExpenses": 5722100000,
    "interestIncome": 0,
    "interestExpense": 193100000,
    "depreciationAndAmortization": 229500000,
    "ebitda": 1344300000,
    "ebitdaratio": 0.2014717343,
    "operatingIncome": 950300000,
    "operatingIncomeRatio": 0.1424225166,
    "totalOtherIncomeExpensesNet": -22700000,
    "incomeBeforeTax": 927600000,
    "incomeBeforeTaxRatio": 0.1390204424,
    "incomeTaxExpense": 308100000,
    "netIncome": 617000000,
    "netIncomeRatio": 0.0924704754,
    "eps": 1.45,
    "epsdiluted": 1.44,
    "weightedAverageShsOut": 424500000,
    "weightedAverageShsOutDil": 429000000,
    "link": "https://www.sec.gov/Archives/edgar/data/315189/000110465910046204/0001104659-10-046204-index.htm",
    "finalLink": "https://www.sec.gov/Archives/edgar/data/315189/000110465910046204/a10-13024_110q.htm"
  },
  {
    "date": "2010-04-30",
    "symbol": "DE",
    "reportedCurrency": "USD",
    "cik": "0000315189",
    "fillingDate": "2010-05-28",
    "acceptedDate": "2010-05-28 09:29:32",
    "calendarYear": "2010",
    "period": "Q2",
    "revenue": 6983300000,
    "costOfRevenue": 4765200000,
    "grossProfit": 2218100000,
    "grossProfitRatio": 0.3176292011,
    "researchAndDevelopmentExpenses": 266000000,
    "generalAndAdministrativeExpenses": 733300000,
    "sellingAndMarketingExpenses": 0,
    "sellingGeneralAndAdministrativeExpenses": 733300000,
    "otherExpenses": 170200000,
    "operatingExpenses": 1169500000,
    "costAndExpenses": 5934700000,
    "interestIncome": 0,
    "interestExpense": 207300000,
    "depreciationAndAmortization": 222000000,
    "ebitda": 1418200000,
    "ebitdaratio": 0.2030845016,
    "operatingIncome": 1048600000,
    "operatingIncomeRatio": 0.1501582346,
    "totalOtherIncomeExpensesNet": -50400000,
    "incomeBeforeTax": 998200000,
    "incomeBeforeTaxRatio": 0.1429410164,
    "incomeTaxExpense": 448400000,
    "netIncome": 547500000,
    "netIncomeRatio": 0.0784013289,
    "eps": 1.29,
    "epsdiluted": 1.28,
    "weightedAverageShsOut": 424400000,
    "weightedAverageShsOutDil": 429000000,
    "link": "https://www.sec.gov/Archives/edgar/data/315189/000110465910031404/0001104659-10-031404-index.htm",
    "finalLink": "https://www.sec.gov/Archives/edgar/data/315189/000110465910031404/a10-8678_110q.htm"
  },
  {
    "date": "2010-01-31",
    "symbol": "DE",
    "reportedCurrency": "USD",
    "cik": "0000315189",
    "fillingDate": "2010-03-01",
    "acceptedDate": "2010-03-01 15:52:15",
    "calendarYear": "2010",
    "period": "Q1",
    "revenue": 4704500000,
    "costOfRevenue": 3205500000,
    "grossProfit": 1499000000,
    "grossProfitRatio": 0.3186310979,
    "researchAndDevelopmentExpenses": 235700000,
    "generalAndAdministrativeExpenses": 642100000,
    "sellingAndMarketingExpenses": 0,
    "sellingGeneralAndAdministrativeExpenses": 642100000,
    "otherExpenses": 168700000,
    "operatingExpenses": 1046500000,
    "costAndExpenses": 4252000000,
    "interestIncome": 0,
    "interestExpense": 218500000,
    "depreciationAndAmortization": 241400000,
    "ebitda": 824200000,
    "ebitdaratio": 0.1751939632,
    "operatingIncome": 452500000,
    "operatingIncomeRatio": 0.0961845042,
    "totalOtherIncomeExpensesNet": -97000000,
    "incomeBeforeTax": 355500000,
    "incomeBeforeTaxRatio": 0.0755659475,
    "incomeTaxExpense": 109900000,
    "netIncome": 243200000,
    "netIncomeRatio": 0.0516951855,
    "eps": 0.57,
    "epsdiluted": 0.57,
    "weightedAverageShsOut": 423600000,
    "weightedAverageShsOutDil": 427500000,
    "link": "https://www.sec.gov/Archives/edgar/data/315189/000110465910010697/0001104659-10-010697-index.htm",
    "finalLink": "https://www.sec.gov/Archives/edgar/data/315189/000110465910010697/a10-2626_110q.htm"
  },
  {
    "date": "2009-10-31",
    "symbol": "DE",
    "reportedCurrency": "USD",
    "cik": "0000315189",
    "fillingDate": "2009-12-17",
    "acceptedDate": "2009-12-17 10:42:28",
    "calendarYear": "2009",
    "period": "Q4",
    "revenue": 5200000000,
    "costOfRevenue": 4255700000,
    "grossProfit": 944300000,
    "grossProfitRatio": 0.1815961538,
    "researchAndDevelopmentExpenses": 258600000,
    "generalAndAdministrativeExpenses": 794200000,
    "sellingAndMarketingExpenses": 0,
    "sellingGeneralAndAdministrativeExpenses": 794200000,
    "otherExpenses": -171900000,
    "operatingExpenses": 880900000,
    "costAndExpenses": 5136600000,
    "interestIncome": 0,
    "interestExpense": 249200000,
    "depreciationAndAmortization": 220100000,
    "ebitda": 414200000,
    "ebitdaratio": 0.0796538462,
    "operatingIncome": 63400000,
    "operatingIncomeRatio": 0.0121923077,
    "totalOtherIncomeExpensesNet": -124800000,
    "incomeBeforeTax": -61400000,
    "incomeBeforeTaxRatio": -0.0118076923,
    "incomeTaxExpense": 161400000,
    "netIncome": -222800000,
    "netIncomeRatio": -0.0428461538,
    "eps": -0.53,
    "epsdiluted": -0.53,
    "weightedAverageShsOut": 423100000,
    "weightedAverageShsOutDil": 423100000,
    "link": "https://www.sec.gov/Archives/edgar/data/315189/000110465909070344/0001104659-09-070344-index.htm",
    "finalLink": "https://www.sec.gov/Archives/edgar/data/315189/000110465909070344/a09-32005_110k.htm"
  },
  {
    "date": "2009-07-31",
    "symbol": "DE",
    "reportedCurrency": "USD",
    "cik": "0000315189",
    "fillingDate": "2009-08-28",
    "acceptedDate": "2009-08-28 09:50:57",
    "calendarYear": "2009",
    "period": "Q3",
    "revenue": 5742400000,
    "costOfRevenue": 4057600000,
    "grossProfit": 1684800000,
    "grossProfitRatio": 0.2933964893,
    "researchAndDevelopmentExpenses": 243300000,
    "generalAndAdministrativeExpenses": 659500000,
    "sellingAndMarketingExpenses": 0,
    "sellingGeneralAndAdministrativeExpenses": 659500000,
    "otherExpenses": 166200000,
    "operatingExpenses": 1069000000,
    "costAndExpenses": 5126600000,
    "interestIncome": 0,
    "interestExpense": 249300000,
    "depreciationAndAmortization": 222500000,
    "ebitda": 980500000,
    "ebitdaratio": 0.1707474227,
    "operatingIncome": 615800000,
    "operatingIncomeRatio": 0.107237392,
    "totalOtherIncomeExpensesNet": -108400000,
    "incomeBeforeTax": 507400000,
    "incomeBeforeTaxRatio": 0.0883602675,
    "incomeTaxExpense": 87900000,
    "netIncome": 420000000,
    "netIncomeRatio": 0.0731401505,
    "eps": 0.99,
    "epsdiluted": 0.99,
    "weightedAverageShsOut": 422900000,
    "weightedAverageShsOutDil": 424800000,
    "link": "https://www.sec.gov/Archives/edgar/data/315189/000110465909052248/0001104659-09-052248-index.htm",
    "finalLink": "https://www.sec.gov/Archives/edgar/data/315189/000110465909052248/a09-18416_110q.htm"
  },
  {
    "date": "2009-04-30",
    "symbol": "DE",
    "reportedCurrency": "USD",
    "cik": "0000315189",
    "fillingDate": "2009-06-01",
    "acceptedDate": "2009-06-01 09:55:09",
    "calendarYear": "2009",
    "period": "Q2",
    "revenue": 6629100000,
    "costOfRevenue": 4756400000,
    "grossProfit": 1872700000,
    "grossProfitRatio": 0.2824968699,
    "researchAndDevelopmentExpenses": 255700000,
    "generalAndAdministrativeExpenses": 688000000,
    "sellingAndMarketingExpenses": 0,
    "sellingGeneralAndAdministrativeExpenses": 688000000,
    "otherExpenses": 166400000,
    "operatingExpenses": 1110100000,
    "costAndExpenses": 5866500000,
    "interestIncome": 0,
    "interestExpense": 269400000,
    "depreciationAndAmortization": 213800000,
    "ebitda": 1095100000,
    "ebitdaratio": 0.1651958788,
    "operatingIncome": 762600000,
    "operatingIncomeRatio": 0.1150382405,
    "totalOtherIncomeExpensesNet": -153300000,
    "incomeBeforeTax": 609300000,
    "incomeBeforeTaxRatio": 0.0919129294,
    "incomeTaxExpense": 137100000,
    "netIncome": 472300000,
    "netIncomeRatio": 0.0712464739,
    "eps": 1.12,
    "epsdiluted": 1.11,
    "weightedAverageShsOut": 422700000,
    "weightedAverageShsOutDil": 423700000,
    "link": "https://www.sec.gov/Archives/edgar/data/315189/000110465909035935/0001104659-09-035935-index.htm",
    "finalLink": "https://www.sec.gov/Archives/edgar/data/315189/000110465909035935/a09-14296_110q.htm"
  },
  {
    "date": "2009-01-31",
    "symbol": "DE",
    "reportedCurrency": "USD",
    "cik": "0000315189",
    "fillingDate": "2009-02-26",
    "acceptedDate": "2009-02-26 14:20:10",
    "calendarYear": "2009",
    "period": "Q1",
    "revenue": 5026800000,
    "costOfRevenue": 3542500000,
    "grossProfit": 1484300000,
    "grossProfitRatio": 0.2952773136,
    "researchAndDevelopmentExpenses": 219400000,
    "generalAndAdministrativeExpenses": 638900000,
    "sellingAndMarketingExpenses": 0,
    "sellingGeneralAndAdministrativeExpenses": 638900000,
    "otherExpenses": 196800000,
    "operatingExpenses": 1055100000,
    "costAndExpenses": 4597600000,
    "interestIncome": 0,
    "interestExpense": 274500000,
    "depreciationAndAmortization": 216900000,
    "ebitda": 765200000,
    "ebitdaratio": 0.1522240789,
    "operatingIncome": 429200000,
    "operatingIncomeRatio": 0.0853823506,
    "totalOtherIncomeExpensesNet": -151700000,
    "incomeBeforeTax": 277500000,
    "incomeBeforeTaxRatio": 0.055204106,
    "incomeTaxExpense": 73500000,
    "netIncome": 203900000,
    "netIncomeRatio": 0.0405625845,
    "eps": 0.48,
    "epsdiluted": 0.48,
    "weightedAverageShsOut": 422500000,
    "weightedAverageShsOutDil": 423700000,
    "link": "https://www.sec.gov/Archives/edgar/data/315189/000110465909012463/0001104659-09-012463-index.htm",
    "finalLink": "https://www.sec.gov/Archives/edgar/data/315189/000110465909012463/a09-6346_110q.htm"
  },
  {
    "date": "2008-10-31",
    "symbol": "DE",
    "reportedCurrency": "USD",
    "cik": "0000315189",
    "fillingDate": "2008-12-18",
    "acceptedDate": "2008-12-18 16:57:34",
    "calendarYear": "2008",
    "period": "Q4",
    "revenue": 6835400000,
    "costOfRevenue": 5577500000,
    "grossProfit": 1257900000,
    "grossProfitRatio": 0.1840272698,
    "researchAndDevelopmentExpenses": 270600000,
    "generalAndAdministrativeExpenses": 0,
    "sellingAndMarketingExpenses": 0,
    "sellingGeneralAndAdministrativeExpenses": 300500000,
    "otherExpenses": 398000000,
    "operatingExpenses": 969100000,
    "costAndExpenses": 6546600000,
    "interestIncome": 0,
    "interestExpense": 0,
    "depreciationAndAmortization": 204100000,
    "ebitda": 1052900000,
    "ebitdaratio": 0.1540363402,
    "operatingIncome": 288800000,
    "operatingIncomeRatio": 0.0422506364,
    "totalOtherIncomeExpensesNet": 279400000,
    "incomeBeforeTax": 568200000,
    "incomeBeforeTaxRatio": 0.0831260789,
    "incomeTaxExpense": 223100000,
    "netIncome": 345100000,
    "netIncomeRatio": 0.0504871697,
    "eps": 0.82,
    "epsdiluted": 0.82,
    "weightedAverageShsOut": 422500000,
    "weightedAverageShsOutDil": 422500000,
    "link": "https://www.sec.gov/Archives/edgar/data/315189/000110465908077324/0001104659-08-077324-index.htm",
    "finalLink": "https://www.sec.gov/Archives/edgar/data/315189/000110465908077324/a08-29515_110k.htm"
  },
  {
    "date": "2008-07-31",
    "symbol": "DE",
    "reportedCurrency": "USD",
    "cik": "0000315189",
    "fillingDate": "2008-09-02",
    "acceptedDate": "2008-09-02 15:43:50",
    "calendarYear": "2008",
    "period": "Q3",
    "revenue": 7581800000,
    "costOfRevenue": 5421900000,
    "grossProfit": 2159900000,
    "grossProfitRatio": 0.28487958,
    "researchAndDevelopmentExpenses": 238100000,
    "generalAndAdministrativeExpenses": 772000000,
    "sellingAndMarketingExpenses": 0,
    "sellingGeneralAndAdministrativeExpenses": 772000000,
    "otherExpenses": 167500000,
    "operatingExpenses": 1177600000,
    "costAndExpenses": 6599500000,
    "interestIncome": 0,
    "interestExpense": 270200000,
    "depreciationAndAmortization": 218800000,
    "ebitda": 1358000000,
    "ebitdaratio": 0.1791131394,
    "operatingIncome": 982300000,
    "operatingIncomeRatio": 0.1295602627,
    "totalOtherIncomeExpensesNet": -100000000,
    "incomeBeforeTax": 882300000,
    "incomeBeforeTaxRatio": 0.1163707827,
    "incomeTaxExpense": 307100000,
    "netIncome": 575200000,
    "netIncomeRatio": 0.0758658894,
    "eps": 1.34,
    "epsdiluted": 1.32,
    "weightedAverageShsOut": 429300000,
    "weightedAverageShsOutDil": 434400000,
    "link": "https://www.sec.gov/Archives/edgar/data/315189/000110465908056381/0001104659-08-056381-index.htm",
    "finalLink": "https://www.sec.gov/Archives/edgar/data/315189/000110465908056381/a08-19274_110q.htm"
  },
  {
    "date": "2008-04-30",
    "symbol": "DE",
    "reportedCurrency": "USD",
    "cik": "0000315189",
    "fillingDate": "2008-05-29",
    "acceptedDate": "2008-05-29 11:29:31",
    "calendarYear": "2008",
    "period": "Q2",
    "revenue": 7978200000,
    "costOfRevenue": 5508600000,
    "grossProfit": 2469600000,
    "grossProfitRatio": 0.3095435061,
    "researchAndDevelopmentExpenses": 230200000,
    "generalAndAdministrativeExpenses": 766600000,
    "sellingAndMarketingExpenses": 0,
    "sellingGeneralAndAdministrativeExpenses": 766600000,
    "otherExpenses": 145100000,
    "operatingExpenses": 1141900000,
    "costAndExpenses": 6650500000,
    "interestIncome": 0,
    "interestExpense": 283600000,
    "depreciationAndAmortization": 208400000,
    "ebitda": 1654600000,
    "ebitdaratio": 0.2073901381,
    "operatingIncome": 1327700000,
    "operatingIncomeRatio": 0.1664159836,
    "totalOtherIncomeExpensesNet": -153100000,
    "incomeBeforeTax": 1174600000,
    "incomeBeforeTaxRatio": 0.1472261914,
    "incomeTaxExpense": 411100000,
    "netIncome": 763500000,
    "netIncomeRatio": 0.0956982778,
    "eps": 1.76,
    "epsdiluted": 1.74,
    "weightedAverageShsOut": 433700000,
    "weightedAverageShsOutDil": 439600000,
    "link": "https://www.sec.gov/Archives/edgar/data/315189/000110465908036409/0001104659-08-036409-index.htm",
    "finalLink": "https://www.sec.gov/Archives/edgar/data/315189/000110465908036409/a08-15265_110q.htm"
  },
  {
    "date": "2008-01-31",
    "symbol": "DE",
    "reportedCurrency": "USD",
    "cik": "0000315189",
    "fillingDate": "2008-02-28",
    "acceptedDate": "2008-02-28 12:56:12",
    "calendarYear": "2008",
    "period": "Q1",
    "revenue": 5058500000,
    "costOfRevenue": 3361800000,
    "grossProfit": 1696700000,
    "grossProfitRatio": 0.335415637,
    "researchAndDevelopmentExpenses": 204300000,
    "generalAndAdministrativeExpenses": 652800000,
    "sellingAndMarketingExpenses": 0,
    "sellingGeneralAndAdministrativeExpenses": 652800000,
    "otherExpenses": 155500000,
    "operatingExpenses": 1012600000,
    "costAndExpenses": 4374400000,
    "interestIncome": 0,
    "interestExpense": 295100000,
    "depreciationAndAmortization": 199700000,
    "ebitda": 1026300000,
    "ebitdaratio": 0.2028862311,
    "operatingIncome": 684100000,
    "operatingIncomeRatio": 0.1352377187,
    "totalOtherIncomeExpensesNet": -145000000,
    "incomeBeforeTax": 539100000,
    "incomeBeforeTaxRatio": 0.1065730948,
    "incomeTaxExpense": 170000000,
    "netIncome": 369100000,
    "netIncomeRatio": 0.0729662944,
    "eps": 0.84,
    "epsdiluted": 0.83,
    "weightedAverageShsOut": 437700000,
    "weightedAverageShsOutDil": 444200000,
    "link": "https://www.sec.gov/Archives/edgar/data/315189/000110465908013671/0001104659-08-013671-index.htm",
    "finalLink": "https://www.sec.gov/Archives/edgar/data/315189/000110465908013671/a08-6057_110q.htm"
  },
  {
    "date": "2007-10-31",
    "symbol": "DE",
    "reportedCurrency": "USD",
    "cik": "0000315189",
    "fillingDate": "2007-12-20",
    "acceptedDate": "2007-12-20 10:34:02",
    "calendarYear": "2007",
    "period": "Q4",
    "revenue": 6140900000,
    "costOfRevenue": 4054200000,
    "grossProfit": 2086700000,
    "grossProfitRatio": 0.3398036118,
    "researchAndDevelopmentExpenses": 231400000,
    "generalAndAdministrativeExpenses": 0,
    "sellingAndMarketingExpenses": 0,
    "sellingGeneralAndAdministrativeExpenses": 927800000,
    "otherExpenses": 0,
    "operatingExpenses": 1159200000,
    "costAndExpenses": 5213400000,
    "interestIncome": 0,
    "interestExpense": 0,
    "depreciationAndAmortization": 190900000,
    "ebitda": 1118400000,
    "ebitdaratio": 0.1821231416,
    "operatingIncome": 927500000,
    "operatingIncomeRatio": 0.151036493,
    "totalOtherIncomeExpensesNet": -302600000,
    "incomeBeforeTax": 624900000,
    "incomeBeforeTaxRatio": 0.1017603283,
    "incomeTaxExpense": 202700000,
    "netIncome": 422200000,
    "netIncomeRatio": 0.0687521373,
    "eps": 0.96,
    "epsdiluted": 0.96,
    "weightedAverageShsOut": 437700000,
    "weightedAverageShsOutDil": 437700000,
    "link": "https://www.sec.gov/Archives/edgar/data/315189/000110465907090067/0001104659-07-090067-index.htm",
    "finalLink": "https://www.sec.gov/Archives/edgar/data/315189/000110465907090067/a07-30888_110k.htm"
  },
  {
    "date": "2007-07-31",
    "symbol": "DE",
    "reportedCurrency": "USD",
    "cik": "0000315189",
    "fillingDate": "2007-08-31",
    "acceptedDate": "2007-08-31 09:16:34",
    "calendarYear": "2007",
    "period": "Q3",
    "revenue": 6633700000,
    "costOfRevenue": 4542900000,
    "grossProfit": 2090800000,
    "grossProfitRatio": 0.315178558,
    "researchAndDevelopmentExpenses": 204300000,
    "generalAndAdministrativeExpenses": 0,
    "sellingAndMarketingExpenses": 0,
    "sellingGeneralAndAdministrativeExpenses": 792600000,
    "otherExpenses": 0,
    "operatingExpenses": 996900000,
    "costAndExpenses": 5539800000,
    "interestIncome": 0,
    "interestExpense": 0,
    "depreciationAndAmortization": 186100000,
    "ebitda": 1280000000,
    "ebitdaratio": 0.1929541583,
    "operatingIncome": 1093900000,
    "operatingIncomeRatio": 0.1649004326,
    "totalOtherIncomeExpensesNet": -284500000,
    "incomeBeforeTax": 809400000,
    "incomeBeforeTaxRatio": 0.122013356,
    "incomeTaxExpense": 272200000,
    "netIncome": 537200000,
    "netIncomeRatio": 0.0809804483,
    "eps": 1.2,
    "epsdiluted": 1.19,
    "weightedAverageShsOut": 447600000,
    "weightedAverageShsOutDil": 453600000,
    "link": "https://www.sec.gov/Archives/edgar/data/315189/000110465907066384/0001104659-07-066384-index.htm",
    "finalLink": "https://www.sec.gov/Archives/edgar/data/315189/000110465907066384/a07-22857_110q.htm"
  },
  {
    "date": "2007-04-30",
    "symbol": "DE",
    "reportedCurrency": "USD",
    "cik": "0000315189",
    "fillingDate": "2007-06-01",
    "acceptedDate": "2007-06-01 12:58:40",
    "calendarYear": "2007",
    "period": "Q2",
    "revenue": 6882500000,
    "costOfRevenue": 4705500000,
    "grossProfit": 2177000000,
    "grossProfitRatio": 0.3163094806,
    "researchAndDevelopmentExpenses": 204300000,
    "generalAndAdministrativeExpenses": 0,
    "sellingAndMarketingExpenses": 0,
    "sellingGeneralAndAdministrativeExpenses": 799900000,
    "otherExpenses": 0,
    "operatingExpenses": 1004200000,
    "costAndExpenses": 5709700000,
    "interestIncome": 0,
    "interestExpense": 0,
    "depreciationAndAmortization": 181700000,
    "ebitda": 1354500000,
    "ebitdaratio": 0.1968034871,
    "operatingIncome": 1172800000,
    "operatingIncomeRatio": 0.1704031965,
    "totalOtherIncomeExpensesNet": -269300000,
    "incomeBeforeTax": 903500000,
    "incomeBeforeTaxRatio": 0.1312749728,
    "incomeTaxExpense": 279900000,
    "netIncome": 623600000,
    "netIncomeRatio": 0.090606611,
    "eps": 1.38,
    "epsdiluted": 1.36,
    "weightedAverageShsOut": 452900000,
    "weightedAverageShsOutDil": 458600000,
    "link": "https://www.sec.gov/Archives/edgar/data/315189/000110465907044588/0001104659-07-044588-index.htm",
    "finalLink": "https://www.sec.gov/Archives/edgar/data/315189/000110465907044588/a07-15119_110q.htm"
  },
  {
    "date": "2007-01-31",
    "symbol": "DE",
    "reportedCurrency": "USD",
    "cik": "0000315189",
    "fillingDate": "2007-03-01",
    "acceptedDate": "2007-03-01 16:05:10",
    "calendarYear": "2007",
    "period": "Q1",
    "revenue": 4425200000,
    "costOfRevenue": 2950200000,
    "grossProfit": 1475000000,
    "grossProfitRatio": 0.3333182681,
    "researchAndDevelopmentExpenses": 176800000,
    "generalAndAdministrativeExpenses": 0,
    "sellingAndMarketingExpenses": 0,
    "sellingGeneralAndAdministrativeExpenses": 543500000,
    "otherExpenses": 0,
    "operatingExpenses": 720300000,
    "costAndExpenses": 3670500000,
    "interestIncome": 0,
    "interestExpense": 0,
    "depreciationAndAmortization": 185700000,
    "ebitda": 940400000,
    "ebitdaratio": 0.212510169,
    "operatingIncome": 754700000,
    "operatingIncomeRatio": 0.170545964,
    "totalOtherIncomeExpensesNet": -387900000,
    "incomeBeforeTax": 366800000,
    "incomeBeforeTaxRatio": 0.082888909,
    "incomeTaxExpense": 128100000,
    "netIncome": 238700000,
    "netIncomeRatio": 0.0539410648,
    "eps": 0.53,
    "epsdiluted": 0.52,
    "weightedAverageShsOut": 454500000,
    "weightedAverageShsOutDil": 459700000,
    "link": "https://www.sec.gov/Archives/edgar/data/315189/000110465907015519/0001104659-07-015519-index.htm",
    "finalLink": "https://www.sec.gov/Archives/edgar/data/315189/000110465907015519/a07-6739_110q.htm"
  },
  {
    "date": "2006-10-31",
    "symbol": "DE",
    "reportedCurrency": "USD",
    "cik": "0000315189",
    "fillingDate": "2006-12-19",
    "acceptedDate": "2006-12-19 15:06:31",
    "calendarYear": "2006",
    "period": "Q4",
    "revenue": 5117500000,
    "costOfRevenue": 3524200000,
    "grossProfit": 1593300000,
    "grossProfitRatio": 0.3113434294,
    "researchAndDevelopmentExpenses": 201000000,
    "generalAndAdministrativeExpenses": 0,
    "sellingAndMarketingExpenses": 0,
    "sellingGeneralAndAdministrativeExpenses": 749400000,
    "otherExpenses": 0,
    "operatingExpenses": 950400000,
    "costAndExpenses": 4474600000,
    "interestIncome": 0,
    "interestExpense": 0,
    "depreciationAndAmortization": 188900000,
    "ebitda": 831800000,
    "ebitdaratio": 0.1625403029,
    "operatingIncome": 642900000,
    "operatingIncomeRatio": 0.1256277479,
    "totalOtherIncomeExpensesNet": -258300000,
    "incomeBeforeTax": 384600000,
    "incomeBeforeTaxRatio": 0.0751538837,
    "incomeTaxExpense": 108000000,
    "netIncome": 277300000,
    "netIncomeRatio": 0.0541866146,
    "eps": 0.61,
    "epsdiluted": 0.61,
    "weightedAverageShsOut": 454400000,
    "weightedAverageShsOutDil": 454400000,
    "link": "https://www.sec.gov/Archives/edgar/data/315189/000110465906082456/0001104659-06-082456-index.htm",
    "finalLink": "https://www.sec.gov/Archives/edgar/data/315189/000110465906082456/a06-25680_110k.htm"
  },
  {
    "date": "2006-07-31",
    "symbol": "DE",
    "reportedCurrency": "USD",
    "cik": "0000315189",
    "fillingDate": "2006-08-31",
    "acceptedDate": "2006-08-31 14:20:21",
    "calendarYear": "2006",
    "period": "Q3",
    "revenue": 6266700000,
    "costOfRevenue": 4398800000,
    "grossProfit": 1867900000,
    "grossProfitRatio": 0.2980675635,
    "researchAndDevelopmentExpenses": 175900000,
    "generalAndAdministrativeExpenses": 0,
    "sellingAndMarketingExpenses": 0,
    "sellingGeneralAndAdministrativeExpenses": 749100000,
    "otherExpenses": 0,
    "operatingExpenses": 925000000,
    "costAndExpenses": 5323800000,
    "interestIncome": 0,
    "interestExpense": 0,
    "depreciationAndAmortization": 170600000,
    "ebitda": 1113500000,
    "ebitdaratio": 0.1776852251,
    "operatingIncome": 942900000,
    "operatingIncomeRatio": 0.1504619656,
    "totalOtherIncomeExpensesNet": -259600000,
    "incomeBeforeTax": 683300000,
    "incomeBeforeTaxRatio": 0.1090366541,
    "incomeTaxExpense": 247600000,
    "netIncome": 436000000,
    "netIncomeRatio": 0.069574098,
    "eps": 0.94,
    "epsdiluted": 0.93,
    "weightedAverageShsOut": 467400000,
    "weightedAverageShsOutDil": 471800000,
    "link": "https://www.sec.gov/Archives/edgar/data/315189/000110465906058601/0001104659-06-058601-index.htm",
    "finalLink": "https://www.sec.gov/Archives/edgar/data/315189/000110465906058601/a06-15886_110q.htm"
  },
  {
    "date": "2006-04-30",
    "symbol": "DE",
    "reportedCurrency": "USD",
    "cik": "0000315189",
    "fillingDate": "2006-06-01",
    "acceptedDate": "2006-06-01 16:13:50",
    "calendarYear": "2006",
    "period": "Q2",
    "revenue": 6561500000,
    "costOfRevenue": 4542700000,
    "grossProfit": 2018800000,
    "grossProfitRatio": 0.3076735503,
    "researchAndDevelopmentExpenses": 187800000,
    "generalAndAdministrativeExpenses": 0,
    "sellingAndMarketingExpenses": 0,
    "sellingGeneralAndAdministrativeExpenses": 795400000,
    "otherExpenses": 0,
    "operatingExpenses": 983200000,
    "costAndExpenses": 5525900000,
    "interestIncome": 0,
    "interestExpense": 0,
    "depreciationAndAmortization": 170700000,
    "ebitda": 1206300000,
    "ebitdaratio": 0.1838451574,
    "operatingIncome": 1035600000,
    "operatingIncomeRatio": 0.1578297645,
    "totalOtherIncomeExpensesNet": -248700000,
    "incomeBeforeTax": 786900000,
    "incomeBeforeTaxRatio": 0.119926846,
    "incomeTaxExpense": 269900000,
    "netIncome": 744600000,
    "netIncomeRatio": 0.1134801494,
    "eps": 1.58,
    "epsdiluted": 1.57,
    "weightedAverageShsOut": 470600000,
    "weightedAverageShsOutDil": 476200000,
    "link": "https://www.sec.gov/Archives/edgar/data/315189/000110465906038834/0001104659-06-038834-index.htm",
    "finalLink": "https://www.sec.gov/Archives/edgar/data/315189/000110465906038834/a06-12819_110q.htm"
  },
  {
    "date": "2006-01-31",
    "symbol": "DE",
    "reportedCurrency": "USD",
    "cik": "0000315189",
    "fillingDate": "2006-02-24",
    "acceptedDate": "2006-02-24 15:00:34",
    "calendarYear": "2006",
    "period": "Q1",
    "revenue": 4202100000,
    "costOfRevenue": 2896300000,
    "grossProfit": 1305800000,
    "grossProfitRatio": 0.3107493872,
    "researchAndDevelopmentExpenses": 161000000,
    "generalAndAdministrativeExpenses": 0,
    "sellingAndMarketingExpenses": 0,
    "sellingGeneralAndAdministrativeExpenses": 574800000,
    "otherExpenses": 0,
    "operatingExpenses": 735800000,
    "costAndExpenses": 3632100000,
    "interestIncome": 0,
    "interestExpense": 0,
    "depreciationAndAmortization": 161200000,
    "ebitda": 731200000,
    "ebitdaratio": 0.174008234,
    "operatingIncome": 570000000,
    "operatingIncomeRatio": 0.1356464625,
    "totalOtherIncomeExpensesNet": -230000000,
    "incomeBeforeTax": 340000000,
    "incomeBeforeTaxRatio": 0.080911925,
    "incomeTaxExpense": 116100000,
    "netIncome": 235900000,
    "netIncomeRatio": 0.0561385974,
    "eps": 0.5,
    "epsdiluted": 0.5,
    "weightedAverageShsOut": 471800000,
    "weightedAverageShsOutDil": 477000000,
    "link": "https://www.sec.gov/Archives/edgar/data/315189/000110465906011885/0001104659-06-011885-index.htm",
    "finalLink": "https://www.sec.gov/Archives/edgar/data/315189/000110465906011885/a06-5374_110q.htm"
  },
  {
    "date": "2005-10-31",
    "symbol": "DE",
    "reportedCurrency": "USD",
    "cik": "0000315189",
    "fillingDate": "2005-12-20",
    "acceptedDate": "2005-12-20 14:57:28",
    "calendarYear": "2005",
    "period": "Q4",
    "revenue": 5177000000,
    "costOfRevenue": 4118000000,
    "grossProfit": 1059000000,
    "grossProfitRatio": 0.2045586247,
    "researchAndDevelopmentExpenses": 192200000,
    "generalAndAdministrativeExpenses": 0,
    "sellingAndMarketingExpenses": 0,
    "sellingGeneralAndAdministrativeExpenses": 317400000,
    "otherExpenses": 0,
    "operatingExpenses": 509600000,
    "costAndExpenses": 4627600000,
    "interestIncome": 0,
    "interestExpense": 0,
    "depreciationAndAmortization": 164700000,
    "ebitda": 714100000,
    "ebitdaratio": 0.1379370292,
    "operatingIncome": 549400000,
    "operatingIncomeRatio": 0.1061232374,
    "totalOtherIncomeExpensesNet": -218000000,
    "incomeBeforeTax": 331400000,
    "incomeBeforeTaxRatio": 0.0640139077,
    "incomeTaxExpense": 98500000,
    "netIncome": 232900000,
    "netIncomeRatio": 0.0449874445,
    "eps": 0.49,
    "epsdiluted": 0.49,
    "weightedAverageShsOut": 471800000,
    "weightedAverageShsOutDil": 471800000,
    "link": "https://www.sec.gov/Archives/edgar/data/315189/000110465905061732/0001104659-05-061732-index.htm",
    "finalLink": "https://www.sec.gov/Archives/edgar/data/315189/000110465905061732/a05-21685_110k.htm"
  },
  {
    "date": "2005-07-31",
    "symbol": "DE",
    "reportedCurrency": "USD",
    "cik": "0000315189",
    "fillingDate": "2005-09-01",
    "acceptedDate": "2005-09-01 14:56:46",
    "calendarYear": "2005",
    "period": "Q3",
    "revenue": 5823400000,
    "costOfRevenue": 4264000000,
    "grossProfit": 1559400000,
    "grossProfitRatio": 0.2677817083,
    "researchAndDevelopmentExpenses": 165400000,
    "generalAndAdministrativeExpenses": 0,
    "sellingAndMarketingExpenses": 0,
    "sellingGeneralAndAdministrativeExpenses": 627800000,
    "otherExpenses": 0,
    "operatingExpenses": 793200000,
    "costAndExpenses": 5057200000,
    "interestIncome": 0,
    "interestExpense": 0,
    "depreciationAndAmortization": 158000000,
    "ebitda": 924200000,
    "ebitdaratio": 0.1587045369,
    "operatingIncome": 766200000,
    "operatingIncomeRatio": 0.1315726208,
    "totalOtherIncomeExpensesNet": -193100000,
    "incomeBeforeTax": 573100000,
    "incomeBeforeTaxRatio": 0.0984132981,
    "incomeTaxExpense": 194300000,
    "netIncome": 387100000,
    "netIncomeRatio": 0.0664731944,
    "eps": 0.8,
    "epsdiluted": 0.79,
    "weightedAverageShsOut": 483400000,
    "weightedAverageShsOutDil": 489400000,
    "link": "https://www.sec.gov/Archives/edgar/data/315189/000110465905042517/0001104659-05-042517-index.htm",
    "finalLink": "https://www.sec.gov/Archives/edgar/data/315189/000110465905042517/a05-15571_110q.htm"
  },
  {
    "date": "2005-04-30",
    "symbol": "DE",
    "reportedCurrency": "USD",
    "cik": "0000315189",
    "fillingDate": "2005-05-27",
    "acceptedDate": "2005-05-27 11:44:34",
    "calendarYear": "2005",
    "period": "Q2",
    "revenue": 6019200000,
    "costOfRevenue": 4545700000,
    "grossProfit": 1473500000,
    "grossProfitRatio": 0.2447999734,
    "researchAndDevelopmentExpenses": 170400000,
    "generalAndAdministrativeExpenses": 0,
    "sellingAndMarketingExpenses": 0,
    "sellingGeneralAndAdministrativeExpenses": 657200000,
    "otherExpenses": 0,
    "operatingExpenses": 827600000,
    "costAndExpenses": 5373300000,
    "interestIncome": 0,
    "interestExpense": 0,
    "depreciationAndAmortization": 153500000,
    "ebitda": 799400000,
    "ebitdaratio": 0.1328083466,
    "operatingIncome": 645900000,
    "operatingIncomeRatio": 0.1073066188,
    "totalOtherIncomeExpensesNet": 247800000,
    "incomeBeforeTax": 893700000,
    "incomeBeforeTaxRatio": 0.1484748804,
    "incomeTaxExpense": 294400000,
    "netIncome": 604000000,
    "netIncomeRatio": 0.1003455609,
    "eps": 1.23,
    "epsdiluted": 1.22,
    "weightedAverageShsOut": 490800000,
    "weightedAverageShsOutDil": 497400000,
    "link": "https://www.sec.gov/Archives/edgar/data/315189/000110465905025768/0001104659-05-025768-index.htm",
    "finalLink": "https://www.sec.gov/Archives/edgar/data/315189/000110465905025768/a05-9939_110q.htm"
  },
  {
    "date": "2005-01-31",
    "symbol": "DE",
    "reportedCurrency": "USD",
    "cik": "0000315189",
    "fillingDate": "2005-03-14",
    "acceptedDate": "2005-03-14 16:45:27",
    "calendarYear": "2005",
    "period": "Q1",
    "revenue": 3934500000,
    "costOfRevenue": 2769800000,
    "grossProfit": 1164700000,
    "grossProfitRatio": 0.2960223662,
    "researchAndDevelopmentExpenses": 149300000,
    "generalAndAdministrativeExpenses": 0,
    "sellingAndMarketingExpenses": 0,
    "sellingGeneralAndAdministrativeExpenses": 515000000,
    "otherExpenses": 0,
    "operatingExpenses": 664300000,
    "costAndExpenses": 3434100000,
    "interestIncome": 0,
    "interestExpense": 0,
    "depreciationAndAmortization": 160300000,
    "ebitda": 660700000,
    "ebitdaratio": 0.1679247681,
    "operatingIncome": 500400000,
    "operatingIncomeRatio": 0.1271826153,
    "totalOtherIncomeExpensesNet": -170000000,
    "incomeBeforeTax": 330400000,
    "incomeBeforeTaxRatio": 0.0839750921,
    "incomeTaxExpense": 115400000,
    "netIncome": 222800000,
    "netIncomeRatio": 0.0566272716,
    "eps": 0.45,
    "epsdiluted": 0.45,
    "weightedAverageShsOut": 494200000,
    "weightedAverageShsOutDil": 502000000,
    "link": "https://www.sec.gov/Archives/edgar/data/315189/000110465905010879/0001104659-05-010879-index.htm",
    "finalLink": "https://www.sec.gov/Archives/edgar/data/315189/000110465905010879/a05-4858_110q.htm"
  },
  {
    "date": "2004-10-31",
    "symbol": "DE",
    "reportedCurrency": "USD",
    "cik": "0000315189",
    "fillingDate": "2004-12-21",
    "acceptedDate": "2004-12-21 14:05:01",
    "calendarYear": "2004",
    "period": "Q4",
    "revenue": 5206900000,
    "costOfRevenue": 3693300000,
    "grossProfit": 1513600000,
    "grossProfitRatio": 0.2906911982,
    "researchAndDevelopmentExpenses": 172600000,
    "generalAndAdministrativeExpenses": 0,
    "sellingAndMarketingExpenses": 0,
    "sellingGeneralAndAdministrativeExpenses": 666300000,
    "otherExpenses": 0,
    "operatingExpenses": 838900000,
    "costAndExpenses": 4532200000,
    "interestIncome": 0,
    "interestExpense": 0,
    "depreciationAndAmortization": 0,
    "ebitda": 674700000,
    "ebitdaratio": 0.1295780599,
    "operatingIncome": 674700000,
    "operatingIncomeRatio": 0.1295780599,
    "totalOtherIncomeExpensesNet": -151700000,
    "incomeBeforeTax": 523000000,
    "incomeBeforeTaxRatio": 0.1004436421,
    "incomeTaxExpense": 166300000,
    "netIncome": 356700000,
    "netIncomeRatio": 0.0685052526,
    "eps": 0.72,
    "epsdiluted": 0.72,
    "weightedAverageShsOut": 494200000,
    "weightedAverageShsOutDil": 494200000,
    "link": "https://www.sec.gov/Archives/edgar/data/315189/000110465904040625/0001104659-04-040625-index.htm",
    "finalLink": "https://www.sec.gov/Archives/edgar/data/315189/000110465904040625/a04-14942_110k.htm"
  },
  {
    "date": "2004-07-31",
    "symbol": "DE",
    "reportedCurrency": "USD",
    "cik": "0000315189",
    "fillingDate": "2004-08-27",
    "acceptedDate": "2004-08-27 11:47:54",
    "calendarYear": "2004",
    "period": "Q3",
    "revenue": 5418400000,
    "costOfRevenue": 3915400000,
    "grossProfit": 1503000000,
    "grossProfitRatio": 0.2773881589,
    "researchAndDevelopmentExpenses": 150100000,
    "generalAndAdministrativeExpenses": 0,
    "sellingAndMarketingExpenses": 0,
    "sellingGeneralAndAdministrativeExpenses": 624300000,
    "otherExpenses": 0,
    "operatingExpenses": 774400000,
    "costAndExpenses": 4689800000,
    "interestIncome": 0,
    "interestExpense": 0,
    "depreciationAndAmortization": 152100000,
    "ebitda": 880700000,
    "ebitdaratio": 0.1625387568,
    "operatingIncome": 728600000,
    "operatingIncomeRatio": 0.1344677396,
    "totalOtherIncomeExpensesNet": -140200000,
    "incomeBeforeTax": 588400000,
    "incomeBeforeTaxRatio": 0.1085929426,
    "incomeTaxExpense": 187000000,
    "netIncome": 401400000,
    "netIncomeRatio": 0.0740809095,
    "eps": 0.81,
    "epsdiluted": 0.79,
    "weightedAverageShsOut": 497800000,
    "weightedAverageShsOutDil": 509200000,
    "link": "https://www.sec.gov/Archives/edgar/data/315189/000110465904026045/0001104659-04-026045-index.htm",
    "finalLink": "https://www.sec.gov/Archives/edgar/data/315189/000110465904026045/a04-10006_110q.htm"
  },
  {
    "date": "2004-04-30",
    "symbol": "DE",
    "reportedCurrency": "USD",
    "cik": "0000315189",
    "fillingDate": "2004-05-28",
    "acceptedDate": "2004-05-28 12:40:57",
    "calendarYear": "2004",
    "period": "Q2",
    "revenue": 5877000000,
    "costOfRevenue": 4164000000,
    "grossProfit": 1713000000,
    "grossProfitRatio": 0.2914752425,
    "researchAndDevelopmentExpenses": 150600000,
    "generalAndAdministrativeExpenses": 0,
    "sellingAndMarketingExpenses": 0,
    "sellingGeneralAndAdministrativeExpenses": 669400000,
    "otherExpenses": 0,
    "operatingExpenses": 820000000,
    "costAndExpenses": 4984000000,
    "interestIncome": 0,
    "interestExpense": 0,
    "depreciationAndAmortization": 0,
    "ebitda": 893000000,
    "ebitdaratio": 0.1519482729,
    "operatingIncome": 893000000,
    "operatingIncomeRatio": 0.1519482729,
    "totalOtherIncomeExpensesNet": -153100000,
    "incomeBeforeTax": 739900000,
    "incomeBeforeTaxRatio": 0.1258975668,
    "incomeTaxExpense": 262600000,
    "netIncome": 477300000,
    "netIncomeRatio": 0.0812149056,
    "eps": 0.97,
    "epsdiluted": 0.94,
    "weightedAverageShsOut": 495400000,
    "weightedAverageShsOutDil": 508600000,
    "link": "https://www.sec.gov/Archives/edgar/data/315189/000031518904000069/0000315189-04-000069-index.htm",
    "finalLink": "https://www.sec.gov/Archives/edgar/data/315189/000031518904000069/dc10q2ndqtrhtmll.htm"
  },
  {
    "date": "2004-01-31",
    "symbol": "DE",
    "reportedCurrency": "USD",
    "cik": "0000315189",
    "fillingDate": "2004-02-27",
    "acceptedDate": "2004-02-27 10:32:10",
    "calendarYear": "2004",
    "period": "Q1",
    "revenue": 3483800000,
    "costOfRevenue": 2445100000,
    "grossProfit": 1038700000,
    "grossProfitRatio": 0.2981514438,
    "researchAndDevelopmentExpenses": 138200000,
    "generalAndAdministrativeExpenses": 0,
    "sellingAndMarketingExpenses": 0,
    "sellingGeneralAndAdministrativeExpenses": 490900000,
    "otherExpenses": 0,
    "operatingExpenses": 629100000,
    "costAndExpenses": 3074200000,
    "interestIncome": 0,
    "interestExpense": 0,
    "depreciationAndAmortization": 0,
    "ebitda": 409600000,
    "ebitdaratio": 0.1175727654,
    "operatingIncome": 409600000,
    "operatingIncomeRatio": 0.1175727654,
    "totalOtherIncomeExpensesNet": -146200000,
    "incomeBeforeTax": 263400000,
    "incomeBeforeTaxRatio": 0.0756070957,
    "incomeTaxExpense": 92600000,
    "netIncome": 170800000,
    "netIncomeRatio": 0.0490269246,
    "eps": 0.35,
    "epsdiluted": 0.34,
    "weightedAverageShsOut": 488000000,
    "weightedAverageShsOutDil": 502352941,
    "link": "https://www.sec.gov/Archives/edgar/data/315189/000119312504030814/0001193125-04-030814-index.htm",
    "finalLink": "https://www.sec.gov/Archives/edgar/data/315189/000119312504030814/d10q.htm"
  },
  {
    "date": "2003-10-31",
    "symbol": "DE",
    "reportedCurrency": "USD",
    "cik": "0000315189",
    "fillingDate": "2003-12-22",
    "acceptedDate": "2003-12-22 15:09:06",
    "calendarYear": "2003",
    "period": "Q4",
    "revenue": 3939400000,
    "costOfRevenue": 2915500000,
    "grossProfit": 1023900000,
    "grossProfitRatio": 0.2599126771,
    "researchAndDevelopmentExpenses": 172200000,
    "generalAndAdministrativeExpenses": 0,
    "sellingAndMarketingExpenses": 0,
    "sellingGeneralAndAdministrativeExpenses": 600800000,
    "otherExpenses": 0,
    "operatingExpenses": 773000000,
    "costAndExpenses": 3688500000,
    "interestIncome": 0,
    "interestExpense": 0,
    "depreciationAndAmortization": 0,
    "ebitda": 250900000,
    "ebitdaratio": 0.063689902,
    "operatingIncome": 250900000,
    "operatingIncomeRatio": 0.063689902,
    "totalOtherIncomeExpensesNet": -147900000,
    "incomeBeforeTax": 103000000,
    "incomeBeforeTaxRatio": 0.0261461136,
    "incomeTaxExpense": 32300000,
    "netIncome": 70700000,
    "netIncomeRatio": 0.0179468955,
    "eps": 0.14,
    "epsdiluted": 0.14,
    "weightedAverageShsOut": 482714045,
    "weightedAverageShsOutDil": 488000000,
    "link": "https://www.sec.gov/Archives/edgar/data/315189/000119312503098064/0001193125-03-098064-index.htm",
    "finalLink": "https://www.sec.gov/Archives/edgar/data/315189/000119312503098064/d10k.htm"
  },
  {
    "date": "2003-07-31",
    "symbol": "DE",
    "reportedCurrency": "USD",
    "cik": "0000315189",
    "fillingDate": "2003-08-29",
    "acceptedDate": "2003-08-29 14:22:02",
    "calendarYear": "2003",
    "period": "Q3",
    "revenue": 4401600000,
    "costOfRevenue": 3204300000,
    "grossProfit": 1197300000,
    "grossProfitRatio": 0.2720147219,
    "researchAndDevelopmentExpenses": 143300000,
    "generalAndAdministrativeExpenses": 0,
    "sellingAndMarketingExpenses": 0,
    "sellingGeneralAndAdministrativeExpenses": 521300000,
    "otherExpenses": 0,
    "operatingExpenses": 664600000,
    "costAndExpenses": 3868900000,
    "interestIncome": 0,
    "interestExpense": 0,
    "depreciationAndAmortization": 0,
    "ebitda": 532700000,
    "ebitdaratio": 0.121024173,
    "operatingIncome": 532700000,
    "operatingIncomeRatio": 0.121024173,
    "totalOtherIncomeExpensesNet": -158500000,
    "incomeBeforeTax": 374200000,
    "incomeBeforeTaxRatio": 0.0850145402,
    "incomeTaxExpense": 126700000,
    "netIncome": 247500000,
    "netIncomeRatio": 0.0562295529,
    "eps": 0.52,
    "epsdiluted": 0.51,
    "weightedAverageShsOut": 480582524,
    "weightedAverageShsOutDil": 485294118,
    "link": "https://www.sec.gov/Archives/edgar/data/315189/000031518903000101/0000315189-03-000101-index.htm",
    "finalLink": "https://www.sec.gov/Archives/edgar/data/315189/000031518903000101/dc10q3rdqtrhtml.htm"
  },
  {
    "date": "2003-04-30",
    "symbol": "DE",
    "reportedCurrency": "USD",
    "cik": "0000315189",
    "fillingDate": "2003-05-29",
    "acceptedDate": "2003-05-29 14:51:14",
    "calendarYear": "2003",
    "period": "Q2",
    "revenue": 4400000000,
    "costOfRevenue": 3191100000,
    "grossProfit": 1208900000,
    "grossProfitRatio": 0.27475,
    "researchAndDevelopmentExpenses": 144300000,
    "generalAndAdministrativeExpenses": 0,
    "sellingAndMarketingExpenses": 0,
    "sellingGeneralAndAdministrativeExpenses": 505800000,
    "otherExpenses": 0,
    "operatingExpenses": 650100000,
    "costAndExpenses": 3841200000,
    "interestIncome": 0,
    "interestExpense": 0,
    "depreciationAndAmortization": 0,
    "ebitda": 558800000,
    "ebitdaratio": 0.127,
    "operatingIncome": 558800000,
    "operatingIncomeRatio": 0.127,
    "totalOtherIncomeExpensesNet": -161500000,
    "incomeBeforeTax": 397300000,
    "incomeBeforeTaxRatio": 0.0902954545,
    "incomeTaxExpense": 140400000,
    "netIncome": 256900000,
    "netIncomeRatio": 0.0583863636,
    "eps": 0.54,
    "epsdiluted": 0.54,
    "weightedAverageShsOut": 475740741,
    "weightedAverageShsOutDil": 480186916,
    "link": "https://www.sec.gov/Archives/edgar/data/315189/000031518903000068/0000315189-03-000068-index.htm",
    "finalLink": "https://www.sec.gov/Archives/edgar/data/315189/000031518903000068/deere10q.htm"
  },
  {
    "date": "2003-01-31",
    "symbol": "DE",
    "reportedCurrency": "USD",
    "cik": "0000315189",
    "fillingDate": "2003-03-04",
    "acceptedDate": "2003-03-04 14:35:27",
    "calendarYear": "2003",
    "period": "Q1",
    "revenue": 2793600000,
    "costOfRevenue": 1977800000,
    "grossProfit": 815800000,
    "grossProfitRatio": 0.2920246277,
    "researchAndDevelopmentExpenses": 117500000,
    "generalAndAdministrativeExpenses": 0,
    "sellingAndMarketingExpenses": 0,
    "sellingGeneralAndAdministrativeExpenses": 440800000,
    "otherExpenses": 0,
    "operatingExpenses": 558300000,
    "costAndExpenses": 2536100000,
    "interestIncome": 0,
    "interestExpense": 0,
    "depreciationAndAmortization": 0,
    "ebitda": 257500000,
    "ebitdaratio": 0.0921749714,
    "operatingIncome": 257500000,
    "operatingIncomeRatio": 0.0921749714,
    "totalOtherIncomeExpensesNet": -152000000,
    "incomeBeforeTax": 105500000,
    "incomeBeforeTaxRatio": 0.0377648912,
    "incomeTaxExpense": 37500000,
    "netIncome": 68000000,
    "netIncomeRatio": 0.0243413517,
    "eps": 0.14,
    "epsdiluted": 0.14,
    "weightedAverageShsOut": 485714286,
    "weightedAverageShsOutDil": 485714286,
    "link": "https://www.sec.gov/Archives/edgar/data/315189/000031518903000032/0000315189-03-000032-index.htm",
    "finalLink": "https://www.sec.gov/Archives/edgar/data/315189/000031518903000032/deere10q.htm"
  },
  {
    "date": "2002-10-31",
    "symbol": "DE",
    "reportedCurrency": "USD",
    "cik": "0000315189",
    "fillingDate": "2002-12-20",
    "acceptedDate": "2002-12-19 17:48:06",
    "calendarYear": "2002",
    "period": "Q4",
    "revenue": 3469400000,
    "costOfRevenue": 2519200000,
    "grossProfit": 950200000,
    "grossProfitRatio": 0.2738802098,
    "researchAndDevelopmentExpenses": 143300000,
    "generalAndAdministrativeExpenses": 0,
    "sellingAndMarketingExpenses": 0,
    "sellingGeneralAndAdministrativeExpenses": 519500000,
    "otherExpenses": 0,
    "operatingExpenses": 662800000,
    "costAndExpenses": 3182000000,
    "interestIncome": 0,
    "interestExpense": 0,
    "depreciationAndAmortization": 0,
    "ebitda": 287400000,
    "ebitdaratio": 0.0828385312,
    "operatingIncome": 287400000,
    "operatingIncomeRatio": 0.0828385312,
    "totalOtherIncomeExpensesNet": -164600000,
    "incomeBeforeTax": 122800000,
    "incomeBeforeTaxRatio": 0.0353951692,
    "incomeTaxExpense": 54800000,
    "netIncome": 68000000,
    "netIncomeRatio": 0.0195999308,
    "eps": 0.14,
    "epsdiluted": 0.14,
    "weightedAverageShsOut": 476129032,
    "weightedAverageShsOutDil": 476129032,
    "link": "https://www.sec.gov/Archives/edgar/data/315189/000094018002001741/0000940180-02-001741-index.htm",
    "finalLink": "https://www.sec.gov/Archives/edgar/data/315189/000094018002001741/d10k.htm"
  },
  {
    "date": "2002-07-31",
    "symbol": "DE",
    "reportedCurrency": "USD",
    "cik": "0000315189",
    "fillingDate": "2002-07-31",
    "acceptedDate": "2002-07-31 00:00:00",
    "calendarYear": "2002",
    "period": "Q3",
    "revenue": 3969000000,
    "costOfRevenue": 2889400000,
    "grossProfit": 1079600000,
    "grossProfitRatio": 0.2720080625,
    "researchAndDevelopmentExpenses": 125200000,
    "generalAndAdministrativeExpenses": 0,
    "sellingAndMarketingExpenses": 0,
    "sellingGeneralAndAdministrativeExpenses": 507300000,
    "otherExpenses": 0,
    "operatingExpenses": 632500000,
    "costAndExpenses": 3521900000,
    "interestIncome": 0,
    "interestExpense": 0,
    "depreciationAndAmortization": 0,
    "ebitda": 447100000,
    "ebitdaratio": 0.1126480222,
    "operatingIncome": 447100000,
    "operatingIncomeRatio": 0.1126480222,
    "totalOtherIncomeExpensesNet": -164700000,
    "incomeBeforeTax": 282400000,
    "incomeBeforeTaxRatio": 0.0711514235,
    "incomeTaxExpense": 134800000,
    "netIncome": 147600000,
    "netIncomeRatio": 0.0371882086,
    "eps": 0.31,
    "epsdiluted": 0.31,
    "weightedAverageShsOut": 476000000,
    "weightedAverageShsOutDil": 476000000,
    "link": null,
    "finalLink": null
  },
  {
    "date": "2002-04-30",
    "symbol": "DE",
    "reportedCurrency": "USD",
    "cik": "0000315189",
    "fillingDate": "2002-06-06",
    "acceptedDate": "2002-06-05 18:05:36",
    "calendarYear": "2002",
    "period": "Q2",
    "revenue": 3986500000,
    "costOfRevenue": 2891300000,
    "grossProfit": 1095200000,
    "grossProfitRatio": 0.2747272043,
    "researchAndDevelopmentExpenses": 132000000,
    "generalAndAdministrativeExpenses": 0,
    "sellingAndMarketingExpenses": 0,
    "sellingGeneralAndAdministrativeExpenses": 566400000,
    "otherExpenses": 0,
    "operatingExpenses": 698400000,
    "costAndExpenses": 3589700000,
    "interestIncome": 0,
    "interestExpense": 0,
    "depreciationAndAmortization": 0,
    "ebitda": 396800000,
    "ebitdaratio": 0.0995359338,
    "operatingIncome": 396800000,
    "operatingIncomeRatio": 0.0995359338,
    "totalOtherIncomeExpensesNet": -161900000,
    "incomeBeforeTax": 234900000,
    "incomeBeforeTaxRatio": 0.0589238681,
    "incomeTaxExpense": 93100000,
    "netIncome": 141800000,
    "netIncomeRatio": 0.0355700489,
    "eps": 0.3,
    "epsdiluted": 0.3,
    "weightedAverageShsOut": 472666667,
    "weightedAverageShsOutDil": 480677966,
    "link": "https://www.sec.gov/Archives/edgar/data/315189/000031518902000031/0000315189-02-000031-index.htm",
    "finalLink": "https://www.sec.gov/Archives/edgar/data/315189/000031518902000031/quarterly10-qtemplate2.htm"
  },
  {
    "date": "2002-01-31",
    "symbol": "DE",
    "reportedCurrency": "USD",
    "cik": "0000315189",
    "fillingDate": "2002-03-12",
    "acceptedDate": "2002-03-12 00:00:00",
    "calendarYear": "2002",
    "period": "Q1",
    "revenue": 2522100000,
    "costOfRevenue": 1811900000,
    "grossProfit": 710200000,
    "grossProfitRatio": 0.2815907379,
    "researchAndDevelopmentExpenses": 127200000,
    "generalAndAdministrativeExpenses": 0,
    "sellingAndMarketingExpenses": 0,
    "sellingGeneralAndAdministrativeExpenses": 474600000,
    "otherExpenses": 0,
    "operatingExpenses": 601800000,
    "costAndExpenses": 2413700000,
    "interestIncome": 0,
    "interestExpense": 0,
    "depreciationAndAmortization": 0,
    "ebitda": 108400000,
    "ebitdaratio": 0.0429800563,
    "operatingIncome": 108400000,
    "operatingIncomeRatio": 0.0429800563,
    "totalOtherIncomeExpensesNet": -171000000,
    "incomeBeforeTax": -62600000,
    "incomeBeforeTaxRatio": -0.024820586,
    "incomeTaxExpense": -24500000,
    "netIncome": -38100000,
    "netIncomeRatio": -0.0151064589,
    "eps": -0.0802,
    "epsdiluted": -0.0802,
    "weightedAverageShsOut": 475000000,
    "weightedAverageShsOutDil": 475000000,
    "link": "https://www.sec.gov/Archives/edgar/data/315189/000095013102000859/0000950131-02-000859-index.htm",
    "finalLink": "https://www.sec.gov/Archives/edgar/data/315189/000095013102000859/d10q.txt"
  },
  {
    "date": "2001-10-31",
    "symbol": "DE",
    "reportedCurrency": "USD",
    "cik": "0000315189",
    "fillingDate": "2001-12-21",
    "acceptedDate": "2001-12-21 00:00:00",
    "calendarYear": "2001",
    "period": "Q4",
    "revenue": 3252200000,
    "costOfRevenue": 2705500000,
    "grossProfit": 546700000,
    "grossProfitRatio": 0.1681015928,
    "researchAndDevelopmentExpenses": 160500000,
    "generalAndAdministrativeExpenses": 0,
    "sellingAndMarketingExpenses": 0,
    "sellingGeneralAndAdministrativeExpenses": 677700000,
    "otherExpenses": 0,
    "operatingExpenses": 838200000,
    "costAndExpenses": 3543700000,
    "interestIncome": 0,
    "interestExpense": 0,
    "depreciationAndAmortization": 0,
    "ebitda": -291500000,
    "ebitdaratio": -0.089631634,
    "operatingIncome": -291500000,
    "operatingIncomeRatio": -0.089631634,
    "totalOtherIncomeExpensesNet": -185600000,
    "incomeBeforeTax": -477100000,
    "incomeBeforeTaxRatio": -0.1467006949,
    "incomeTaxExpense": -157000000,
    "netIncome": -320100000,
    "netIncomeRatio": -0.0984256811,
    "eps": -0.67,
    "epsdiluted": -0.67,
    "weightedAverageShsOut": 476250000,
    "weightedAverageShsOutDil": 476250000,
    "link": "https://www.sec.gov/Archives/edgar/data/315189/000095013101504637/0000950131-01-504637-index.htm",
    "finalLink": "https://www.sec.gov/Archives/edgar/data/315189/000095013101504637/d10k405.txt"
  },
  {
    "date": "2001-07-31",
    "symbol": "DE",
    "reportedCurrency": "USD",
    "cik": "0000315189",
    "fillingDate": "2001-09-13",
    "acceptedDate": "2001-09-13 00:00:00",
    "calendarYear": "2001",
    "period": "Q3",
    "revenue": 3617800000,
    "costOfRevenue": 2660900000,
    "grossProfit": 956900000,
    "grossProfitRatio": 0.2644977611,
    "researchAndDevelopmentExpenses": 141800000,
    "generalAndAdministrativeExpenses": 0,
    "sellingAndMarketingExpenses": 0,
    "sellingGeneralAndAdministrativeExpenses": 490900000,
    "otherExpenses": 0,
    "operatingExpenses": 632700000,
    "costAndExpenses": 3293600000,
    "interestIncome": 0,
    "interestExpense": 0,
    "depreciationAndAmortization": 0,
    "ebitda": 324200000,
    "ebitdaratio": 0.0896124717,
    "operatingIncome": 324200000,
    "operatingIncomeRatio": 0.0896124717,
    "totalOtherIncomeExpensesNet": -192000000,
    "incomeBeforeTax": 132200000,
    "incomeBeforeTaxRatio": 0.0365415446,
    "incomeTaxExpense": 60400000,
    "netIncome": 71800000,
    "netIncomeRatio": 0.0198463154,
    "eps": 0.15,
    "epsdiluted": 0.15,
    "weightedAverageShsOut": 469400000,
    "weightedAverageShsOutDil": 473000000,
    "link": "https://www.sec.gov/Archives/edgar/data/315189/000091205701532081/0000912057-01-532081-index.htm",
    "finalLink": "https://www.sec.gov/Archives/edgar/data/315189/000091205701532081/a2058914z10-q.htm"
  },
  {
    "date": "2001-04-30",
    "symbol": "DE",
    "reportedCurrency": "USD",
    "cik": "0000315189",
    "fillingDate": "2001-06-07",
    "acceptedDate": "2001-06-07 00:00:00",
    "calendarYear": "2001",
    "period": "Q2",
    "revenue": 3809000000,
    "costOfRevenue": 2747000000,
    "grossProfit": 1062000000,
    "grossProfitRatio": 0.2788133368,
    "researchAndDevelopmentExpenses": 153500000,
    "generalAndAdministrativeExpenses": 0,
    "sellingAndMarketingExpenses": 0,
    "sellingGeneralAndAdministrativeExpenses": 492100000,
    "otherExpenses": 0,
    "operatingExpenses": 645600000,
    "costAndExpenses": 3392600000,
    "interestIncome": 0,
    "interestExpense": 0,
    "depreciationAndAmortization": 0,
    "ebitda": 416400000,
    "ebitdaratio": 0.1093200315,
    "operatingIncome": 416400000,
    "operatingIncomeRatio": 0.1093200315,
    "totalOtherIncomeExpensesNet": -207000000,
    "incomeBeforeTax": 209400000,
    "incomeBeforeTaxRatio": 0.0549750591,
    "incomeTaxExpense": 81600000,
    "netIncome": 127800000,
    "netIncomeRatio": 0.0335521134,
    "eps": 0.28,
    "epsdiluted": 0.27,
    "weightedAverageShsOut": 469400000,
    "weightedAverageShsOutDil": 473000000,
    "link": "https://www.sec.gov/Archives/edgar/data/315189/000031518901500034/0000315189-01-500034-index.htm",
    "finalLink": "https://www.sec.gov/Archives/edgar/data/315189/000031518901500034/edg10q.txt"
  },
  {
    "date": "2001-01-31",
    "symbol": "DE",
    "reportedCurrency": "USD",
    "cik": "0000315189",
    "fillingDate": "2001-03-05",
    "acceptedDate": "2001-03-05 00:00:00",
    "calendarYear": "2001",
    "period": "Q1",
    "revenue": 2705100000,
    "costOfRevenue": 1830100000,
    "grossProfit": 875000000,
    "grossProfitRatio": 0.3234630882,
    "researchAndDevelopmentExpenses": 134300000,
    "generalAndAdministrativeExpenses": 0,
    "sellingAndMarketingExpenses": 0,
    "sellingGeneralAndAdministrativeExpenses": 448900000,
    "otherExpenses": 0,
    "operatingExpenses": 583200000,
    "costAndExpenses": 2413300000,
    "interestIncome": 0,
    "interestExpense": 0,
    "depreciationAndAmortization": 0,
    "ebitda": 291800000,
    "ebitdaratio": 0.107870319,
    "operatingIncome": 291800000,
    "operatingIncomeRatio": 0.107870319,
    "totalOtherIncomeExpensesNet": -202800000,
    "incomeBeforeTax": 89000000,
    "incomeBeforeTaxRatio": 0.032900817,
    "incomeTaxExpense": 32600000,
    "netIncome": 56400000,
    "netIncomeRatio": 0.0208495065,
    "eps": 0.12,
    "epsdiluted": 0.12,
    "weightedAverageShsOut": 469200000,
    "weightedAverageShsOutDil": 473200000,
    "link": "https://www.sec.gov/Archives/edgar/data/315189/000095013101001434/0000950131-01-001434-index.htm",
    "finalLink": "https://www.sec.gov/Archives/edgar/data/315189/000095013101001434/0000950131-01-001434-0001.txt"
  },
  {
    "date": "2000-10-31",
    "symbol": "DE",
    "reportedCurrency": "USD",
    "cik": "0000315189",
    "fillingDate": "2001-01-16",
    "acceptedDate": "2001-01-16 00:00:00",
    "calendarYear": "2000",
    "period": "Q4",
    "revenue": 3318400000,
    "costOfRevenue": 1733900000,
    "grossProfit": 1584500000,
    "grossProfitRatio": 0.4774891514,
    "researchAndDevelopmentExpenses": 168800000,
    "generalAndAdministrativeExpenses": 0,
    "sellingAndMarketingExpenses": 0,
    "sellingGeneralAndAdministrativeExpenses": 542400000,
    "otherExpenses": 647900000,
    "operatingExpenses": 1359100000,
    "costAndExpenses": 3093000000,
    "interestIncome": 0,
    "interestExpense": 0,
    "depreciationAndAmortization": 0,
    "ebitda": 225400000,
    "ebitdaratio": 0.0679243009,
    "operatingIncome": 225400000,
    "operatingIncomeRatio": 0.0679243009,
    "totalOtherIncomeExpensesNet": -132300000,
    "incomeBeforeTax": 93100000,
    "incomeBeforeTaxRatio": 0.0280556895,
    "incomeTaxExpense": 22000000,
    "netIncome": 71100000,
    "netIncomeRatio": 0.0214259884,
    "eps": 0.15,
    "epsdiluted": 0.15,
    "weightedAverageShsOut": 470000000,
    "weightedAverageShsOutDil": 470000000,
    "link": "https://www.sec.gov/Archives/edgar/data/315189/000095013101000198/0000950131-01-000198-index.htm",
    "finalLink": "https://www.sec.gov/Archives/edgar/data/315189/000095013101000198/0000950131-01-000198-0001.txt"
  },
  {
    "date": "2000-07-31",
    "symbol": "DE",
    "reportedCurrency": "USD",
    "cik": "0000315189",
    "fillingDate": "2000-09-05",
    "acceptedDate": "2000-09-05 00:00:00",
    "calendarYear": "2000",
    "period": "Q3",
    "revenue": 3584400000,
    "costOfRevenue": 2570500000,
    "grossProfit": 1013900000,
    "grossProfitRatio": 0.2828646356,
    "researchAndDevelopmentExpenses": 131000000,
    "generalAndAdministrativeExpenses": 0,
    "sellingAndMarketingExpenses": 0,
    "sellingGeneralAndAdministrativeExpenses": 479200000,
    "otherExpenses": 0,
    "operatingExpenses": 610200000,
    "costAndExpenses": 3180700000,
    "interestIncome": 0,
    "interestExpense": 0,
    "depreciationAndAmortization": 0,
    "ebitda": 403700000,
    "ebitdaratio": 0.112626939,
    "operatingIncome": 403700000,
    "operatingIncomeRatio": 0.112626939,
    "totalOtherIncomeExpensesNet": -129800000,
    "incomeBeforeTax": 273900000,
    "incomeBeforeTaxRatio": 0.0764144627,
    "incomeTaxExpense": 101500000,
    "netIncome": 172400000,
    "netIncomeRatio": 0.0480973106,
    "eps": 0.37,
    "epsdiluted": 0.36,
    "weightedAverageShsOut": 465945946,
    "weightedAverageShsOutDil": 478888889,
    "link": "https://www.sec.gov/Archives/edgar/data/315189/000031518900500014/0000315189-00-500014-index.htm",
    "finalLink": "https://www.sec.gov/Archives/edgar/data/315189/000031518900500014/de10q7312000edg.txt"
  },
  {
    "date": "2000-04-30",
    "symbol": "DE",
    "reportedCurrency": "USD",
    "cik": "0000315189",
    "fillingDate": "2000-06-08",
    "acceptedDate": "2000-06-08 00:00:00",
    "calendarYear": "2000",
    "period": "Q2",
    "revenue": 3755800000,
    "costOfRevenue": 2678600000,
    "grossProfit": 1077200000,
    "grossProfitRatio": 0.2868097343,
    "researchAndDevelopmentExpenses": 139700000,
    "generalAndAdministrativeExpenses": 0,
    "sellingAndMarketingExpenses": 0,
    "sellingGeneralAndAdministrativeExpenses": 458100000,
    "otherExpenses": 0,
    "operatingExpenses": 597800000,
    "costAndExpenses": 3276400000,
    "interestIncome": 0,
    "interestExpense": 0,
    "depreciationAndAmortization": 0,
    "ebitda": 479400000,
    "ebitdaratio": 0.1276425795,
    "operatingIncome": 479400000,
    "operatingIncomeRatio": 0.1276425795,
    "totalOtherIncomeExpensesNet": -126200000,
    "incomeBeforeTax": 353200000,
    "incomeBeforeTaxRatio": 0.0940412163,
    "incomeTaxExpense": 149500000,
    "netIncome": 203700000,
    "netIncomeRatio": 0.0542361148,
    "eps": 0.44,
    "epsdiluted": 0.44,
    "weightedAverageShsOut": 468275862,
    "weightedAverageShsOutDil": 468275862,
    "link": "https://www.sec.gov/Archives/edgar/data/315189/000091205700027721/0000912057-00-027721-index.htm",
    "finalLink": "https://www.sec.gov/Archives/edgar/data/315189/000091205700027721/a10-q.htm"
  },
  {
    "date": "2000-01-31",
    "symbol": "DE",
    "reportedCurrency": "USD",
    "cik": "0000315189",
    "fillingDate": "2000-03-13",
    "acceptedDate": "2000-03-13 00:00:00",
    "calendarYear": "2000",
    "period": "Q1",
    "revenue": 2305000000,
    "costOfRevenue": 1624400000,
    "grossProfit": 680600000,
    "grossProfitRatio": 0.2952711497,
    "researchAndDevelopmentExpenses": 102600000,
    "generalAndAdministrativeExpenses": 0,
    "sellingAndMarketingExpenses": 0,
    "sellingGeneralAndAdministrativeExpenses": 405700000,
    "otherExpenses": 0,
    "operatingExpenses": 508300000,
    "costAndExpenses": 2132700000,
    "interestIncome": 0,
    "interestExpense": 0,
    "depreciationAndAmortization": 0,
    "ebitda": 172300000,
    "ebitdaratio": 0.0747505423,
    "operatingIncome": 172300000,
    "operatingIncomeRatio": 0.0747505423,
    "totalOtherIncomeExpensesNet": -113800000,
    "incomeBeforeTax": 58500000,
    "incomeBeforeTaxRatio": 0.0253796095,
    "incomeTaxExpense": 20800000,
    "netIncome": 37700000,
    "netIncomeRatio": 0.0163557484,
    "eps": 0.08,
    "epsdiluted": 0.08,
    "weightedAverageShsOut": 471250000,
    "weightedAverageShsOutDil": 471250000,
    "link": "https://www.sec.gov/Archives/edgar/data/315189/000031518900000012/0000315189-00-000012-index.htm",
    "finalLink": "https://www.sec.gov/Archives/edgar/data/315189/000031518900000012/0000315189-00-000012.txt"
  },
  {
    "date": "1999-10-31",
    "symbol": "DE",
    "reportedCurrency": "USD",
    "cik": "0000315189",
    "fillingDate": "2000-01-25",
    "acceptedDate": "2000-01-25 00:00:00",
    "calendarYear": "1999",
    "period": "Q4",
    "revenue": 2688300000,
    "costOfRevenue": 1550100000,
    "grossProfit": 1138200000,
    "grossProfitRatio": 0.4233902466,
    "researchAndDevelopmentExpenses": 134600000,
    "generalAndAdministrativeExpenses": 0,
    "sellingAndMarketingExpenses": 0,
    "sellingGeneralAndAdministrativeExpenses": 516400000,
    "otherExpenses": 513300000,
    "operatingExpenses": 1164300000,
    "costAndExpenses": 2714400000,
    "interestIncome": 0,
    "interestExpense": 0,
    "depreciationAndAmortization": 0,
    "ebitda": -26100000,
    "ebitdaratio": -0.0097087379,
    "operatingIncome": -26100000,
    "operatingIncomeRatio": -0.0097087379,
    "totalOtherIncomeExpensesNet": -38800000,
    "incomeBeforeTax": -64900000,
    "incomeBeforeTaxRatio": -0.0241416509,
    "incomeTaxExpense": -35400000,
    "netIncome": -29500000,
    "netIncomeRatio": -0.0109734777,
    "eps": -0.063,
    "epsdiluted": -0.0626,
    "weightedAverageShsOut": 468036491,
    "weightedAverageShsOutDil": 471250000,
    "link": "https://www.sec.gov/Archives/edgar/data/315189/000091205700002143/0000912057-00-002143-index.htm",
    "finalLink": "https://www.sec.gov/Archives/edgar/data/315189/000091205700002143/0000912057-00-002143-d1.html"
  },
  {
    "date": "1999-07-31",
    "symbol": "DE",
    "reportedCurrency": "USD",
    "cik": "0000315189",
    "fillingDate": "1999-09-03",
    "acceptedDate": "1999-09-03 00:00:00",
    "calendarYear": "1999",
    "period": "Q3",
    "revenue": 2968500000,
    "costOfRevenue": 2165200000,
    "grossProfit": 803300000,
    "grossProfitRatio": 0.2706080512,
    "researchAndDevelopmentExpenses": 114700000,
    "generalAndAdministrativeExpenses": 0,
    "sellingAndMarketingExpenses": 0,
    "sellingGeneralAndAdministrativeExpenses": 492000000,
    "otherExpenses": 0,
    "operatingExpenses": 606700000,
    "costAndExpenses": 2771900000,
    "interestIncome": 0,
    "interestExpense": 0,
    "depreciationAndAmortization": 0,
    "ebitda": 196600000,
    "ebitdaratio": 0.0662287351,
    "operatingIncome": 196600000,
    "operatingIncomeRatio": 0.0662287351,
    "totalOtherIncomeExpensesNet": -66700000,
    "incomeBeforeTax": 129900000,
    "incomeBeforeTaxRatio": 0.0437594745,
    "incomeTaxExpense": 61000000,
    "netIncome": 68900000,
    "netIncomeRatio": 0.0232103756,
    "eps": 0.15,
    "epsdiluted": 0.14,
    "weightedAverageShsOut": 459333333,
    "weightedAverageShsOutDil": 475172414,
    "link": "https://www.sec.gov/Archives/edgar/data/315189/000031518999000039/0000315189-99-000039-index.htm",
    "finalLink": "https://www.sec.gov/Archives/edgar/data/315189/000031518999000039/0000315189-99-000039.txt"
  },
  {
    "date": "1999-04-30",
    "symbol": "DE",
    "reportedCurrency": "USD",
    "cik": "0000315189",
    "fillingDate": "1999-06-08",
    "acceptedDate": "1999-06-08 00:00:00",
    "calendarYear": "1999",
    "period": "Q2",
    "revenue": 3434000000,
    "costOfRevenue": 2488800000,
    "grossProfit": 945200000,
    "grossProfitRatio": 0.2752475248,
    "researchAndDevelopmentExpenses": 113100000,
    "generalAndAdministrativeExpenses": 0,
    "sellingAndMarketingExpenses": 0,
    "sellingGeneralAndAdministrativeExpenses": 492900000,
    "otherExpenses": 0,
    "operatingExpenses": 606000000,
    "costAndExpenses": 3094800000,
    "interestIncome": 0,
    "interestExpense": 0,
    "depreciationAndAmortization": 0,
    "ebitda": 339200000,
    "ebitdaratio": 0.0987769365,
    "operatingIncome": 339200000,
    "operatingIncomeRatio": 0.0987769365,
    "totalOtherIncomeExpensesNet": -106400000,
    "incomeBeforeTax": 232800000,
    "incomeBeforeTaxRatio": 0.0677926616,
    "incomeTaxExpense": 82700000,
    "netIncome": 150100000,
    "netIncomeRatio": 0.0437099592,
    "eps": 0.33,
    "epsdiluted": 0.33,
    "weightedAverageShsOut": 461846154,
    "weightedAverageShsOutDil": 461846154,
    "link": "https://www.sec.gov/Archives/edgar/data/315189/000031518999000023/0000315189-99-000023-index.htm",
    "finalLink": "https://www.sec.gov/Archives/edgar/data/315189/000031518999000023/0000315189-99-000023.txt"
  },
  {
    "date": "1999-01-31",
    "symbol": "DE",
    "reportedCurrency": "USD",
    "cik": "0000315189",
    "fillingDate": "1999-03-10",
    "acceptedDate": "1999-03-10 00:00:00",
    "calendarYear": "1999",
    "period": "Q1",
    "revenue": 2430700000,
    "costOfRevenue": 1696500000,
    "grossProfit": 734200000,
    "grossProfitRatio": 0.3020529066,
    "researchAndDevelopmentExpenses": 95900000,
    "generalAndAdministrativeExpenses": 0,
    "sellingAndMarketingExpenses": 0,
    "sellingGeneralAndAdministrativeExpenses": 455700000,
    "otherExpenses": 0,
    "operatingExpenses": 551600000,
    "costAndExpenses": 2248100000,
    "interestIncome": 0,
    "interestExpense": 0,
    "depreciationAndAmortization": 0,
    "ebitda": 182600000,
    "ebitdaratio": 0.0751223927,
    "operatingIncome": 182600000,
    "operatingIncomeRatio": 0.0751223927,
    "totalOtherIncomeExpensesNet": -106400000,
    "incomeBeforeTax": 76200000,
    "incomeBeforeTaxRatio": 0.0313489941,
    "incomeTaxExpense": 26500000,
    "netIncome": 49700000,
    "netIncomeRatio": 0.0204467849,
    "eps": 0.11,
    "epsdiluted": 0.11,
    "weightedAverageShsOut": 473333333,
    "weightedAverageShsOutDil": 473333333,
    "link": "https://www.sec.gov/Archives/edgar/data/315189/000031518999000009/0000315189-99-000009-index.htm",
    "finalLink": "https://www.sec.gov/Archives/edgar/data/315189/0000315189-99-000009.txt"
  },
  {
    "date": "1998-10-31",
    "symbol": "DE",
    "reportedCurrency": "USD",
    "cik": "0000315189",
    "fillingDate": "1999-01-26",
    "acceptedDate": "1999-01-26 00:00:00",
    "calendarYear": "1998",
    "period": "Q4",
    "revenue": 3092300000,
    "costOfRevenue": 1779200000,
    "grossProfit": 1313100000,
    "grossProfitRatio": 0.4246353847,
    "researchAndDevelopmentExpenses": 124900000,
    "generalAndAdministrativeExpenses": 0,
    "sellingAndMarketingExpenses": 0,
    "sellingGeneralAndAdministrativeExpenses": 518500000,
    "otherExpenses": 418000000,
    "operatingExpenses": 1061400000,
    "costAndExpenses": 2840600000,
    "interestIncome": 0,
    "interestExpense": 0,
    "depreciationAndAmortization": 0,
    "ebitda": 251700000,
    "ebitdaratio": 0.0813957249,
    "operatingIncome": 251700000,
    "operatingIncomeRatio": 0.0813957249,
    "totalOtherIncomeExpensesNet": -13500000,
    "incomeBeforeTax": 238200000,
    "incomeBeforeTaxRatio": 0.0770300424,
    "incomeTaxExpense": 76100000,
    "netIncome": 162100000,
    "netIncomeRatio": 0.0524205284,
    "eps": 0.34,
    "epsdiluted": 0.34,
    "weightedAverageShsOut": 468217219,
    "weightedAverageShsOutDil": 473333333,
    "link": "https://www.sec.gov/Archives/edgar/data/315189/000104746999002236/0001047469-99-002236-index.htm",
    "finalLink": "https://www.sec.gov/Archives/edgar/data/315189/000104746999002236/"
  },
  {
    "date": "1998-07-31",
    "symbol": "DE",
    "reportedCurrency": "USD",
    "cik": "0000315189",
    "fillingDate": "1998-09-02",
    "acceptedDate": "1998-09-02 00:00:00",
    "calendarYear": "1998",
    "period": "Q3",
    "revenue": 3669300000,
    "costOfRevenue": 2538700000,
    "grossProfit": 1130600000,
    "grossProfitRatio": 0.3081241654,
    "researchAndDevelopmentExpenses": 110700000,
    "generalAndAdministrativeExpenses": 0,
    "sellingAndMarketingExpenses": 0,
    "sellingGeneralAndAdministrativeExpenses": 468600000,
    "otherExpenses": 0,
    "operatingExpenses": 579300000,
    "costAndExpenses": 3118000000,
    "interestIncome": 0,
    "interestExpense": 0,
    "depreciationAndAmortization": 0,
    "ebitda": 551300000,
    "ebitdaratio": 0.150246641,
    "operatingIncome": 551300000,
    "operatingIncomeRatio": 0.150246641,
    "totalOtherIncomeExpensesNet": -105700000,
    "incomeBeforeTax": 445600000,
    "incomeBeforeTaxRatio": 0.1214400567,
    "incomeTaxExpense": 154800000,
    "netIncome": 290800000,
    "netIncomeRatio": 0.0792521734,
    "eps": 0.6,
    "epsdiluted": 0.6,
    "weightedAverageShsOut": 484666667,
    "weightedAverageShsOutDil": 488739496,
    "link": "https://www.sec.gov/Archives/edgar/data/315189/000031518998000019/0000315189-98-000019-index.htm",
    "finalLink": "https://www.sec.gov/Archives/edgar/data/315189/0000315189-98-000019.txt"
  },
  {
    "date": "1998-04-30",
    "symbol": "DE",
    "reportedCurrency": "USD",
    "cik": "0000315189",
    "fillingDate": "1998-06-09",
    "acceptedDate": "1998-06-09 00:00:00",
    "calendarYear": "1998",
    "period": "Q2",
    "revenue": 4040200000,
    "costOfRevenue": 2779100000,
    "grossProfit": 1261100000,
    "grossProfitRatio": 0.312138013,
    "researchAndDevelopmentExpenses": 114200000,
    "generalAndAdministrativeExpenses": 0,
    "sellingAndMarketingExpenses": 0,
    "sellingGeneralAndAdministrativeExpenses": 479700000,
    "otherExpenses": 0,
    "operatingExpenses": 593900000,
    "costAndExpenses": 3373000000,
    "interestIncome": 0,
    "interestExpense": 0,
    "depreciationAndAmortization": 0,
    "ebitda": 667200000,
    "ebitdaratio": 0.1651403396,
    "operatingIncome": 667200000,
    "operatingIncomeRatio": 0.1651403396,
    "totalOtherIncomeExpensesNet": -96800000,
    "incomeBeforeTax": 570400000,
    "incomeBeforeTaxRatio": 0.1411811296,
    "incomeTaxExpense": 205200000,
    "netIncome": 365200000,
    "netIncomeRatio": 0.0903915648,
    "eps": 0.74,
    "epsdiluted": 0.73,
    "weightedAverageShsOut": 493513514,
    "weightedAverageShsOutDil": 503724138,
    "link": "https://www.sec.gov/Archives/edgar/data/315189/000031518998000011/0000315189-98-000011-index.htm",
    "finalLink": "https://www.sec.gov/Archives/edgar/data/315189/0000315189-98-000011.txt"
  },
  {
    "date": "1998-01-31",
    "symbol": "DE",
    "reportedCurrency": "USD",
    "cik": "0000315189",
    "fillingDate": "1998-03-06",
    "acceptedDate": "1998-03-06 00:00:00",
    "calendarYear": "1998",
    "period": "Q1",
    "revenue": 2824000000,
    "costOfRevenue": 1894100000,
    "grossProfit": 929900000,
    "grossProfitRatio": 0.3292847025,
    "researchAndDevelopmentExpenses": 94700000,
    "generalAndAdministrativeExpenses": 0,
    "sellingAndMarketingExpenses": 0,
    "sellingGeneralAndAdministrativeExpenses": 421700000,
    "otherExpenses": 0,
    "operatingExpenses": 516400000,
    "costAndExpenses": 2410500000,
    "interestIncome": 0,
    "interestExpense": 0,
    "depreciationAndAmortization": 0,
    "ebitda": 413500000,
    "ebitdaratio": 0.1464235127,
    "operatingIncome": 413500000,
    "operatingIncomeRatio": 0.1464235127,
    "totalOtherIncomeExpensesNet": -92400000,
    "incomeBeforeTax": 321100000,
    "incomeBeforeTaxRatio": 0.113703966,
    "incomeTaxExpense": 117800000,
    "netIncome": 203300000,
    "netIncomeRatio": 0.071990085,
    "eps": 0.41,
    "epsdiluted": 0.41,
    "weightedAverageShsOut": 501975309,
    "weightedAverageShsOutDil": 501975309,
    "link": "https://www.sec.gov/Archives/edgar/data/315189/000031518998000005/0000315189-98-000005-index.htm",
    "finalLink": "https://www.sec.gov/Archives/edgar/data/315189/0000315189-98-000005.txt"
  },
  {
    "date": "1997-10-31",
    "symbol": "DE",
    "reportedCurrency": "USD",
    "cik": "0000315189",
    "fillingDate": "1998-01-23",
    "acceptedDate": "1998-01-23 00:00:00",
    "calendarYear": "1997",
    "period": "Q4",
    "revenue": 3343300000,
    "costOfRevenue": 1996800000,
    "grossProfit": 1346500000,
    "grossProfitRatio": 0.4027457901,
    "researchAndDevelopmentExpenses": 119800000,
    "generalAndAdministrativeExpenses": 0,
    "sellingAndMarketingExpenses": 0,
    "sellingGeneralAndAdministrativeExpenses": 534800000,
    "otherExpenses": 365600000,
    "operatingExpenses": 1020200000,
    "costAndExpenses": 3017000000,
    "interestIncome": 0,
    "interestExpense": 0,
    "depreciationAndAmortization": 0,
    "ebitda": 326300000,
    "ebitdaratio": 0.0975981814,
    "operatingIncome": 326300000,
    "operatingIncomeRatio": 0.0975981814,
    "totalOtherIncomeExpensesNet": -10400000,
    "incomeBeforeTax": 315900000,
    "incomeBeforeTaxRatio": 0.0944874824,
    "incomeTaxExpense": 104600000,
    "netIncome": 211300000,
    "netIncomeRatio": 0.0632010289,
    "eps": 0.42,
    "epsdiluted": 0.42,
    "weightedAverageShsOut": 501975309,
    "weightedAverageShsOutDil": 501975309,
    "link": "https://www.sec.gov/Archives/edgar/data/315189/000104746998001932/0001047469-98-001932-index.htm",
    "finalLink": "https://www.sec.gov/Archives/edgar/data/315189/000104746998001932/"
  },
  {
    "date": "1997-07-31",
    "symbol": "DE",
    "reportedCurrency": "USD",
    "cik": "0000315189",
    "fillingDate": "1997-09-04",
    "acceptedDate": "1997-09-04 00:00:00",
    "calendarYear": "1997",
    "period": "Q3",
    "revenue": 3400500000,
    "costOfRevenue": 2329300000,
    "grossProfit": 1071200000,
    "grossProfitRatio": 0.3150124982,
    "researchAndDevelopmentExpenses": 99500000,
    "generalAndAdministrativeExpenses": 0,
    "sellingAndMarketingExpenses": 0,
    "sellingGeneralAndAdministrativeExpenses": 490900000,
    "otherExpenses": 0,
    "operatingExpenses": 590400000,
    "costAndExpenses": 2919700000,
    "interestIncome": 0,
    "interestExpense": 0,
    "depreciationAndAmortization": 0,
    "ebitda": 480800000,
    "ebitdaratio": 0.1413909719,
    "operatingIncome": 480800000,
    "operatingIncomeRatio": 0.1413909719,
    "totalOtherIncomeExpensesNet": -76700000,
    "incomeBeforeTax": 404100000,
    "incomeBeforeTaxRatio": 0.1188354654,
    "incomeTaxExpense": 151400000,
    "netIncome": 252700000,
    "netIncomeRatio": 0.0743126011,
    "eps": 0.5,
    "epsdiluted": 0.5,
    "weightedAverageShsOut": 505400000,
    "weightedAverageShsOutDil": 510505051,
    "link": "https://www.sec.gov/Archives/edgar/data/315189/000031518997000013/0000315189-97-000013-index.htm",
    "finalLink": "https://www.sec.gov/Archives/edgar/data/315189/0000315189-97-000013.txt"
  },
  {
    "date": "1997-04-30",
    "symbol": "DE",
    "reportedCurrency": "USD",
    "cik": "0000315189",
    "fillingDate": "1997-06-10",
    "acceptedDate": "1997-06-10 00:00:00",
    "calendarYear": "1997",
    "period": "Q2",
    "revenue": 3501500000,
    "costOfRevenue": 2339600000,
    "grossProfit": 1161900000,
    "grossProfitRatio": 0.3318292161,
    "researchAndDevelopmentExpenses": 106600000,
    "generalAndAdministrativeExpenses": 0,
    "sellingAndMarketingExpenses": 0,
    "sellingGeneralAndAdministrativeExpenses": 463400000,
    "otherExpenses": 0,
    "operatingExpenses": 570000000,
    "costAndExpenses": 2909600000,
    "interestIncome": 0,
    "interestExpense": 0,
    "depreciationAndAmortization": 0,
    "ebitda": 591900000,
    "ebitdaratio": 0.1690418392,
    "operatingIncome": 591900000,
    "operatingIncomeRatio": 0.1690418392,
    "totalOtherIncomeExpensesNet": -83700000,
    "incomeBeforeTax": 508200000,
    "incomeBeforeTaxRatio": 0.1451377981,
    "incomeTaxExpense": 188700000,
    "netIncome": 319500000,
    "netIncomeRatio": 0.0912466086,
    "eps": 0.63,
    "epsdiluted": 0.62,
    "weightedAverageShsOut": 511200000,
    "weightedAverageShsOutDil": 515322581,
    "link": "https://www.sec.gov/Archives/edgar/data/315189/000031518997000007/0000315189-97-000007-index.htm",
    "finalLink": "https://www.sec.gov/Archives/edgar/data/315189/0000315189-97-000007.txt"
  },
  {
    "date": "1997-01-31",
    "symbol": "DE",
    "reportedCurrency": "USD",
    "cik": "0000315189",
    "fillingDate": "1997-03-07",
    "acceptedDate": "1997-03-07 00:00:00",
    "calendarYear": "1997",
    "period": "Q1",
    "revenue": 2372100000,
    "costOfRevenue": 1543700000,
    "grossProfit": 828400000,
    "grossProfitRatio": 0.3492264238,
    "researchAndDevelopmentExpenses": 86500000,
    "generalAndAdministrativeExpenses": 0,
    "sellingAndMarketingExpenses": 0,
    "sellingGeneralAndAdministrativeExpenses": 385600000,
    "otherExpenses": 0,
    "operatingExpenses": 472100000,
    "costAndExpenses": 2015800000,
    "interestIncome": 0,
    "interestExpense": 0,
    "depreciationAndAmortization": 0,
    "ebitda": 356300000,
    "ebitdaratio": 0.1502044602,
    "operatingIncome": 356300000,
    "operatingIncomeRatio": 0.1502044602,
    "totalOtherIncomeExpensesNet": -73500000,
    "incomeBeforeTax": 282800000,
    "incomeBeforeTaxRatio": 0.1192192572,
    "incomeTaxExpense": 106100000,
    "netIncome": 176700000,
    "netIncomeRatio": 0.0744909574,
    "eps": 0.35,
    "epsdiluted": 0.34,
    "weightedAverageShsOut": 512173913,
    "weightedAverageShsOutDil": 519705882,
    "link": "https://www.sec.gov/Archives/edgar/data/315189/000031518997000003/0000315189-97-000003-index.htm",
    "finalLink": "https://www.sec.gov/Archives/edgar/data/315189/0000315189-97-000003.txt"
  },
  {
    "date": "1996-10-31",
    "symbol": "DE",
    "reportedCurrency": "USD",
    "cik": "0000315189",
    "fillingDate": "1997-01-15",
    "acceptedDate": "1997-01-15 00:00:00",
    "calendarYear": "1996",
    "period": "Q4",
    "revenue": 2885400000,
    "costOfRevenue": 1601700000,
    "grossProfit": 1283700000,
    "grossProfitRatio": 0.4448949886,
    "researchAndDevelopmentExpenses": 0,
    "generalAndAdministrativeExpenses": 0,
    "sellingAndMarketingExpenses": 0,
    "sellingGeneralAndAdministrativeExpenses": 619600000,
    "otherExpenses": 311400000,
    "operatingExpenses": 931000000,
    "costAndExpenses": 2532700000,
    "interestIncome": 0,
    "interestExpense": 0,
    "depreciationAndAmortization": 0,
    "ebitda": 352700000,
    "ebitdaratio": 0.1222360851,
    "operatingIncome": 352700000,
    "operatingIncomeRatio": 0.1222360851,
    "totalOtherIncomeExpensesNet": -64400000,
    "incomeBeforeTax": 288300000,
    "incomeBeforeTaxRatio": 0.0999168226,
    "incomeTaxExpense": 114400000,
    "netIncome": 173900000,
    "netIncomeRatio": 0.0602689402,
    "eps": 0.34,
    "epsdiluted": 0.34,
    "weightedAverageShsOut": 512173913,
    "weightedAverageShsOutDil": 512173913,
    "link": "https://www.sec.gov/Archives/edgar/data/315189/000091205797001035/0000912057-97-001035-index.htm",
    "finalLink": "https://www.sec.gov/Archives/edgar/data/315189/000091205797001035/"
  },
  {
    "date": "1996-07-31",
    "symbol": "DE",
    "reportedCurrency": "USD",
    "cik": "0000315189",
    "fillingDate": "1996-08-30",
    "acceptedDate": "1996-08-30 00:00:00",
    "calendarYear": "1996",
    "period": "Q3",
    "revenue": 2880800000,
    "costOfRevenue": 1977300000,
    "grossProfit": 903500000,
    "grossProfitRatio": 0.3136281588,
    "researchAndDevelopmentExpenses": 0,
    "generalAndAdministrativeExpenses": 0,
    "sellingAndMarketingExpenses": 0,
    "sellingGeneralAndAdministrativeExpenses": 510400000,
    "otherExpenses": 0,
    "operatingExpenses": 510400000,
    "costAndExpenses": 2487700000,
    "interestIncome": 0,
    "interestExpense": 0,
    "depreciationAndAmortization": 0,
    "ebitda": 393100000,
    "ebitdaratio": 0.1364551513,
    "operatingIncome": 393100000,
    "operatingIncomeRatio": 0.1364551513,
    "totalOtherIncomeExpensesNet": -72500000,
    "incomeBeforeTax": 320600000,
    "incomeBeforeTaxRatio": 0.111288531,
    "incomeTaxExpense": 116200000,
    "netIncome": 204400000,
    "netIncomeRatio": 0.0709525132,
    "eps": 0.4,
    "epsdiluted": 0.4,
    "weightedAverageShsOut": 517468354,
    "weightedAverageShsOutDil": 517468354,
    "link": "https://www.sec.gov/Archives/edgar/data/315189/000091205796019374/0000912057-96-019374-index.htm",
    "finalLink": "https://www.sec.gov/Archives/edgar/data/315189/0000912057-96-019374.txt"
  },
  {
    "date": "1996-04-30",
    "symbol": "DE",
    "reportedCurrency": "USD",
    "cik": "0000315189",
    "fillingDate": "1996-06-06",
    "acceptedDate": "1996-06-06 00:00:00",
    "calendarYear": "1996",
    "period": "Q2",
    "revenue": 3064800000,
    "costOfRevenue": 2055100000,
    "grossProfit": 1009700000,
    "grossProfitRatio": 0.3294505351,
    "researchAndDevelopmentExpenses": 0,
    "generalAndAdministrativeExpenses": 0,
    "sellingAndMarketingExpenses": 0,
    "sellingGeneralAndAdministrativeExpenses": 504700000,
    "otherExpenses": 0,
    "operatingExpenses": 504700000,
    "costAndExpenses": 2559800000,
    "interestIncome": 0,
    "interestExpense": 0,
    "depreciationAndAmortization": 0,
    "ebitda": 505000000,
    "ebitdaratio": 0.1647742104,
    "operatingIncome": 505000000,
    "operatingIncomeRatio": 0.1647742104,
    "totalOtherIncomeExpensesNet": -76500000,
    "incomeBeforeTax": 428500000,
    "incomeBeforeTaxRatio": 0.1398133647,
    "incomeTaxExpense": 155800000,
    "netIncome": 272700000,
    "netIncomeRatio": 0.0889780736,
    "eps": 0.52,
    "epsdiluted": 0.52,
    "weightedAverageShsOut": 524423077,
    "weightedAverageShsOutDil": 524423077,
    "link": "https://www.sec.gov/Archives/edgar/data/315189/000031518996000009/0000315189-96-000009-index.htm",
    "finalLink": "https://www.sec.gov/Archives/edgar/data/315189/0000315189-96-000009.txt"
  },
  {
    "date": "1996-01-31",
    "symbol": "DE",
    "reportedCurrency": "USD",
    "cik": "0000315189",
    "fillingDate": "1996-03-08",
    "acceptedDate": "1996-03-08 00:00:00",
    "calendarYear": "1996",
    "period": "Q1",
    "revenue": 2296800000,
    "costOfRevenue": 1514800000,
    "grossProfit": 782000000,
    "grossProfitRatio": 0.3404737025,
    "researchAndDevelopmentExpenses": 0,
    "generalAndAdministrativeExpenses": 0,
    "sellingAndMarketingExpenses": 0,
    "sellingGeneralAndAdministrativeExpenses": 445700000,
    "otherExpenses": 0,
    "operatingExpenses": 445700000,
    "costAndExpenses": 1960500000,
    "interestIncome": 0,
    "interestExpense": 0,
    "depreciationAndAmortization": 0,
    "ebitda": 336300000,
    "ebitdaratio": 0.1464211076,
    "operatingIncome": 336300000,
    "operatingIncomeRatio": 0.1464211076,
    "totalOtherIncomeExpensesNet": -76600000,
    "incomeBeforeTax": 259700000,
    "incomeBeforeTaxRatio": 0.1130703588,
    "incomeTaxExpense": 93500000,
    "netIncome": 166200000,
    "netIncomeRatio": 0.0723615465,
    "eps": 0.32,
    "epsdiluted": 0.32,
    "weightedAverageShsOut": 527619048,
    "weightedAverageShsOutDil": 527619048,
    "link": "https://www.sec.gov/Archives/edgar/data/315189/000031518996000005/0000315189-96-000005-index.htm",
    "finalLink": "https://www.sec.gov/Archives/edgar/data/315189/0000315189-96-000005.txt"
  },
  {
    "date": "1995-10-31",
    "symbol": "DE",
    "reportedCurrency": "USD",
    "cik": "0000315189",
    "fillingDate": "1996-01-16",
    "acceptedDate": "1996-01-16 00:00:00",
    "calendarYear": "1995",
    "period": "Q4",
    "revenue": 2606100000,
    "costOfRevenue": 1666600000,
    "grossProfit": 939500000,
    "grossProfitRatio": 0.3605003645,
    "researchAndDevelopmentExpenses": 0,
    "generalAndAdministrativeExpenses": 0,
    "sellingAndMarketingExpenses": 0,
    "sellingGeneralAndAdministrativeExpenses": 408000000,
    "otherExpenses": 283100000,
    "operatingExpenses": 691100000,
    "costAndExpenses": 2357700000,
    "interestIncome": 0,
    "interestExpense": 0,
    "depreciationAndAmortization": 0,
    "ebitda": 248400000,
    "ebitdaratio": 0.0953148383,
    "operatingIncome": 248400000,
    "operatingIncomeRatio": 0.0953148383,
    "totalOtherIncomeExpensesNet": -17900000,
    "incomeBeforeTax": 230500000,
    "incomeBeforeTaxRatio": 0.0884463374,
    "incomeTaxExpense": 79900000,
    "netIncome": 150600000,
    "netIncomeRatio": 0.0577874986,
    "eps": 0.29,
    "epsdiluted": 0.29,
    "weightedAverageShsOut": 519639312,
    "weightedAverageShsOutDil": 527619048,
    "link": "https://www.sec.gov/Archives/edgar/data/315189/000091205796000501/0000912057-96-000501-index.htm",
    "finalLink": "https://www.sec.gov/Archives/edgar/data/315189/000091205796000501/"
  }
]