[
  {
    "date": "2024-10-27",
    "symbol": "DE",
    "reportedCurrency": "USD",
    "cik": "0000315189",
    "fillingDate": "2024-12-12",
    "acceptedDate": "2024-12-12 11:37:47",
    "calendarYear": "2024",
    "period": "FY",
    "revenue": 50518000000,
    "costOfRevenue": 31023000000,
    "grossProfit": 19495000000,
    "grossProfitRatio": 0.3859020547,
    "researchAndDevelopmentExpenses": 2290000000,
    "generalAndAdministrativeExpenses": 4507000000,
    "sellingAndMarketingExpenses": 0,
    "sellingGeneralAndAdministrativeExpenses": 4507000000,
    "otherExpenses": 1271000000,
    "operatingExpenses": 8068000000,
    "costAndExpenses": 39091000000,
    "interestIncome": 0,
    "interestExpense": 3348000000,
    "depreciationAndAmortization": 2118000000,
    "ebitda": 14672000000,
    "ebitdaratio": 0.2904311335,
    "operatingIncome": 11427000000,
    "operatingIncomeRatio": 0.2261966032,
    "totalOtherIncomeExpensesNet": -2245000000,
    "incomeBeforeTax": 9182000000,
    "incomeBeforeTaxRatio": 0.1817569975,
    "incomeTaxExpense": 2094000000,
    "netIncome": 7100000000,
    "netIncomeRatio": 0.1405439645,
    "eps": 25.72,
    "epsdiluted": 25.62,
    "weightedAverageShsOut": 276000000,
    "weightedAverageShsOutDil": 277100000,
    "link": "https://www.sec.gov/Archives/edgar/data/315189/000155837024016169/0001558370-24-016169-index.htm",
    "finalLink": "https://www.sec.gov/Archives/edgar/data/315189/000155837024016169/de-20241027x10k.htm"
  },
  {
    "date": "2023-10-29",
    "symbol": "DE",
    "reportedCurrency": "USD",
    "cik": "0000315189",
    "fillingDate": "2023-12-15",
    "acceptedDate": "2023-12-15 10:27:39",
    "calendarYear": "2023",
    "period": "FY",
    "revenue": 60248000000,
    "costOfRevenue": 37942000000,
    "grossProfit": 22306000000,
    "grossProfitRatio": 0.3702363564,
    "researchAndDevelopmentExpenses": 2177000000,
    "generalAndAdministrativeExpenses": 4309000000,
    "sellingAndMarketingExpenses": 0,
    "sellingGeneralAndAdministrativeExpenses": 4309000000,
    "otherExpenses": 1229000000,
    "operatingExpenses": 7715000000,
    "costAndExpenses": 45657000000,
    "interestIncome": 0,
    "interestExpense": 2453000000,
    "depreciationAndAmortization": 2004000000,
    "ebitda": 17476000000,
    "ebitdaratio": 0.2900677201,
    "operatingIncome": 14591000000,
    "operatingIncomeRatio": 0.2421823131,
    "totalOtherIncomeExpensesNet": -1565000000,
    "incomeBeforeTax": 13026000000,
    "incomeBeforeTaxRatio": 0.2162063471,
    "incomeTaxExpense": 2871000000,
    "netIncome": 10166000000,
    "netIncomeRatio": 0.1687358916,
    "eps": 34.8,
    "epsdiluted": 34.63,
    "weightedAverageShsOut": 292200000,
    "weightedAverageShsOutDil": 293600000,
    "link": "https://www.sec.gov/Archives/edgar/data/315189/000155837023019812/0001558370-23-019812-index.htm",
    "finalLink": "https://www.sec.gov/Archives/edgar/data/315189/000155837023019812/de-20231029x10k.htm"
  },
  {
    "date": "2022-10-30",
    "symbol": "DE",
    "reportedCurrency": "USD",
    "cik": "0000315189",
    "fillingDate": "2022-12-15",
    "acceptedDate": "2022-12-15 11:32:02",
    "calendarYear": "2022",
    "period": "FY",
    "revenue": 51282000000,
    "costOfRevenue": 35552000000,
    "grossProfit": 15730000000,
    "grossProfitRatio": 0.3067353067,
    "researchAndDevelopmentExpenses": 1912000000,
    "generalAndAdministrativeExpenses": 3645000000,
    "sellingAndMarketingExpenses": 0,
    "sellingGeneralAndAdministrativeExpenses": 3645000000,
    "otherExpenses": 1147000000,
    "operatingExpenses": 6704000000,
    "costAndExpenses": 42256000000,
    "interestIncome": 0,
    "interestExpense": 1062000000,
    "depreciationAndAmortization": 1895000000,
    "ebitda": 12084000000,
    "ebitdaratio": 0.2356382356,
    "operatingIncome": 9026000000,
    "operatingIncomeRatio": 0.176007176,
    "totalOtherIncomeExpensesNet": 111000000,
    "incomeBeforeTax": 9137000000,
    "incomeBeforeTaxRatio": 0.1781716782,
    "incomeTaxExpense": 2007000000,
    "netIncome": 7131000000,
    "netIncomeRatio": 0.1390546391,
    "eps": 23.42,
    "epsdiluted": 23.28,
    "weightedAverageShsOut": 304500000,
    "weightedAverageShsOutDil": 306300000,
    "link": "https://www.sec.gov/Archives/edgar/data/315189/000155837022018703/0001558370-22-018703-index.htm",
    "finalLink": "https://www.sec.gov/Archives/edgar/data/315189/000155837022018703/de-20221030x10k.htm"
  },
  {
    "date": "2021-10-31",
    "symbol": "DE",
    "reportedCurrency": "USD",
    "cik": "0000315189",
    "fillingDate": "2021-12-16",
    "acceptedDate": "2021-12-16 11:39:34",
    "calendarYear": "2021",
    "period": "FY",
    "revenue": 43033000000,
    "costOfRevenue": 29318000000,
    "grossProfit": 13715000000,
    "grossProfitRatio": 0.3187088978,
    "researchAndDevelopmentExpenses": 1587000000,
    "generalAndAdministrativeExpenses": 3200000000,
    "sellingAndMarketingExpenses": 0,
    "sellingGeneralAndAdministrativeExpenses": 3200000000,
    "otherExpenses": 1265000000,
    "operatingExpenses": 6052000000,
    "costAndExpenses": 35370000000,
    "interestIncome": 0,
    "interestExpense": 993000000,
    "depreciationAndAmortization": 2050000000,
    "ebitda": 10645000000,
    "ebitdaratio": 0.2473682987,
    "operatingIncome": 7663000000,
    "operatingIncomeRatio": 0.1780726419,
    "totalOtherIncomeExpensesNet": -40000000,
    "incomeBeforeTax": 7623000000,
    "incomeBeforeTaxRatio": 0.1771431227,
    "incomeTaxExpense": 1658000000,
    "netIncome": 5963000000,
    "netIncomeRatio": 0.1385680757,
    "eps": 19.14,
    "epsdiluted": 18.99,
    "weightedAverageShsOut": 311600000,
    "weightedAverageShsOutDil": 314000000,
    "link": "https://www.sec.gov/Archives/edgar/data/315189/000155837021016864/0001558370-21-016864-index.htm",
    "finalLink": "https://www.sec.gov/Archives/edgar/data/315189/000155837021016864/de-20211031x10k.htm"
  },
  {
    "date": "2020-11-01",
    "symbol": "DE",
    "reportedCurrency": "USD",
    "cik": "0000315189",
    "fillingDate": "2020-12-17",
    "acceptedDate": "2020-12-17 11:19:00",
    "calendarYear": "2020",
    "period": "FY",
    "revenue": 34722000000,
    "costOfRevenue": 23865000000,
    "grossProfit": 10857000000,
    "grossProfitRatio": 0.3126836012,
    "researchAndDevelopmentExpenses": 1644000000,
    "generalAndAdministrativeExpenses": 3446000000,
    "sellingAndMarketingExpenses": 0,
    "sellingGeneralAndAdministrativeExpenses": 3446000000,
    "otherExpenses": 1399000000,
    "operatingExpenses": 6489000000,
    "costAndExpenses": 30354000000,
    "interestIncome": 0,
    "interestExpense": 1247000000,
    "depreciationAndAmortization": 2118000000,
    "ebitda": 7248000000,
    "ebitdaratio": 0.208743736,
    "operatingIncome": 4368000000,
    "operatingIncomeRatio": 0.1257992051,
    "totalOtherIncomeExpensesNet": -533000000,
    "incomeBeforeTax": 3835000000,
    "incomeBeforeTaxRatio": 0.1104487069,
    "incomeTaxExpense": 1082000000,
    "netIncome": 2751000000,
    "netIncomeRatio": 0.0792293071,
    "eps": 8.77,
    "epsdiluted": 8.69,
    "weightedAverageShsOut": 313500000,
    "weightedAverageShsOutDil": 316600000,
    "link": "https://www.sec.gov/Archives/edgar/data/315189/000155837020014436/0001558370-20-014436-index.htm",
    "finalLink": "https://www.sec.gov/Archives/edgar/data/315189/000155837020014436/de-20201101x10k.htm"
  },
  {
    "date": "2019-11-03",
    "symbol": "DE",
    "reportedCurrency": "USD",
    "cik": "0000315189",
    "fillingDate": "2019-12-19",
    "acceptedDate": "2019-12-19 15:37:52",
    "calendarYear": "2019",
    "period": "FY",
    "revenue": 38379000000,
    "costOfRevenue": 27020000000,
    "grossProfit": 11359000000,
    "grossProfitRatio": 0.2959691498,
    "researchAndDevelopmentExpenses": 1783000000,
    "generalAndAdministrativeExpenses": 3484000000,
    "sellingAndMarketingExpenses": 0,
    "sellingGeneralAndAdministrativeExpenses": 3484000000,
    "otherExpenses": 1258000000,
    "operatingExpenses": 6525000000,
    "costAndExpenses": 33545000000,
    "interestIncome": 0,
    "interestExpense": 1466000000,
    "depreciationAndAmortization": 2019000000,
    "ebitda": 7573000000,
    "ebitdaratio": 0.1973214518,
    "operatingIncome": 4834000000,
    "operatingIncomeRatio": 0.1259542979,
    "totalOtherIncomeExpensesNet": -725000000,
    "incomeBeforeTax": 4109000000,
    "incomeBeforeTaxRatio": 0.1070637588,
    "incomeTaxExpense": 852000000,
    "netIncome": 3253000000,
    "netIncomeRatio": 0.0847598947,
    "eps": 10.28,
    "epsdiluted": 10.15,
    "weightedAverageShsOut": 316500000,
    "weightedAverageShsOutDil": 320600000,
    "link": "https://www.sec.gov/Archives/edgar/data/315189/000155837019011614/0001558370-19-011614-index.htm",
    "finalLink": "https://www.sec.gov/Archives/edgar/data/315189/000155837019011614/de-20191103x10k.htm"
  },
  {
    "date": "2018-10-28",
    "symbol": "DE",
    "reportedCurrency": "USD",
    "cik": "0000315189",
    "fillingDate": "2018-12-17",
    "acceptedDate": "2018-12-17 12:00:46",
    "calendarYear": "2018",
    "period": "FY",
    "revenue": 36458000000,
    "costOfRevenue": 25782000000,
    "grossProfit": 10676000000,
    "grossProfitRatio": 0.2928301059,
    "researchAndDevelopmentExpenses": 1658000000,
    "generalAndAdministrativeExpenses": 3470000000,
    "sellingAndMarketingExpenses": 0,
    "sellingGeneralAndAdministrativeExpenses": 3470000000,
    "otherExpenses": 1173000000,
    "operatingExpenses": 6301000000,
    "costAndExpenses": 32083000000,
    "interestIncome": 0,
    "interestExpense": 1204000000,
    "depreciationAndAmortization": 1927000000,
    "ebitda": 7202000000,
    "ebitdaratio": 0.1975423775,
    "operatingIncome": 4375000000,
    "operatingIncomeRatio": 0.1200010972,
    "totalOtherIncomeExpensesNet": -277000000,
    "incomeBeforeTax": 4098000000,
    "incomeBeforeTaxRatio": 0.1124033134,
    "incomeTaxExpense": 1727000000,
    "netIncome": 2368000000,
    "netIncomeRatio": 0.064951451,
    "eps": 7.34,
    "epsdiluted": 7.24,
    "weightedAverageShsOut": 322600000,
    "weightedAverageShsOutDil": 327300000,
    "link": "https://www.sec.gov/Archives/edgar/data/315189/000104746918007694/0001047469-18-007694-index.htm",
    "finalLink": "https://www.sec.gov/Archives/edgar/data/315189/000104746918007694/a2236950z10-k.htm"
  },
  {
    "date": "2017-10-29",
    "symbol": "DE",
    "reportedCurrency": "USD",
    "cik": "0000315189",
    "fillingDate": "2017-12-18",
    "acceptedDate": "2017-12-18 11:40:12",
    "calendarYear": "2017",
    "period": "FY",
    "revenue": 28617000000,
    "costOfRevenue": 20034000000,
    "grossProfit": 8583000000,
    "grossProfitRatio": 0.299926617,
    "researchAndDevelopmentExpenses": 1373000000,
    "generalAndAdministrativeExpenses": 3129000000,
    "sellingAndMarketingExpenses": 0,
    "sellingGeneralAndAdministrativeExpenses": 3129000000,
    "otherExpenses": 1149000000,
    "operatingExpenses": 5651000000,
    "costAndExpenses": 25685000000,
    "interestIncome": 0,
    "interestExpense": 899000000,
    "depreciationAndAmortization": 1716000000,
    "ebitda": 5769000000,
    "ebitdaratio": 0.2015934584,
    "operatingIncome": 2932000000,
    "operatingIncomeRatio": 0.1024565818,
    "totalOtherIncomeExpensesNet": 198000000,
    "incomeBeforeTax": 3130000000,
    "incomeBeforeTaxRatio": 0.109375546,
    "incomeTaxExpense": 971000000,
    "netIncome": 2159000000,
    "netIncomeRatio": 0.0754446658,
    "eps": 6.76,
    "epsdiluted": 6.68,
    "weightedAverageShsOut": 319500000,
    "weightedAverageShsOutDil": 323300000,
    "link": "https://www.sec.gov/Archives/edgar/data/315189/000104746917007719/0001047469-17-007719-index.htm",
    "finalLink": "https://www.sec.gov/Archives/edgar/data/315189/000104746917007719/a2233505z10-k.htm"
  },
  {
    "date": "2016-10-31",
    "symbol": "DE",
    "reportedCurrency": "USD",
    "cik": "0000315189",
    "fillingDate": "2016-12-19",
    "acceptedDate": "2016-12-19 10:46:49",
    "calendarYear": "2016",
    "period": "FY",
    "revenue": 25898500000,
    "costOfRevenue": 18358100000,
    "grossProfit": 7540400000,
    "grossProfitRatio": 0.2911519972,
    "researchAndDevelopmentExpenses": 1393700000,
    "generalAndAdministrativeExpenses": 2791200000,
    "sellingAndMarketingExpenses": 0,
    "sellingGeneralAndAdministrativeExpenses": 2791200000,
    "otherExpenses": 1113000000,
    "operatingExpenses": 5297900000,
    "costAndExpenses": 23656000000,
    "interestIncome": 0,
    "interestExpense": 763700000,
    "depreciationAndAmortization": 1559800000,
    "ebitda": 4547500000,
    "ebitdaratio": 0.1755893198,
    "operatingIncome": 2242500000,
    "operatingIncomeRatio": 0.0865880263,
    "totalOtherIncomeExpensesNet": -20900000,
    "incomeBeforeTax": 2221600000,
    "incomeBeforeTaxRatio": 0.0857810298,
    "incomeTaxExpense": 700100000,
    "netIncome": 1523900000,
    "netIncomeRatio": 0.0588412456,
    "eps": 4.83,
    "epsdiluted": 4.81,
    "weightedAverageShsOut": 315200000,
    "weightedAverageShsOutDil": 316600000,
    "link": "https://www.sec.gov/Archives/edgar/data/315189/000104746916017244/0001047469-16-017244-index.htm",
    "finalLink": "https://www.sec.gov/Archives/edgar/data/315189/000104746916017244/a2230400z10-k.htm"
  },
  {
    "date": "2015-10-31",
    "symbol": "DE",
    "reportedCurrency": "USD",
    "cik": "0000315189",
    "fillingDate": "2015-12-18",
    "acceptedDate": "2015-12-18 13:02:26",
    "calendarYear": "2015",
    "period": "FY",
    "revenue": 28156300000,
    "costOfRevenue": 20303200000,
    "grossProfit": 7853100000,
    "grossProfitRatio": 0.2789109365,
    "researchAndDevelopmentExpenses": 1425100000,
    "generalAndAdministrativeExpenses": 2873300000,
    "sellingAndMarketingExpenses": 0,
    "sellingGeneralAndAdministrativeExpenses": 2873300000,
    "otherExpenses": 801000000,
    "operatingExpenses": 5099400000,
    "costAndExpenses": 25402600000,
    "interestIncome": 0,
    "interestExpense": 680000000,
    "depreciationAndAmortization": 1382400000,
    "ebitda": 4842500000,
    "ebitdaratio": 0.1719863761,
    "operatingIncome": 2753700000,
    "operatingIncomeRatio": 0.0978004923,
    "totalOtherIncomeExpensesNet": 27300000,
    "incomeBeforeTax": 2781000000,
    "incomeBeforeTaxRatio": 0.0987700799,
    "incomeTaxExpense": 840100000,
    "netIncome": 1940000000,
    "netIncomeRatio": 0.0689010985,
    "eps": 5.81,
    "epsdiluted": 5.77,
    "weightedAverageShsOut": 333600000,
    "weightedAverageShsOutDil": 336000000,
    "link": "https://www.sec.gov/Archives/edgar/data/315189/000104746915009300/0001047469-15-009300-index.htm",
    "finalLink": "https://www.sec.gov/Archives/edgar/data/315189/000104746915009300/a2226814z10-k.htm"
  },
  {
    "date": "2014-10-31",
    "symbol": "DE",
    "reportedCurrency": "USD",
    "cik": "0000315189",
    "fillingDate": "2014-12-19",
    "acceptedDate": "2014-12-19 10:46:48",
    "calendarYear": "2014",
    "period": "FY",
    "revenue": 35242700000,
    "costOfRevenue": 24926800000,
    "grossProfit": 10315900000,
    "grossProfitRatio": 0.2927102634,
    "researchAndDevelopmentExpenses": 1452000000,
    "generalAndAdministrativeExpenses": 3284400000,
    "sellingAndMarketingExpenses": 0,
    "sellingGeneralAndAdministrativeExpenses": 3284400000,
    "otherExpenses": 942000000,
    "operatingExpenses": 5678400000,
    "costAndExpenses": 30605200000,
    "interestIncome": 0,
    "interestExpense": 664000000,
    "depreciationAndAmortization": 1306500000,
    "ebitda": 6767900000,
    "ebitdaratio": 0.1920369325,
    "operatingIncome": 4637500000,
    "operatingIncomeRatio": 0.1315875344,
    "totalOtherIncomeExpensesNet": 152300000,
    "incomeBeforeTax": 4789800000,
    "incomeBeforeTaxRatio": 0.1359089968,
    "incomeTaxExpense": 1626500000,
    "netIncome": 3161700000,
    "netIncomeRatio": 0.0897121957,
    "eps": 8.71,
    "epsdiluted": 8.63,
    "weightedAverageShsOut": 363000000,
    "weightedAverageShsOutDil": 366100000,
    "link": "https://www.sec.gov/Archives/edgar/data/315189/000110465914087794/0001104659-14-087794-index.htm",
    "finalLink": "https://www.sec.gov/Archives/edgar/data/315189/000110465914087794/a14-20671_110k.htm"
  },
  {
    "date": "2013-10-31",
    "symbol": "DE",
    "reportedCurrency": "USD",
    "cik": "0000315189",
    "fillingDate": "2013-12-16",
    "acceptedDate": "2013-12-16 12:34:48",
    "calendarYear": "2013",
    "period": "FY",
    "revenue": 37113000000,
    "costOfRevenue": 25810300000,
    "grossProfit": 11302700000,
    "grossProfitRatio": 0.3045482715,
    "researchAndDevelopmentExpenses": 1477300000,
    "generalAndAdministrativeExpenses": 3605500000,
    "sellingAndMarketingExpenses": 0,
    "sellingGeneralAndAdministrativeExpenses": 3605500000,
    "otherExpenses": 678000000,
    "operatingExpenses": 5760800000,
    "costAndExpenses": 31571100000,
    "interestIncome": 0,
    "interestExpense": 741300000,
    "depreciationAndAmortization": 1140300000,
    "ebitda": 7365000000,
    "ebitdaratio": 0.1984479832,
    "operatingIncome": 5541900000,
    "operatingIncomeRatio": 0.1493250344,
    "totalOtherIncomeExpensesNet": -58400000,
    "incomeBeforeTax": 5483500000,
    "incomeBeforeTaxRatio": 0.1477514618,
    "incomeTaxExpense": 1945900000,
    "netIncome": 3537300000,
    "netIncomeRatio": 0.0953116159,
    "eps": 9.18,
    "epsdiluted": 9.09,
    "weightedAverageShsOut": 385300000,
    "weightedAverageShsOutDil": 389200000,
    "link": "https://www.sec.gov/Archives/edgar/data/315189/000110465913090354/0001104659-13-090354-index.htm",
    "finalLink": "https://www.sec.gov/Archives/edgar/data/315189/000110465913090354/a13-17985_110k.htm"
  },
  {
    "date": "2012-10-31",
    "symbol": "DE",
    "reportedCurrency": "USD",
    "cik": "0000315189",
    "fillingDate": "2012-12-17",
    "acceptedDate": "2012-12-17 11:17:35",
    "calendarYear": "2012",
    "period": "FY",
    "revenue": 35482200000,
    "costOfRevenue": 25129800000,
    "grossProfit": 10352400000,
    "grossProfitRatio": 0.2917631939,
    "researchAndDevelopmentExpenses": 1433600000,
    "generalAndAdministrativeExpenses": 3417000000,
    "sellingAndMarketingExpenses": 0,
    "sellingGeneralAndAdministrativeExpenses": 3417000000,
    "otherExpenses": 660000000,
    "operatingExpenses": 5510600000,
    "costAndExpenses": 30640400000,
    "interestIncome": 0,
    "interestExpense": 782800000,
    "depreciationAndAmortization": 1004200000,
    "ebitda": 6521400000,
    "ebitdaratio": 0.1837935641,
    "operatingIncome": 4841800000,
    "operatingIncomeRatio": 0.1364571532,
    "totalOtherIncomeExpensesNet": -110800000,
    "incomeBeforeTax": 4731000000,
    "incomeBeforeTaxRatio": 0.1333344607,
    "incomeTaxExpense": 1659400000,
    "netIncome": 3064700000,
    "netIncomeRatio": 0.0863728856,
    "eps": 7.72,
    "epsdiluted": 7.63,
    "weightedAverageShsOut": 397100000,
    "weightedAverageShsOutDil": 401500000,
    "link": "https://www.sec.gov/Archives/edgar/data/315189/000110465912084558/0001104659-12-084558-index.htm",
    "finalLink": "https://www.sec.gov/Archives/edgar/data/315189/000110465912084558/a12-16222_110k.htm"
  },
  {
    "date": "2011-10-31",
    "symbol": "DE",
    "reportedCurrency": "USD",
    "cik": "0000315189",
    "fillingDate": "2011-12-19",
    "acceptedDate": "2011-12-19 10:24:03",
    "calendarYear": "2011",
    "period": "FY",
    "revenue": 31388700000,
    "costOfRevenue": 22034400000,
    "grossProfit": 9354300000,
    "grossProfitRatio": 0.2980148907,
    "researchAndDevelopmentExpenses": 1226200000,
    "generalAndAdministrativeExpenses": 3168700000,
    "sellingAndMarketingExpenses": 0,
    "sellingGeneralAndAdministrativeExpenses": 3168700000,
    "otherExpenses": 601000000,
    "operatingExpenses": 4995900000,
    "costAndExpenses": 27030300000,
    "interestIncome": 0,
    "interestExpense": 759400000,
    "depreciationAndAmortization": 914900000,
    "ebitda": 5897100000,
    "ebitdaratio": 0.187873343,
    "operatingIncome": 4358400000,
    "operatingIncomeRatio": 0.138852517,
    "totalOtherIncomeExpensesNet": -127000000,
    "incomeBeforeTax": 4231400000,
    "incomeBeforeTaxRatio": 0.1348064749,
    "incomeTaxExpense": 1423600000,
    "netIncome": 2799900000,
    "netIncomeRatio": 0.0892008908,
    "eps": 6.71,
    "epsdiluted": 6.63,
    "weightedAverageShsOut": 417400000,
    "weightedAverageShsOutDil": 422400000,
    "link": "https://www.sec.gov/Archives/edgar/data/315189/000110465911070023/0001104659-11-070023-index.htm",
    "finalLink": "https://www.sec.gov/Archives/edgar/data/315189/000110465911070023/a11-24734_110k.htm"
  },
  {
    "date": "2010-10-31",
    "symbol": "DE",
    "reportedCurrency": "USD",
    "cik": "0000315189",
    "fillingDate": "2010-12-17",
    "acceptedDate": "2010-12-17 11:19:30",
    "calendarYear": "2010",
    "period": "FY",
    "revenue": 25398500000,
    "costOfRevenue": 17596800000,
    "grossProfit": 7801700000,
    "grossProfitRatio": 0.3071716834,
    "researchAndDevelopmentExpenses": 1052400000,
    "generalAndAdministrativeExpenses": 2968700000,
    "sellingAndMarketingExpenses": 0,
    "sellingGeneralAndAdministrativeExpenses": 2968700000,
    "otherExpenses": 550000000,
    "operatingExpenses": 4571100000,
    "costAndExpenses": 22167900000,
    "interestIncome": 0,
    "interestExpense": 811400000,
    "depreciationAndAmortization": 914800000,
    "ebitda": 4751400000,
    "ebitdaratio": 0.1870740398,
    "operatingIncome": 3230600000,
    "operatingIncomeRatio": 0.127196488,
    "totalOtherIncomeExpensesNet": -194700000,
    "incomeBeforeTax": 3035900000,
    "incomeBeforeTaxRatio": 0.1195306809,
    "incomeTaxExpense": 1161600000,
    "netIncome": 1865000000,
    "netIncomeRatio": 0.0734295332,
    "eps": 4.4,
    "epsdiluted": 4.35,
    "weightedAverageShsOut": 424000000,
    "weightedAverageShsOutDil": 428600000,
    "link": "https://www.sec.gov/Archives/edgar/data/315189/000110465910063219/0001104659-10-063219-index.htm",
    "finalLink": "https://www.sec.gov/Archives/edgar/data/315189/000110465910063219/a10-17745_110k.htm"
  },
  {
    "date": "2009-10-31",
    "symbol": "DE",
    "reportedCurrency": "USD",
    "cik": "0000315189",
    "fillingDate": "2009-12-17",
    "acceptedDate": "2009-12-17 10:42:28",
    "calendarYear": "2009",
    "period": "FY",
    "revenue": 22598200000,
    "costOfRevenue": 16445200000,
    "grossProfit": 6153000000,
    "grossProfitRatio": 0.2722783231,
    "researchAndDevelopmentExpenses": 977000000,
    "generalAndAdministrativeExpenses": 2780600000,
    "sellingAndMarketingExpenses": 0,
    "sellingGeneralAndAdministrativeExpenses": 2780600000,
    "otherExpenses": 528000000,
    "operatingExpenses": 4285600000,
    "costAndExpenses": 20730800000,
    "interestIncome": 0,
    "interestExpense": 1042400000,
    "depreciationAndAmortization": 873300000,
    "ebitda": 3254900000,
    "ebitdaratio": 0.1440335956,
    "operatingIncome": 1867400000,
    "operatingIncomeRatio": 0.0826349001,
    "totalOtherIncomeExpensesNet": -534500000,
    "incomeBeforeTax": 1332900000,
    "incomeBeforeTaxRatio": 0.0589825738,
    "incomeTaxExpense": 460000000,
    "netIncome": 873500000,
    "netIncomeRatio": 0.0386535211,
    "eps": 2.07,
    "epsdiluted": 2.06,
    "weightedAverageShsOut": 422800000,
    "weightedAverageShsOutDil": 424400000,
    "link": "https://www.sec.gov/Archives/edgar/data/315189/000110465909070344/0001104659-09-070344-index.htm",
    "finalLink": "https://www.sec.gov/Archives/edgar/data/315189/000110465909070344/a09-32005_110k.htm"
  },
  {
    "date": "2008-10-31",
    "symbol": "DE",
    "reportedCurrency": "USD",
    "cik": "0000315189",
    "fillingDate": "2008-12-18",
    "acceptedDate": "2008-12-18 16:57:34",
    "calendarYear": "2008",
    "period": "FY",
    "revenue": 27871900000,
    "costOfRevenue": 19869800000,
    "grossProfit": 8002100000,
    "grossProfitRatio": 0.2871027809,
    "researchAndDevelopmentExpenses": 943100000,
    "generalAndAdministrativeExpenses": 2960200000,
    "sellingAndMarketingExpenses": 0,
    "sellingGeneralAndAdministrativeExpenses": 2960200000,
    "otherExpenses": 403000000,
    "operatingExpenses": 4306300000,
    "costAndExpenses": 24176100000,
    "interestIncome": 0,
    "interestExpense": 1137000000,
    "depreciationAndAmortization": 831000000,
    "ebitda": 5092700000,
    "ebitdaratio": 0.1827180781,
    "operatingIncome": 3695800000,
    "operatingIncomeRatio": 0.1325994999,
    "totalOtherIncomeExpensesNet": -530900000,
    "incomeBeforeTax": 3164900000,
    "incomeBeforeTaxRatio": 0.1135516416,
    "incomeTaxExpense": 1111200000,
    "netIncome": 2052800000,
    "netIncomeRatio": 0.0736512401,
    "eps": 4.76,
    "epsdiluted": 4.7,
    "weightedAverageShsOut": 431100000,
    "weightedAverageShsOutDil": 436300000,
    "link": "https://www.sec.gov/Archives/edgar/data/315189/000110465908077324/0001104659-08-077324-index.htm",
    "finalLink": "https://www.sec.gov/Archives/edgar/data/315189/000110465908077324/a08-29515_110k.htm"
  },
  {
    "date": "2007-10-31",
    "symbol": "DE",
    "reportedCurrency": "USD",
    "cik": "0000315189",
    "fillingDate": "2007-12-20",
    "acceptedDate": "2007-12-20 10:34:02",
    "calendarYear": "2007",
    "period": "FY",
    "revenue": 23543900000,
    "costOfRevenue": 16500800000,
    "grossProfit": 7043100000,
    "grossProfitRatio": 0.2991475499,
    "researchAndDevelopmentExpenses": 816800000,
    "generalAndAdministrativeExpenses": 2620800000,
    "sellingAndMarketingExpenses": 0,
    "sellingGeneralAndAdministrativeExpenses": 2620800000,
    "otherExpenses": 294000000,
    "operatingExpenses": 3731600000,
    "costAndExpenses": 20232400000,
    "interestIncome": 0,
    "interestExpense": 1151200000,
    "depreciationAndAmortization": 744400000,
    "ebitda": 4571100000,
    "ebitdaratio": 0.1941522008,
    "operatingIncome": 3311500000,
    "operatingIncomeRatio": 0.1406521434,
    "totalOtherIncomeExpensesNet": -606800000,
    "incomeBeforeTax": 2704700000,
    "incomeBeforeTaxRatio": 0.1148790132,
    "incomeTaxExpense": 883000000,
    "netIncome": 1821700000,
    "netIncomeRatio": 0.0773746066,
    "eps": 4.05,
    "epsdiluted": 4,
    "weightedAverageShsOut": 449300000,
    "weightedAverageShsOutDil": 455000000,
    "link": "https://www.sec.gov/Archives/edgar/data/315189/000110465907090067/0001104659-07-090067-index.htm",
    "finalLink": "https://www.sec.gov/Archives/edgar/data/315189/000110465907090067/a07-30888_110k.htm"
  },
  {
    "date": "2006-10-31",
    "symbol": "DE",
    "reportedCurrency": "USD",
    "cik": "0000315189",
    "fillingDate": "2006-12-19",
    "acceptedDate": "2006-12-19 15:06:31",
    "calendarYear": "2006",
    "period": "FY",
    "revenue": 21660800000,
    "costOfRevenue": 15565000000,
    "grossProfit": 6095800000,
    "grossProfitRatio": 0.2814208155,
    "researchAndDevelopmentExpenses": 725800000,
    "generalAndAdministrativeExpenses": 2323900000,
    "sellingAndMarketingExpenses": 0,
    "sellingGeneralAndAdministrativeExpenses": 2323900000,
    "otherExpenses": 235000000,
    "operatingExpenses": 3284700000,
    "costAndExpenses": 18849700000,
    "interestIncome": 0,
    "interestExpense": 1017500000,
    "depreciationAndAmortization": 691400000,
    "ebitda": 3882700000,
    "ebitdaratio": 0.1792500739,
    "operatingIncome": 2811100000,
    "operatingIncomeRatio": 0.1297782169,
    "totalOtherIncomeExpensesNet": -616300000,
    "incomeBeforeTax": 2194800000,
    "incomeBeforeTaxRatio": 0.1013258975,
    "incomeTaxExpense": 741600000,
    "netIncome": 1693800000,
    "netIncomeRatio": 0.0781965578,
    "eps": 3.63,
    "epsdiluted": 3.59,
    "weightedAverageShsOut": 466800000,
    "weightedAverageShsOutDil": 471600000,
    "link": "https://www.sec.gov/Archives/edgar/data/315189/000110465906082456/0001104659-06-082456-index.htm",
    "finalLink": "https://www.sec.gov/Archives/edgar/data/315189/000110465906082456/a06-25680_110k.htm"
  },
  {
    "date": "2005-10-31",
    "symbol": "DE",
    "reportedCurrency": "USD",
    "cik": "0000315189",
    "fillingDate": "2005-12-20",
    "acceptedDate": "2005-12-20 14:57:28",
    "calendarYear": "2005",
    "period": "FY",
    "revenue": 21190800000,
    "costOfRevenue": 15179300000,
    "grossProfit": 6011500000,
    "grossProfitRatio": 0.2836844291,
    "researchAndDevelopmentExpenses": 677300000,
    "generalAndAdministrativeExpenses": 0,
    "sellingAndMarketingExpenses": 0,
    "sellingGeneralAndAdministrativeExpenses": 2466700000,
    "otherExpenses": 0,
    "operatingExpenses": 3144000000,
    "costAndExpenses": 18323300000,
    "interestIncome": 0,
    "interestExpense": 0,
    "depreciationAndAmortization": 636500000,
    "ebitda": 3504000000,
    "ebitdaratio": 0.1653547766,
    "operatingIncome": 2867500000,
    "operatingIncomeRatio": 0.1353181569,
    "totalOtherIncomeExpensesNet": -754900000,
    "incomeBeforeTax": 2112600000,
    "incomeBeforeTaxRatio": 0.0996942069,
    "incomeTaxExpense": 698600000,
    "netIncome": 1446800000,
    "netIncomeRatio": 0.0682749118,
    "eps": 2.98,
    "epsdiluted": 2.94,
    "weightedAverageShsOut": 486600000,
    "weightedAverageShsOutDil": 492800000,
    "link": "https://www.sec.gov/Archives/edgar/data/315189/000110465905061732/0001104659-05-061732-index.htm",
    "finalLink": "https://www.sec.gov/Archives/edgar/data/315189/000110465905061732/a05-21685_110k.htm"
  },
  {
    "date": "2004-10-31",
    "symbol": "DE",
    "reportedCurrency": "USD",
    "cik": "0000315189",
    "fillingDate": "2004-12-21",
    "acceptedDate": "2004-12-21 14:05:01",
    "calendarYear": "2004",
    "period": "FY",
    "revenue": 19204200000,
    "costOfRevenue": 13582300000,
    "grossProfit": 5621900000,
    "grossProfitRatio": 0.2927432541,
    "researchAndDevelopmentExpenses": 611600000,
    "generalAndAdministrativeExpenses": 0,
    "sellingAndMarketingExpenses": 0,
    "sellingGeneralAndAdministrativeExpenses": 2317600000,
    "otherExpenses": 0,
    "operatingExpenses": 2929200000,
    "costAndExpenses": 16511500000,
    "interestIncome": 0,
    "interestExpense": 0,
    "depreciationAndAmortization": 621000000,
    "ebitda": 3313700000,
    "ebitdaratio": 0.1725507962,
    "operatingIncome": 2692700000,
    "operatingIncomeRatio": 0.1402141198,
    "totalOtherIncomeExpensesNet": -591200000,
    "incomeBeforeTax": 2101500000,
    "incomeBeforeTaxRatio": 0.1094291874,
    "incomeTaxExpense": 703100000,
    "netIncome": 1406100000,
    "netIncomeRatio": 0.0732183585,
    "eps": 2.85,
    "epsdiluted": 2.78,
    "weightedAverageShsOut": 494400000,
    "weightedAverageShsOutDil": 506200000,
    "link": "https://www.sec.gov/Archives/edgar/data/315189/000110465904040625/0001104659-04-040625-index.htm",
    "finalLink": "https://www.sec.gov/Archives/edgar/data/315189/000110465904040625/a04-14942_110k.htm"
  },
  {
    "date": "2003-10-31",
    "symbol": "DE",
    "reportedCurrency": "USD",
    "cik": "0000315189",
    "fillingDate": "2003-12-22",
    "acceptedDate": "2003-12-22 15:09:06",
    "calendarYear": "2003",
    "period": "FY",
    "revenue": 15534600000,
    "costOfRevenue": 11288800000,
    "grossProfit": 4245800000,
    "grossProfitRatio": 0.2733124767,
    "researchAndDevelopmentExpenses": 577300000,
    "generalAndAdministrativeExpenses": 0,
    "sellingAndMarketingExpenses": 0,
    "sellingGeneralAndAdministrativeExpenses": 2068700000,
    "otherExpenses": 0,
    "operatingExpenses": 2646000000,
    "costAndExpenses": 13934800000,
    "interestIncome": 0,
    "interestExpense": 0,
    "depreciationAndAmortization": 631400000,
    "ebitda": 2231200000,
    "ebitdaratio": 0.1436277728,
    "operatingIncome": 1599800000,
    "operatingIncomeRatio": 0.1029830186,
    "totalOtherIncomeExpensesNet": -619800000,
    "incomeBeforeTax": 980000000,
    "incomeBeforeTaxRatio": 0.0630849845,
    "incomeTaxExpense": 336900000,
    "netIncome": 643100000,
    "netIncomeRatio": 0.0413979118,
    "eps": 1.34,
    "epsdiluted": 1.32,
    "weightedAverageShsOut": 479925373,
    "weightedAverageShsOutDil": 487196970,
    "link": "https://www.sec.gov/Archives/edgar/data/315189/000119312503098064/0001193125-03-098064-index.htm",
    "finalLink": "https://www.sec.gov/Archives/edgar/data/315189/000119312503098064/d10k.htm"
  },
  {
    "date": "2002-10-31",
    "symbol": "DE",
    "reportedCurrency": "USD",
    "cik": "0000315189",
    "fillingDate": "2002-12-20",
    "acceptedDate": "2002-12-19 17:48:06",
    "calendarYear": "2002",
    "period": "FY",
    "revenue": 13947000000,
    "costOfRevenue": 10111800000,
    "grossProfit": 3835200000,
    "grossProfitRatio": 0.2749838675,
    "researchAndDevelopmentExpenses": 527800000,
    "generalAndAdministrativeExpenses": 0,
    "sellingAndMarketingExpenses": 0,
    "sellingGeneralAndAdministrativeExpenses": 2067600000,
    "otherExpenses": 0,
    "operatingExpenses": 2595400000,
    "costAndExpenses": 12707200000,
    "interestIncome": 0,
    "interestExpense": 0,
    "depreciationAndAmortization": 725300000,
    "ebitda": 1965100000,
    "ebitdaratio": 0.1408976841,
    "operatingIncome": 1239800000,
    "operatingIncomeRatio": 0.0888936689,
    "totalOtherIncomeExpensesNet": -662300000,
    "incomeBeforeTax": 577500000,
    "incomeBeforeTaxRatio": 0.0414067541,
    "incomeTaxExpense": 258300000,
    "netIncome": 319200000,
    "netIncomeRatio": 0.0228866423,
    "eps": 0.67,
    "epsdiluted": 0.67,
    "weightedAverageShsOut": 476417910,
    "weightedAverageShsOutDil": 480000000,
    "link": "https://www.sec.gov/Archives/edgar/data/315189/000094018002001741/0000940180-02-001741-index.htm",
    "finalLink": "https://www.sec.gov/Archives/edgar/data/315189/000094018002001741/d10k.htm"
  },
  {
    "date": "2001-10-31",
    "symbol": "DE",
    "reportedCurrency": "USD",
    "cik": "0000315189",
    "fillingDate": "2001-12-21",
    "acceptedDate": "2001-12-21 00:00:00",
    "calendarYear": "2001",
    "period": "FY",
    "revenue": 13292900000,
    "costOfRevenue": 9852400000,
    "grossProfit": 3440500000,
    "grossProfitRatio": 0.2588223789,
    "researchAndDevelopmentExpenses": 590100000,
    "generalAndAdministrativeExpenses": 0,
    "sellingAndMarketingExpenses": 0,
    "sellingGeneralAndAdministrativeExpenses": 2109500000,
    "otherExpenses": 0,
    "operatingExpenses": 2699600000,
    "costAndExpenses": 12552000000,
    "interestIncome": 0,
    "interestExpense": 0,
    "depreciationAndAmortization": 718300000,
    "ebitda": 1459200000,
    "ebitdaratio": 0.1097728863,
    "operatingIncome": 740900000,
    "operatingIncomeRatio": 0.055736521,
    "totalOtherIncomeExpensesNet": -787200000,
    "incomeBeforeTax": -46300000,
    "incomeBeforeTaxRatio": -0.0034830624,
    "incomeTaxExpense": 17700000,
    "netIncome": -64000000,
    "netIncomeRatio": -0.0048146003,
    "eps": -0.14,
    "epsdiluted": -0.14,
    "weightedAverageShsOut": 474074074,
    "weightedAverageShsOutDil": 474074074,
    "link": "https://www.sec.gov/Archives/edgar/data/315189/000095013101504637/0000950131-01-504637-index.htm",
    "finalLink": "https://www.sec.gov/Archives/edgar/data/315189/000095013101504637/d10k405.txt"
  },
  {
    "date": "2000-10-31",
    "symbol": "DE",
    "reportedCurrency": "USD",
    "cik": "0000315189",
    "fillingDate": "2001-01-16",
    "acceptedDate": "2001-01-16 00:00:00",
    "calendarYear": "2000",
    "period": "FY",
    "revenue": 13136800000,
    "costOfRevenue": 8936100000,
    "grossProfit": 4200700000,
    "grossProfitRatio": 0.3197658486,
    "researchAndDevelopmentExpenses": 542100000,
    "generalAndAdministrativeExpenses": 0,
    "sellingAndMarketingExpenses": 0,
    "sellingGeneralAndAdministrativeExpenses": 1504900000,
    "otherExpenses": 0,
    "operatingExpenses": 2047000000,
    "costAndExpenses": 10983100000,
    "interestIncome": 0,
    "interestExpense": 0,
    "depreciationAndAmortization": 647900000,
    "ebitda": 2801600000,
    "ebitdaratio": 0.213263504,
    "operatingIncome": 2153700000,
    "operatingIncomeRatio": 0.1639440351,
    "totalOtherIncomeExpensesNet": -1374400000,
    "incomeBeforeTax": 779300000,
    "incomeBeforeTaxRatio": 0.0593219049,
    "incomeTaxExpense": 293800000,
    "netIncome": 485500000,
    "netIncomeRatio": 0.0369572499,
    "eps": 1.03,
    "epsdiluted": 1.03,
    "weightedAverageShsOut": 469082126,
    "weightedAverageShsOutDil": 471359223,
    "link": "https://www.sec.gov/Archives/edgar/data/315189/000095013101000198/0000950131-01-000198-index.htm",
    "finalLink": "https://www.sec.gov/Archives/edgar/data/315189/000095013101000198/0000950131-01-000198-0001.txt"
  },
  {
    "date": "1999-10-31",
    "symbol": "DE",
    "reportedCurrency": "USD",
    "cik": "0000315189",
    "fillingDate": "2000-01-25",
    "acceptedDate": "2000-01-25 00:00:00",
    "calendarYear": "1999",
    "period": "FY",
    "revenue": 11521700000,
    "costOfRevenue": 7900500000,
    "grossProfit": 3621200000,
    "grossProfitRatio": 0.3142938976,
    "researchAndDevelopmentExpenses": 458400000,
    "generalAndAdministrativeExpenses": 0,
    "sellingAndMarketingExpenses": 0,
    "sellingGeneralAndAdministrativeExpenses": 1957000000,
    "otherExpenses": 513300000,
    "operatingExpenses": 2928700000,
    "costAndExpenses": 10829200000,
    "interestIncome": 0,
    "interestExpense": 0,
    "depreciationAndAmortization": 513300000,
    "ebitda": 1205800000,
    "ebitdaratio": 0.1046546951,
    "operatingIncome": 692500000,
    "operatingIncomeRatio": 0.0601039777,
    "totalOtherIncomeExpensesNet": -318600000,
    "incomeBeforeTax": 373900000,
    "incomeBeforeTaxRatio": 0.0324518083,
    "incomeTaxExpense": 134700000,
    "netIncome": 239200000,
    "netIncomeRatio": 0.0207608252,
    "eps": 0.52,
    "epsdiluted": 0.51,
    "weightedAverageShsOut": 464466019,
    "weightedAverageShsOutDil": 469019608,
    "link": "https://www.sec.gov/Archives/edgar/data/315189/000091205700002143/0000912057-00-002143-index.htm",
    "finalLink": "https://www.sec.gov/Archives/edgar/data/315189/000091205700002143/0000912057-00-002143-d1.html"
  },
  {
    "date": "1998-10-31",
    "symbol": "DE",
    "reportedCurrency": "USD",
    "cik": "0000315189",
    "fillingDate": "1999-01-26",
    "acceptedDate": "1999-01-26 00:00:00",
    "calendarYear": "1998",
    "period": "FY",
    "revenue": 13625800000,
    "costOfRevenue": 8991300000,
    "grossProfit": 4634500000,
    "grossProfitRatio": 0.3401268182,
    "researchAndDevelopmentExpenses": 444400000,
    "generalAndAdministrativeExpenses": 0,
    "sellingAndMarketingExpenses": 0,
    "sellingGeneralAndAdministrativeExpenses": 1888400000,
    "otherExpenses": 418000000,
    "operatingExpenses": 2750800000,
    "costAndExpenses": 11742100000,
    "interestIncome": 0,
    "interestExpense": 0,
    "depreciationAndAmortization": 418000000,
    "ebitda": 2301700000,
    "ebitdaratio": 0.1689221917,
    "operatingIncome": 1883700000,
    "operatingIncomeRatio": 0.1382450939,
    "totalOtherIncomeExpensesNet": -308400000,
    "incomeBeforeTax": 1575300000,
    "incomeBeforeTaxRatio": 0.1156115604,
    "incomeTaxExpense": 553900000,
    "netIncome": 1021400000,
    "netIncomeRatio": 0.0749607363,
    "eps": 2.1,
    "epsdiluted": 2.08,
    "weightedAverageShsOut": 486380952,
    "weightedAverageShsOutDil": 491057692,
    "link": "https://www.sec.gov/Archives/edgar/data/315189/000104746999002236/0001047469-99-002236-index.htm",
    "finalLink": "https://www.sec.gov/Archives/edgar/data/315189/000104746999002236/"
  },
  {
    "date": "1997-10-31",
    "symbol": "DE",
    "reportedCurrency": "USD",
    "cik": "0000315189",
    "fillingDate": "1998-01-23",
    "acceptedDate": "1998-01-23 00:00:00",
    "calendarYear": "1997",
    "period": "FY",
    "revenue": 12617200000,
    "costOfRevenue": 8209500000,
    "grossProfit": 4407700000,
    "grossProfitRatio": 0.3493405827,
    "researchAndDevelopmentExpenses": 412300000,
    "generalAndAdministrativeExpenses": 0,
    "sellingAndMarketingExpenses": 0,
    "sellingGeneralAndAdministrativeExpenses": 1874700000,
    "otherExpenses": 365600000,
    "operatingExpenses": 2652600000,
    "costAndExpenses": 10862100000,
    "interestIncome": 0,
    "interestExpense": 0,
    "depreciationAndAmortization": 365600000,
    "ebitda": 2120700000,
    "ebitdaratio": 0.1680800812,
    "operatingIncome": 1755100000,
    "operatingIncomeRatio": 0.1391037631,
    "totalOtherIncomeExpensesNet": -244100000,
    "incomeBeforeTax": 1511000000,
    "incomeBeforeTaxRatio": 0.1197571569,
    "incomeTaxExpense": 550900000,
    "netIncome": 960100000,
    "netIncomeRatio": 0.0760945376,
    "eps": 1.89,
    "epsdiluted": 1.87,
    "weightedAverageShsOut": 507989418,
    "weightedAverageShsOutDil": 513422460,
    "link": "https://www.sec.gov/Archives/edgar/data/315189/000104746998001932/0001047469-98-001932-index.htm",
    "finalLink": "https://www.sec.gov/Archives/edgar/data/315189/000104746998001932/"
  },
  {
    "date": "1996-10-31",
    "symbol": "DE",
    "reportedCurrency": "USD",
    "cik": "0000315189",
    "fillingDate": "1997-01-15",
    "acceptedDate": "1997-01-15 00:00:00",
    "calendarYear": "1996",
    "period": "FY",
    "revenue": 11061500000,
    "costOfRevenue": 7210200000,
    "grossProfit": 3851300000,
    "grossProfitRatio": 0.3481715861,
    "researchAndDevelopmentExpenses": 370300000,
    "generalAndAdministrativeExpenses": 0,
    "sellingAndMarketingExpenses": 0,
    "sellingGeneralAndAdministrativeExpenses": 1648700000,
    "otherExpenses": 311400000,
    "operatingExpenses": 2330400000,
    "costAndExpenses": 9540600000,
    "interestIncome": 0,
    "interestExpense": 0,
    "depreciationAndAmortization": 311400000,
    "ebitda": 1832300000,
    "ebitdaratio": 0.1656466121,
    "operatingIncome": 1520900000,
    "operatingIncomeRatio": 0.1374949148,
    "totalOtherIncomeExpensesNet": -223800000,
    "incomeBeforeTax": 1297100000,
    "incomeBeforeTaxRatio": 0.1172625774,
    "incomeTaxExpense": 479800000,
    "netIncome": 817300000,
    "netIncomeRatio": 0.073886905,
    "eps": 1.57,
    "epsdiluted": 1.56,
    "weightedAverageShsOut": 520573248,
    "weightedAverageShsOutDil": 525594855,
    "link": "https://www.sec.gov/Archives/edgar/data/315189/000091205797001035/0000912057-97-001035-index.htm",
    "finalLink": "https://www.sec.gov/Archives/edgar/data/315189/000091205797001035/"
  },
  {
    "date": "1995-10-31",
    "symbol": "DE",
    "reportedCurrency": "USD",
    "cik": "0000315189",
    "fillingDate": "1996-01-16",
    "acceptedDate": "1996-01-16 00:00:00",
    "calendarYear": "1995",
    "period": "FY",
    "revenue": 10118200000,
    "costOfRevenue": 6694300000,
    "grossProfit": 3423900000,
    "grossProfitRatio": 0.3383902275,
    "researchAndDevelopmentExpenses": 0,
    "generalAndAdministrativeExpenses": 0,
    "sellingAndMarketingExpenses": 0,
    "sellingGeneralAndAdministrativeExpenses": 1828000000,
    "otherExpenses": 283100000,
    "operatingExpenses": 2111100000,
    "costAndExpenses": 8805400000,
    "interestIncome": 0,
    "interestExpense": 0,
    "depreciationAndAmortization": 283100000,
    "ebitda": 1595900000,
    "ebitdaratio": 0.1577256824,
    "operatingIncome": 1312800000,
    "operatingIncomeRatio": 0.1297463976,
    "totalOtherIncomeExpensesNet": -208900000,
    "incomeBeforeTax": 1103900000,
    "incomeBeforeTaxRatio": 0.1091004329,
    "incomeTaxExpense": 397800000,
    "netIncome": 706100000,
    "netIncomeRatio": 0.0697851396,
    "eps": 1.36,
    "epsdiluted": 1.35,
    "weightedAverageShsOut": 521107011,
    "weightedAverageShsOutDil": 524981413,
    "link": "https://www.sec.gov/Archives/edgar/data/315189/000091205796000501/0000912057-96-000501-index.htm",
    "finalLink": "https://www.sec.gov/Archives/edgar/data/315189/000091205796000501/"
  },
  {
    "date": "1994-10-31",
    "symbol": "DE",
    "reportedCurrency": "USD",
    "cik": "0000315189",
    "fillingDate": "1995-01-26",
    "acceptedDate": "1995-01-26 00:00:00",
    "calendarYear": "1994",
    "period": "FY",
    "revenue": 8966900000,
    "costOfRevenue": 5788700000,
    "grossProfit": 3178200000,
    "grossProfitRatio": 0.3544368734,
    "researchAndDevelopmentExpenses": 0,
    "generalAndAdministrativeExpenses": 0,
    "sellingAndMarketingExpenses": 0,
    "sellingGeneralAndAdministrativeExpenses": 1760500000,
    "otherExpenses": 256700000,
    "operatingExpenses": 2017200000,
    "costAndExpenses": 7805900000,
    "interestIncome": 0,
    "interestExpense": 0,
    "depreciationAndAmortization": 256700000,
    "ebitda": 1417700000,
    "ebitdaratio": 0.1581036925,
    "operatingIncome": 1161000000,
    "operatingIncomeRatio": 0.1294761846,
    "totalOtherIncomeExpensesNet": -225200000,
    "incomeBeforeTax": 935800000,
    "incomeBeforeTaxRatio": 0.1043615965,
    "incomeTaxExpense": 332200000,
    "netIncome": 603600000,
    "netIncomeRatio": 0.0673142335,
    "eps": 1.17,
    "epsdiluted": 1.16,
    "weightedAverageShsOut": 515897436,
    "weightedAverageShsOutDil": 520344828,
    "link": "https://www.sec.gov/Archives/edgar/data/315189/000091205795000197/0000912057-95-000197-index.htm",
    "finalLink": "https://www.sec.gov/Archives/edgar/data/315189/000091205795000197/"
  },
  {
    "date": "1993-10-31",
    "symbol": "DE",
    "reportedCurrency": "USD",
    "cik": "0000315189",
    "fillingDate": "1994-01-28",
    "acceptedDate": "1994-01-28 00:00:00",
    "calendarYear": "1993",
    "period": "FY",
    "revenue": 7693800000,
    "costOfRevenue": 5154500000,
    "grossProfit": 2539300000,
    "grossProfitRatio": 0.3300449713,
    "researchAndDevelopmentExpenses": 0,
    "generalAndAdministrativeExpenses": 0,
    "sellingAndMarketingExpenses": 0,
    "sellingGeneralAndAdministrativeExpenses": 1593200000,
    "otherExpenses": 257200000,
    "operatingExpenses": 1850400000,
    "costAndExpenses": 7004900000,
    "interestIncome": 0,
    "interestExpense": 0,
    "depreciationAndAmortization": 257200000,
    "ebitda": 946100000,
    "ebitdaratio": 0.122969144,
    "operatingIncome": 688900000,
    "operatingIncomeRatio": 0.0895396293,
    "totalOtherIncomeExpensesNet": -407300000,
    "incomeBeforeTax": 281600000,
    "incomeBeforeTaxRatio": 0.0366008994,
    "incomeTaxExpense": 97200000,
    "netIncome": -920900000,
    "netIncomeRatio": -0.1196937794,
    "eps": -1.98,
    "epsdiluted": -1.98,
    "weightedAverageShsOut": 465101010,
    "weightedAverageShsOutDil": 465101010,
    "link": "https://www.sec.gov/Archives/edgar/data/315189/000091205794000164/0000912057-94-000164-index.htm",
    "finalLink": "https://www.sec.gov/Archives/edgar/data/315189/0000912057-94-000164.txt"
  },
  {
    "date": "1992-10-31",
    "symbol": "DE",
    "reportedCurrency": "USD",
    "cik": "0000315189",
    "fillingDate": "1992-10-31",
    "acceptedDate": "1992-10-31 00:00:00",
    "calendarYear": "1992",
    "period": "FY",
    "revenue": 6930700000,
    "costOfRevenue": 4681800000,
    "grossProfit": 2248900000,
    "grossProfitRatio": 0.3244838184,
    "researchAndDevelopmentExpenses": 0,
    "generalAndAdministrativeExpenses": 0,
    "sellingAndMarketingExpenses": 0,
    "sellingGeneralAndAdministrativeExpenses": 1571600000,
    "otherExpenses": 250400000,
    "operatingExpenses": 1822000000,
    "costAndExpenses": 6503800000,
    "interestIncome": 0,
    "interestExpense": 0,
    "depreciationAndAmortization": 250400000,
    "ebitda": 677300000,
    "ebitdaratio": 0.0977246166,
    "operatingIncome": 426900000,
    "operatingIncomeRatio": 0.0615955098,
    "totalOtherIncomeExpensesNet": -374800000,
    "incomeBeforeTax": 52100000,
    "incomeBeforeTaxRatio": 0.0075172782,
    "incomeTaxExpense": 14700000,
    "netIncome": 37400000,
    "netIncomeRatio": 0.0053962803,
    "eps": 0.08,
    "epsdiluted": 0.08,
    "weightedAverageShsOut": 467500000,
    "weightedAverageShsOutDil": 467500000,
    "link": null,
    "finalLink": null
  },
  {
    "date": "1991-10-31",
    "symbol": "DE",
    "reportedCurrency": "USD",
    "cik": "0000315189",
    "fillingDate": "1991-10-31",
    "acceptedDate": "1991-10-31 00:00:00",
    "calendarYear": "1991",
    "period": "FY",
    "revenue": 7034200000,
    "costOfRevenue": 4715900000,
    "grossProfit": 2318300000,
    "grossProfitRatio": 0.3295755025,
    "researchAndDevelopmentExpenses": 0,
    "generalAndAdministrativeExpenses": 0,
    "sellingAndMarketingExpenses": 0,
    "sellingGeneralAndAdministrativeExpenses": 1524400000,
    "otherExpenses": 209200000,
    "operatingExpenses": 1733600000,
    "costAndExpenses": 6449500000,
    "interestIncome": 0,
    "interestExpense": 0,
    "depreciationAndAmortization": 209200000,
    "ebitda": 793900000,
    "ebitdaratio": 0.11286287,
    "operatingIncome": 584700000,
    "operatingIncomeRatio": 0.0831224588,
    "totalOtherIncomeExpensesNet": -610100000,
    "incomeBeforeTax": -25400000,
    "incomeBeforeTaxRatio": -0.0036109295,
    "incomeTaxExpense": -5200000,
    "netIncome": -20200000,
    "netIncomeRatio": -0.0028716841,
    "eps": -0.045,
    "epsdiluted": -0.045,
    "weightedAverageShsOut": 448888889,
    "weightedAverageShsOutDil": 448888889,
    "link": null,
    "finalLink": null
  },
  {
    "date": "1990-10-31",
    "symbol": "DE",
    "reportedCurrency": "USD",
    "cik": "0000315189",
    "fillingDate": "1990-10-31",
    "acceptedDate": "1990-10-31 00:00:00",
    "calendarYear": "1990",
    "period": "FY",
    "revenue": 7847600000,
    "costOfRevenue": 5258200000,
    "grossProfit": 2589400000,
    "grossProfitRatio": 0.3299607523,
    "researchAndDevelopmentExpenses": 0,
    "generalAndAdministrativeExpenses": 0,
    "sellingAndMarketingExpenses": 0,
    "sellingGeneralAndAdministrativeExpenses": 1396300000,
    "otherExpenses": 203800000,
    "operatingExpenses": 1600100000,
    "costAndExpenses": 6858300000,
    "interestIncome": 0,
    "interestExpense": 0,
    "depreciationAndAmortization": 203800000,
    "ebitda": 1193100000,
    "ebitdaratio": 0.1520337428,
    "operatingIncome": 989300000,
    "operatingIncomeRatio": 0.1260640196,
    "totalOtherIncomeExpensesNet": -396200000,
    "incomeBeforeTax": 593100000,
    "incomeBeforeTaxRatio": 0.0755772465,
    "incomeTaxExpense": 182000000,
    "netIncome": 411100000,
    "netIncomeRatio": 0.0523854427,
    "eps": 0.91,
    "epsdiluted": 0.9,
    "weightedAverageShsOut": 454254144,
    "weightedAverageShsOutDil": 459329609,
    "link": null,
    "finalLink": null
  },
  {
    "date": "1989-10-31",
    "symbol": "DE",
    "reportedCurrency": "USD",
    "cik": "0000315189",
    "fillingDate": "1989-10-31",
    "acceptedDate": "1989-10-31 00:00:00",
    "calendarYear": "1989",
    "period": "FY",
    "revenue": 6233900000,
    "costOfRevenue": 4832100000,
    "grossProfit": 1401800000,
    "grossProfitRatio": 0.2248672581,
    "researchAndDevelopmentExpenses": 0,
    "generalAndAdministrativeExpenses": 0,
    "sellingAndMarketingExpenses": 0,
    "sellingGeneralAndAdministrativeExpenses": 1249000000,
    "otherExpenses": 192900000,
    "operatingExpenses": 1441900000,
    "costAndExpenses": 6274000000,
    "interestIncome": 0,
    "interestExpense": 0,
    "depreciationAndAmortization": 192900000,
    "ebitda": 152800000,
    "ebitdaratio": 0.0245111407,
    "operatingIncome": -40100000,
    "operatingIncomeRatio": -0.0064325703,
    "totalOtherIncomeExpensesNet": 587300000,
    "incomeBeforeTax": 547200000,
    "incomeBeforeTaxRatio": 0.0877781164,
    "incomeTaxExpense": 167000000,
    "netIncome": 380200000,
    "netIncomeRatio": 0.0609891079,
    "eps": 0.85,
    "epsdiluted": 0.84,
    "weightedAverageShsOut": 449940828,
    "weightedAverageShsOutDil": 455329341,
    "link": null,
    "finalLink": null
  },
  {
    "date": "1988-10-31",
    "symbol": "DE",
    "reportedCurrency": "USD",
    "cik": "0000315189",
    "fillingDate": "1988-10-31",
    "acceptedDate": "1988-10-31 00:00:00",
    "calendarYear": "1988",
    "period": "FY",
    "revenue": 5364800000,
    "costOfRevenue": 4179100000,
    "grossProfit": 1185700000,
    "grossProfitRatio": 0.2210147629,
    "researchAndDevelopmentExpenses": 0,
    "generalAndAdministrativeExpenses": 0,
    "sellingAndMarketingExpenses": 0,
    "sellingGeneralAndAdministrativeExpenses": 711200000,
    "otherExpenses": 187500000,
    "operatingExpenses": 898700000,
    "costAndExpenses": 5077800000,
    "interestIncome": 0,
    "interestExpense": 0,
    "depreciationAndAmortization": 187500000,
    "ebitda": 474500000,
    "ebitdaratio": 0.0884469132,
    "operatingIncome": 287000000,
    "operatingIncomeRatio": 0.0534968685,
    "totalOtherIncomeExpensesNet": 32700000,
    "incomeBeforeTax": 319700000,
    "incomeBeforeTaxRatio": 0.0595921563,
    "incomeTaxExpense": 33000000,
    "netIncome": 286700000,
    "netIncomeRatio": 0.0534409484,
    "eps": 0.68,
    "epsdiluted": 0.65,
    "weightedAverageShsOut": 424740741,
    "weightedAverageShsOutDil": 441076923,
    "link": null,
    "finalLink": null
  },
  {
    "date": "1987-10-31",
    "symbol": "DE",
    "reportedCurrency": "USD",
    "cik": "0000315189",
    "fillingDate": "1987-10-31",
    "acceptedDate": "1987-10-31 00:00:00",
    "calendarYear": "1987",
    "period": "FY",
    "revenue": 4134500000,
    "costOfRevenue": 3450100000,
    "grossProfit": 684400000,
    "grossProfitRatio": 0.1655339219,
    "researchAndDevelopmentExpenses": 0,
    "generalAndAdministrativeExpenses": 0,
    "sellingAndMarketingExpenses": 0,
    "sellingGeneralAndAdministrativeExpenses": 734100000,
    "otherExpenses": 185700000,
    "operatingExpenses": 919800000,
    "costAndExpenses": 4369900000,
    "interestIncome": 0,
    "interestExpense": 0,
    "depreciationAndAmortization": 185700000,
    "ebitda": -49700000,
    "ebitdaratio": -0.0120208006,
    "operatingIncome": -235400000,
    "operatingIncomeRatio": -0.0569355424,
    "totalOtherIncomeExpensesNet": 23700000,
    "incomeBeforeTax": -211700000,
    "incomeBeforeTaxRatio": -0.0512032894,
    "incomeTaxExpense": -112700000,
    "netIncome": -99000000,
    "netIncomeRatio": -0.0239448543,
    "eps": -0.24,
    "epsdiluted": -0.24,
    "weightedAverageShsOut": 404081633,
    "weightedAverageShsOutDil": 404081633,
    "link": null,
    "finalLink": null
  },
  {
    "date": "1986-10-31",
    "symbol": "DE",
    "reportedCurrency": "USD",
    "cik": "0000315189",
    "fillingDate": "1986-10-31",
    "acceptedDate": "1986-10-31 00:00:00",
    "calendarYear": "1986",
    "period": "FY",
    "revenue": 3516300000,
    "costOfRevenue": 3034400000,
    "grossProfit": 481900000,
    "grossProfitRatio": 0.1370474647,
    "researchAndDevelopmentExpenses": 0,
    "generalAndAdministrativeExpenses": 0,
    "sellingAndMarketingExpenses": 0,
    "sellingGeneralAndAdministrativeExpenses": 766600000,
    "otherExpenses": 202600000,
    "operatingExpenses": 969200000,
    "costAndExpenses": 4003600000,
    "interestIncome": 0,
    "interestExpense": 0,
    "depreciationAndAmortization": 202600000,
    "ebitda": -284700000,
    "ebitdaratio": -0.0809657879,
    "operatingIncome": -487300000,
    "operatingIncomeRatio": -0.1385831698,
    "totalOtherIncomeExpensesNet": -25900000,
    "incomeBeforeTax": -513200000,
    "incomeBeforeTaxRatio": -0.1459488667,
    "incomeTaxExpense": -283900000,
    "netIncome": -229300000,
    "netIncomeRatio": -0.0652105907,
    "eps": -0.56,
    "epsdiluted": -0.56,
    "weightedAverageShsOut": 405840708,
    "weightedAverageShsOutDil": 405840708,
    "link": null,
    "finalLink": null
  },
  {
    "date": "1985-10-31",
    "symbol": "DE",
    "reportedCurrency": "USD",
    "cik": "0000315189",
    "fillingDate": "1985-10-31",
    "acceptedDate": "1985-10-31 00:00:00",
    "calendarYear": "1985",
    "period": "FY",
    "revenue": 4060600000,
    "costOfRevenue": 3160800000,
    "grossProfit": 899800000,
    "grossProfitRatio": 0.221592868,
    "researchAndDevelopmentExpenses": 0,
    "generalAndAdministrativeExpenses": 0,
    "sellingAndMarketingExpenses": 0,
    "sellingGeneralAndAdministrativeExpenses": 730500000,
    "otherExpenses": 194500000,
    "operatingExpenses": 925000000,
    "costAndExpenses": 4085800000,
    "interestIncome": 0,
    "interestExpense": 0,
    "depreciationAndAmortization": 194500000,
    "ebitda": 169300000,
    "ebitdaratio": 0.0416933458,
    "operatingIncome": -25200000,
    "operatingIncomeRatio": -0.0062059794,
    "totalOtherIncomeExpensesNet": -8800000,
    "incomeBeforeTax": -34000000,
    "incomeBeforeTaxRatio": -0.0083731468,
    "incomeTaxExpense": -64500000,
    "netIncome": 30500000,
    "netIncomeRatio": 0.0075112052,
    "eps": 0.075,
    "epsdiluted": 0.075,
    "weightedAverageShsOut": 406666667,
    "weightedAverageShsOutDil": 406666667,
    "link": null,
    "finalLink": null
  }
]