[
  {
    "date": "2025-03-31",
    "symbol": "DECK",
    "reportedCurrency": "USD",
    "cik": "0000910521",
    "fillingDate": "2025-05-23",
    "acceptedDate": "2025-05-23 12:55:21",
    "calendarYear": "2025",
    "period": "FY",
    "revenue": 4985612000,
    "costOfRevenue": 2099949000,
    "grossProfit": 2885663000,
    "grossProfitRatio": 0.5787981496,
    "researchAndDevelopmentExpenses": 56676000,
    "generalAndAdministrativeExpenses": 0,
    "sellingAndMarketingExpenses": 0,
    "sellingGeneralAndAdministrativeExpenses": 1706571000,
    "otherExpenses": -56676000,
    "operatingExpenses": 1706571000,
    "costAndExpenses": 3806520000,
    "interestIncome": 68389000,
    "interestExpense": 3517000,
    "depreciationAndAmortization": 68426000,
    "ebitda": 1315242000,
    "ebitdaratio": 0.2638075326,
    "operatingIncome": 1179092000,
    "operatingIncomeRatio": 0.2364989494,
    "totalOtherIncomeExpensesNet": 64207000,
    "incomeBeforeTax": 1243299000,
    "incomeBeforeTaxRatio": 0.2493774084,
    "incomeTaxExpense": 277208000,
    "netIncome": 966091000,
    "netIncomeRatio": 0.1937758093,
    "eps": 6.36,
    "epsdiluted": 6.33,
    "weightedAverageShsOut": 151992000,
    "weightedAverageShsOutDil": 152670000,
    "link": "https://www.sec.gov/Archives/edgar/data/910521/000091052125000017/0000910521-25-000017-index.htm",
    "finalLink": "https://www.sec.gov/Archives/edgar/data/910521/000091052125000017/deck-20250331.htm"
  },
  {
    "date": "2024-03-31",
    "symbol": "DECK",
    "reportedCurrency": "USD",
    "cik": "0000910521",
    "fillingDate": "2024-05-24",
    "acceptedDate": "2024-05-24 14:32:03",
    "calendarYear": "2024",
    "period": "FY",
    "revenue": 4287763000,
    "costOfRevenue": 1902275000,
    "grossProfit": 2385488000,
    "grossProfitRatio": 0.5563479138,
    "researchAndDevelopmentExpenses": 49171000,
    "generalAndAdministrativeExpenses": 0,
    "sellingAndMarketingExpenses": 0,
    "sellingGeneralAndAdministrativeExpenses": 1457974000,
    "otherExpenses": -49171000,
    "operatingExpenses": 1457974000,
    "costAndExpenses": 3360249000,
    "interestIncome": 52208000,
    "interestExpense": 2564000,
    "depreciationAndAmortization": 57166000,
    "ebitda": 1038671000,
    "ebitdaratio": 0.2422407675,
    "operatingIncome": 927514000,
    "operatingIncomeRatio": 0.2163165268,
    "totalOtherIncomeExpensesNet": 51427000,
    "incomeBeforeTax": 978941000,
    "incomeBeforeTaxRatio": 0.2283104267,
    "incomeTaxExpense": 219378000,
    "netIncome": 759563000,
    "netIncomeRatio": 0.1771466846,
    "eps": 4.89,
    "epsdiluted": 4.86,
    "weightedAverageShsOut": 155226000,
    "weightedAverageShsOutDil": 156288000,
    "link": "https://www.sec.gov/Archives/edgar/data/910521/000091052124000017/0000910521-24-000017-index.htm",
    "finalLink": "https://www.sec.gov/Archives/edgar/data/910521/000091052124000017/deck-20240331.htm"
  },
  {
    "date": "2023-03-31",
    "symbol": "DECK",
    "reportedCurrency": "USD",
    "cik": "0000910521",
    "fillingDate": "2023-05-26",
    "acceptedDate": "2023-05-26 13:38:57",
    "calendarYear": "2023",
    "period": "FY",
    "revenue": 3627286000,
    "costOfRevenue": 1801916000,
    "grossProfit": 1825370000,
    "grossProfitRatio": 0.5032329957,
    "researchAndDevelopmentExpenses": 38657000,
    "generalAndAdministrativeExpenses": 0,
    "sellingAndMarketingExpenses": 0,
    "sellingGeneralAndAdministrativeExpenses": 1172619000,
    "otherExpenses": -38657000,
    "operatingExpenses": 1172619000,
    "costAndExpenses": 2974535000,
    "interestIncome": 15563000,
    "interestExpense": 3442000,
    "depreciationAndAmortization": 47345000,
    "ebitda": 716869000,
    "ebitdaratio": 0.1976323345,
    "operatingIncome": 652751000,
    "operatingIncomeRatio": 0.1799557576,
    "totalOtherIncomeExpensesNet": 13331000,
    "incomeBeforeTax": 666082000,
    "incomeBeforeTaxRatio": 0.1836309571,
    "incomeTaxExpense": 149260000,
    "netIncome": 516822000,
    "netIncomeRatio": 0.1424817343,
    "eps": 3.25,
    "epsdiluted": 3.23,
    "weightedAverageShsOut": 159024000,
    "weightedAverageShsOutDil": 160116000,
    "link": "https://www.sec.gov/Archives/edgar/data/910521/000091052123000016/0000910521-23-000016-index.htm",
    "finalLink": "https://www.sec.gov/Archives/edgar/data/910521/000091052123000016/deck-20230331.htm"
  },
  {
    "date": "2022-03-31",
    "symbol": "DECK",
    "reportedCurrency": "USD",
    "cik": "0000910521",
    "fillingDate": "2022-05-27",
    "acceptedDate": "2022-05-27 12:43:59",
    "calendarYear": "2022",
    "period": "FY",
    "revenue": 3150339000,
    "costOfRevenue": 1542788000,
    "grossProfit": 1607551000,
    "grossProfitRatio": 0.5102787351,
    "researchAndDevelopmentExpenses": 33344000,
    "generalAndAdministrativeExpenses": 0,
    "sellingAndMarketingExpenses": 0,
    "sellingGeneralAndAdministrativeExpenses": 1042844000,
    "otherExpenses": -33344000,
    "operatingExpenses": 1042844000,
    "costAndExpenses": 2585632000,
    "interestIncome": 1901000,
    "interestExpense": 2083000,
    "depreciationAndAmortization": 42878000,
    "ebitda": 609599000,
    "ebitdaratio": 0.1935026675,
    "operatingIncome": 564707000,
    "operatingIncomeRatio": 0.1792527725,
    "totalOtherIncomeExpensesNet": -69000,
    "incomeBeforeTax": 564638000,
    "incomeBeforeTaxRatio": 0.1792308701,
    "incomeTaxExpense": 112689000,
    "netIncome": 451949000,
    "netIncomeRatio": 0.1434604339,
    "eps": 2.74,
    "epsdiluted": 2.71,
    "weightedAverageShsOut": 165048000,
    "weightedAverageShsOutDil": 166734000,
    "link": "https://www.sec.gov/Archives/edgar/data/910521/000091052122000017/0000910521-22-000017-index.htm",
    "finalLink": "https://www.sec.gov/Archives/edgar/data/910521/000091052122000017/deck-20220331.htm"
  },
  {
    "date": "2021-03-31",
    "symbol": "DECK",
    "reportedCurrency": "USD",
    "cik": "0000910521",
    "fillingDate": "2021-05-28",
    "acceptedDate": "2021-05-28 13:43:58",
    "calendarYear": "2021",
    "period": "FY",
    "revenue": 2545641000,
    "costOfRevenue": 1171551000,
    "grossProfit": 1374090000,
    "grossProfitRatio": 0.5397815324,
    "researchAndDevelopmentExpenses": 28626000,
    "generalAndAdministrativeExpenses": 0,
    "sellingAndMarketingExpenses": 0,
    "sellingGeneralAndAdministrativeExpenses": 869885000,
    "otherExpenses": -28626000,
    "operatingExpenses": 869885000,
    "costAndExpenses": 2041436000,
    "interestIncome": 2637000,
    "interestExpense": 6028000,
    "depreciationAndAmortization": 40530000,
    "ebitda": 548072000,
    "ebitdaratio": 0.2152982294,
    "operatingIncome": 504205000,
    "operatingIncomeRatio": 0.1980660274,
    "totalOtherIncomeExpensesNet": -2691000,
    "incomeBeforeTax": 501514000,
    "incomeBeforeTaxRatio": 0.1970089262,
    "incomeTaxExpense": 118939000,
    "netIncome": 382575000,
    "netIncomeRatio": 0.150286313,
    "eps": 2.27,
    "epsdiluted": 2.25,
    "weightedAverageShsOut": 168330000,
    "weightedAverageShsOutDil": 170436000,
    "link": "https://www.sec.gov/Archives/edgar/data/910521/000091052121000017/0000910521-21-000017-index.htm",
    "finalLink": "https://www.sec.gov/Archives/edgar/data/910521/000091052121000017/deck-20210331.htm"
  },
  {
    "date": "2020-03-31",
    "symbol": "DECK",
    "reportedCurrency": "USD",
    "cik": "0000910521",
    "fillingDate": "2020-06-01",
    "acceptedDate": "2020-06-01 12:42:44",
    "calendarYear": "2020",
    "period": "FY",
    "revenue": 2132689000,
    "costOfRevenue": 1029016000,
    "grossProfit": 1103673000,
    "grossProfitRatio": 0.5175030208,
    "researchAndDevelopmentExpenses": 0,
    "generalAndAdministrativeExpenses": 0,
    "sellingAndMarketingExpenses": 0,
    "sellingGeneralAndAdministrativeExpenses": 765538000,
    "otherExpenses": 0,
    "operatingExpenses": 765538000,
    "costAndExpenses": 1794554000,
    "interestIncome": 7261000,
    "interestExpense": 5046000,
    "depreciationAndAmortization": 38912000,
    "ebitda": 384824000,
    "ebitdaratio": 0.1804407487,
    "operatingIncome": 338135000,
    "operatingIncomeRatio": 0.1585486679,
    "totalOtherIncomeExpensesNet": 2731000,
    "incomeBeforeTax": 340866000,
    "incomeBeforeTaxRatio": 0.1598292109,
    "incomeTaxExpense": 64724000,
    "netIncome": 276142000,
    "netIncomeRatio": 0.1294806697,
    "eps": 1.62,
    "epsdiluted": 1.6,
    "weightedAverageShsOut": 170310000,
    "weightedAverageShsOutDil": 172164000,
    "link": "https://www.sec.gov/Archives/edgar/data/910521/000091052120000016/0000910521-20-000016-index.htm",
    "finalLink": "https://www.sec.gov/Archives/edgar/data/910521/000091052120000016/deck331202010-k.htm"
  },
  {
    "date": "2019-03-31",
    "symbol": "DECK",
    "reportedCurrency": "USD",
    "cik": "0000910521",
    "fillingDate": "2019-05-30",
    "acceptedDate": "2019-05-30 15:48:57",
    "calendarYear": "2019",
    "period": "FY",
    "revenue": 2020437000,
    "costOfRevenue": 980187000,
    "grossProfit": 1040250000,
    "grossProfitRatio": 0.5148638636,
    "researchAndDevelopmentExpenses": 0,
    "generalAndAdministrativeExpenses": 0,
    "sellingAndMarketingExpenses": 0,
    "sellingGeneralAndAdministrativeExpenses": 712930000,
    "otherExpenses": 0,
    "operatingExpenses": 712930000,
    "costAndExpenses": 1693117000,
    "interestIncome": 6028000,
    "interestExpense": 4661000,
    "depreciationAndAmortization": 44941000,
    "ebitda": 378536000,
    "ebitdaratio": 0.187353528,
    "operatingIncome": 327320000,
    "operatingIncomeRatio": 0.1620045564,
    "totalOtherIncomeExpensesNet": 1614000,
    "incomeBeforeTax": 328934000,
    "incomeBeforeTaxRatio": 0.1628033935,
    "incomeTaxExpense": 64626000,
    "netIncome": 264308000,
    "netIncomeRatio": 0.130817244,
    "eps": 1.4866964,
    "epsdiluted": 1.4733628,
    "weightedAverageShsOut": 177846000,
    "weightedAverageShsOutDil": 179418000,
    "link": "https://www.sec.gov/Archives/edgar/data/910521/000091052119000011/0000910521-19-000011-index.htm",
    "finalLink": "https://www.sec.gov/Archives/edgar/data/910521/000091052119000011/deck331201910-kdocument.htm"
  },
  {
    "date": "2018-03-31",
    "symbol": "DECK",
    "reportedCurrency": "USD",
    "cik": "0000910521",
    "fillingDate": "2018-05-30",
    "acceptedDate": "2018-05-30 15:12:10",
    "calendarYear": "2018",
    "period": "FY",
    "revenue": 1903339000,
    "costOfRevenue": 971697000,
    "grossProfit": 931642000,
    "grossProfitRatio": 0.4894777021,
    "researchAndDevelopmentExpenses": 0,
    "generalAndAdministrativeExpenses": 0,
    "sellingAndMarketingExpenses": 0,
    "sellingGeneralAndAdministrativeExpenses": 709058000,
    "otherExpenses": 0,
    "operatingExpenses": 709058000,
    "costAndExpenses": 1680755000,
    "interestIncome": 3057000,
    "interestExpense": 4585000,
    "depreciationAndAmortization": 48572000,
    "ebitda": 273853000,
    "ebitdaratio": 0.1438803072,
    "operatingIncome": 222584000,
    "operatingIncomeRatio": 0.1169439601,
    "totalOtherIncomeExpensesNet": -1888000,
    "incomeBeforeTax": 220696000,
    "incomeBeforeTaxRatio": 0.1159520191,
    "incomeTaxExpense": 106302000,
    "netIncome": 114394000,
    "netIncomeRatio": 0.0601017475,
    "eps": 0.6000120000000001,
    "epsdiluted": 0.5966786000000001,
    "weightedAverageShsOut": 190548000,
    "weightedAverageShsOutDil": 191976000,
    "link": "https://www.sec.gov/Archives/edgar/data/910521/000091052118000015/0000910521-18-000015-index.htm",
    "finalLink": "https://www.sec.gov/Archives/edgar/data/910521/000091052118000015/deck331201810-k.htm"
  },
  {
    "date": "2017-03-31",
    "symbol": "DECK",
    "reportedCurrency": "USD",
    "cik": "0000910521",
    "fillingDate": "2017-05-30",
    "acceptedDate": "2017-05-30 15:23:38",
    "calendarYear": "2017",
    "period": "FY",
    "revenue": 1790147000,
    "costOfRevenue": 954912000,
    "grossProfit": 835235000,
    "grossProfitRatio": 0.4665734155,
    "researchAndDevelopmentExpenses": 0,
    "generalAndAdministrativeExpenses": 0,
    "sellingAndMarketingExpenses": 0,
    "sellingGeneralAndAdministrativeExpenses": 837154000,
    "otherExpenses": 0,
    "operatingExpenses": 837154000,
    "costAndExpenses": 1792066000,
    "interestIncome": 778000,
    "interestExpense": 7319000,
    "depreciationAndAmortization": 52628000,
    "ebitda": 52961000,
    "ebitdaratio": 0.0295847213,
    "operatingIncome": -1919000,
    "operatingIncomeRatio": -0.001071979,
    "totalOtherIncomeExpensesNet": -5067000,
    "incomeBeforeTax": -6986000,
    "incomeBeforeTaxRatio": -0.0039024728,
    "incomeTaxExpense": -12696000,
    "netIncome": 5710000,
    "netIncomeRatio": 0.0031896822,
    "eps": 0.030000600000000002,
    "epsdiluted": 0.030000600000000002,
    "weightedAverageShsOut": 192000000,
    "weightedAverageShsOutDil": 194130000,
    "link": "https://www.sec.gov/Archives/edgar/data/910521/000091052117000008/0000910521-17-000008-index.htm",
    "finalLink": "https://www.sec.gov/Archives/edgar/data/910521/000091052117000008/deckfy2017331201710-kdocum.htm"
  },
  {
    "date": "2016-03-31",
    "symbol": "DECK",
    "reportedCurrency": "USD",
    "cik": "0000910521",
    "fillingDate": "2016-05-31",
    "acceptedDate": "2016-05-31 16:50:00",
    "calendarYear": "2016",
    "period": "FY",
    "revenue": 1875197000,
    "costOfRevenue": 1028529000,
    "grossProfit": 846668000,
    "grossProfitRatio": 0.4515088281,
    "researchAndDevelopmentExpenses": 0,
    "generalAndAdministrativeExpenses": 0,
    "sellingAndMarketingExpenses": 0,
    "sellingGeneralAndAdministrativeExpenses": 684541000,
    "otherExpenses": 0,
    "operatingExpenses": 684541000,
    "costAndExpenses": 1713070000,
    "interestIncome": 420000,
    "interestExpense": 5814000,
    "depreciationAndAmortization": 50024000,
    "ebitda": 212723000,
    "ebitdaratio": 0.1134403479,
    "operatingIncome": 162127000,
    "operatingIncomeRatio": 0.0864586494,
    "totalOtherIncomeExpensesNet": -5242000,
    "incomeBeforeTax": 156885000,
    "incomeBeforeTaxRatio": 0.0836632098,
    "incomeTaxExpense": 34620000,
    "netIncome": 122265000,
    "netIncomeRatio": 0.0652011495,
    "eps": 0.6266792,
    "epsdiluted": 0.6166790000000001,
    "weightedAverageShsOut": 195336000,
    "weightedAverageShsOutDil": 198234000,
    "link": "https://www.sec.gov/Archives/edgar/data/910521/000091052116000058/0000910521-16-000058-index.htm",
    "finalLink": "https://www.sec.gov/Archives/edgar/data/910521/000091052116000058/deckfy2016331201610-k.htm"
  },
  {
    "date": "2015-03-31",
    "symbol": "DECK",
    "reportedCurrency": "USD",
    "cik": "0000910521",
    "fillingDate": "2015-06-01",
    "acceptedDate": "2015-06-01 17:12:15",
    "calendarYear": "2015",
    "period": "FY",
    "revenue": 1817057000,
    "costOfRevenue": 938949000,
    "grossProfit": 878108000,
    "grossProfitRatio": 0.4832583678,
    "researchAndDevelopmentExpenses": 0,
    "generalAndAdministrativeExpenses": 0,
    "sellingAndMarketingExpenses": 0,
    "sellingGeneralAndAdministrativeExpenses": 653689000,
    "otherExpenses": 0,
    "operatingExpenses": 653689000,
    "costAndExpenses": 1592638000,
    "interestIncome": 207000,
    "interestExpense": 4220000,
    "depreciationAndAmortization": 49293000,
    "ebitda": 274652000,
    "ebitdaratio": 0.1511521103,
    "operatingIncome": 224419000,
    "operatingIncomeRatio": 0.1235068575,
    "totalOtherIncomeExpensesNet": -3280000,
    "incomeBeforeTax": 221139000,
    "incomeBeforeTaxRatio": 0.1217017408,
    "incomeTaxExpense": 59359000,
    "netIncome": 161780000,
    "netIncomeRatio": 0.0890340809,
    "eps": 0.7833490000000001,
    "epsdiluted": 0.7766822000000001,
    "weightedAverageShsOut": 206598000,
    "weightedAverageShsOutDil": 208398000,
    "link": "https://www.sec.gov/Archives/edgar/data/910521/000091052115000018/0000910521-15-000018-index.htm",
    "finalLink": "https://www.sec.gov/Archives/edgar/data/910521/000091052115000018/deckfy2015331201510-k.htm"
  },
  {
    "date": "2014-03-31",
    "symbol": "DECK",
    "reportedCurrency": "USD",
    "cik": "0000910521",
    "fillingDate": "2014-03-03",
    "acceptedDate": "2014-03-03 15:58:44",
    "calendarYear": "2014",
    "period": "FY",
    "revenue": 1587574000,
    "costOfRevenue": 830390000,
    "grossProfit": 757184000,
    "grossProfitRatio": 0.4769440669,
    "researchAndDevelopmentExpenses": 0,
    "generalAndAdministrativeExpenses": 0,
    "sellingAndMarketingExpenses": 0,
    "sellingGeneralAndAdministrativeExpenses": 0,
    "otherExpenses": 0,
    "operatingExpenses": 0,
    "costAndExpenses": 1382112000,
    "interestIncome": 0,
    "interestExpense": 0,
    "depreciationAndAmortization": 0,
    "ebitda": 0,
    "ebitdaratio": 0,
    "operatingIncome": 205963000,
    "operatingIncomeRatio": 0.129734425,
    "totalOtherIncomeExpensesNet": -2532000,
    "incomeBeforeTax": 202305000,
    "incomeBeforeTaxRatio": 0.1274302804,
    "incomeTaxExpense": 60308000,
    "netIncome": 141997000,
    "netIncomeRatio": 0.0894427598,
    "eps": 0.6816803,
    "epsdiluted": 0.6816803,
    "weightedAverageShsOut": 208140000,
    "weightedAverageShsOutDil": 208140000,
    "link": "https://www.sec.gov/Archives/edgar/data/910521/000144530514000820/0001445305-14-000820-index.htm",
    "finalLink": "https://www.sec.gov/Archives/edgar/data/910521/000144530514000820/deck-20131231x10k.htm"
  },
  {
    "date": "2012-12-31",
    "symbol": "DECK",
    "reportedCurrency": "USD",
    "cik": "0000910521",
    "fillingDate": "2013-03-01",
    "acceptedDate": "2013-03-01 16:08:28",
    "calendarYear": "2013",
    "period": "FY",
    "revenue": 1414398000,
    "costOfRevenue": 782244000,
    "grossProfit": 632154000,
    "grossProfitRatio": 0.4469420913,
    "researchAndDevelopmentExpenses": 0,
    "generalAndAdministrativeExpenses": 0,
    "sellingAndMarketingExpenses": 0,
    "sellingGeneralAndAdministrativeExpenses": 445206000,
    "otherExpenses": 0,
    "operatingExpenses": 445206000,
    "costAndExpenses": 1227450000,
    "interestIncome": 217000,
    "interestExpense": 3840000,
    "depreciationAndAmortization": 33367000,
    "ebitda": 221325000,
    "ebitdaratio": 0.1564800007,
    "operatingIncome": 186948000,
    "operatingIncomeRatio": 0.1321749607,
    "totalOtherIncomeExpensesNet": -2830000,
    "incomeBeforeTax": 184118000,
    "incomeBeforeTaxRatio": 0.1301741094,
    "incomeTaxExpense": 55104000,
    "netIncome": 128866000,
    "netIncomeRatio": 0.0911101401,
    "eps": 0.5816783000000001,
    "epsdiluted": 0.5750115000000001,
    "weightedAverageShsOut": 221274000,
    "weightedAverageShsOutDil": 224004000,
    "link": "https://www.sec.gov/Archives/edgar/data/910521/000104746913002068/0001047469-13-002068-index.htm",
    "finalLink": "https://www.sec.gov/Archives/edgar/data/910521/000104746913002068/a2213206z10-k.htm"
  },
  {
    "date": "2011-12-31",
    "symbol": "DECK",
    "reportedCurrency": "USD",
    "cik": "0000910521",
    "fillingDate": "2012-02-29",
    "acceptedDate": "2012-02-29 16:49:12",
    "calendarYear": "2012",
    "period": "FY",
    "revenue": 1377283000,
    "costOfRevenue": 698288000,
    "grossProfit": 678995000,
    "grossProfitRatio": 0.4929959928,
    "researchAndDevelopmentExpenses": 0,
    "generalAndAdministrativeExpenses": 0,
    "sellingAndMarketingExpenses": 0,
    "sellingGeneralAndAdministrativeExpenses": 394157000,
    "otherExpenses": 0,
    "operatingExpenses": 394157000,
    "costAndExpenses": 1092445000,
    "interestIncome": 180000,
    "interestExpense": 249000,
    "depreciationAndAmortization": 28977000,
    "ebitda": 314488000,
    "ebitdaratio": 0.228339419,
    "operatingIncome": 284838000,
    "operatingIncomeRatio": 0.2068115268,
    "totalOtherIncomeExpensesNet": 424000,
    "incomeBeforeTax": 285262000,
    "incomeBeforeTaxRatio": 0.2071193792,
    "incomeTaxExpense": 83404000,
    "netIncome": 199052000,
    "netIncomeRatio": 0.1445251266,
    "eps": 0.8600172,
    "epsdiluted": 0.8450169000000001,
    "weightedAverageShsOut": 231630000,
    "weightedAverageShsOutDil": 235590000,
    "link": "https://www.sec.gov/Archives/edgar/data/910521/000104746912001917/0001047469-12-001917-index.htm",
    "finalLink": "https://www.sec.gov/Archives/edgar/data/910521/000104746912001917/a2207209z10-k.htm"
  },
  {
    "date": "2010-12-31",
    "symbol": "DECK",
    "reportedCurrency": "USD",
    "cik": "0000910521",
    "fillingDate": "2011-03-01",
    "acceptedDate": "2011-03-01 15:36:48",
    "calendarYear": "2011",
    "period": "FY",
    "revenue": 1000989000,
    "costOfRevenue": 498051000,
    "grossProfit": 502938000,
    "grossProfitRatio": 0.5024410858,
    "researchAndDevelopmentExpenses": 0,
    "generalAndAdministrativeExpenses": 0,
    "sellingAndMarketingExpenses": 0,
    "sellingGeneralAndAdministrativeExpenses": 253850000,
    "otherExpenses": 0,
    "operatingExpenses": 253850000,
    "costAndExpenses": 751901000,
    "interestIncome": 234000,
    "interestExpense": 566000,
    "depreciationAndAmortization": 12283000,
    "ebitda": 262958000,
    "ebitdaratio": 0.2626981915,
    "operatingIncome": 249088000,
    "operatingIncomeRatio": 0.2488418954,
    "totalOtherIncomeExpensesNet": 1021000,
    "incomeBeforeTax": 250109000,
    "incomeBeforeTaxRatio": 0.2498618866,
    "incomeTaxExpense": 89732000,
    "netIncome": 158235000,
    "netIncomeRatio": 0.1580786602,
    "eps": 0.683347,
    "epsdiluted": 0.6716801000000001,
    "weightedAverageShsOut": 231690000,
    "weightedAverageShsOutDil": 235752000,
    "link": "https://www.sec.gov/Archives/edgar/data/910521/000104746911001618/0001047469-11-001618-index.htm",
    "finalLink": "https://www.sec.gov/Archives/edgar/data/910521/000104746911001618/a2202162z10-k.htm"
  },
  {
    "date": "2009-12-31",
    "symbol": "DECK",
    "reportedCurrency": "USD",
    "cik": "0000910521",
    "fillingDate": "2010-03-01",
    "acceptedDate": "2010-03-01 16:22:10",
    "calendarYear": "2010",
    "period": "FY",
    "revenue": 813177000,
    "costOfRevenue": 442087000,
    "grossProfit": 371090000,
    "grossProfitRatio": 0.4563459124,
    "researchAndDevelopmentExpenses": 0,
    "generalAndAdministrativeExpenses": 0,
    "sellingAndMarketingExpenses": 0,
    "sellingGeneralAndAdministrativeExpenses": 188843000,
    "otherExpenses": 1000000,
    "operatingExpenses": 189843000,
    "costAndExpenses": 630930000,
    "interestIncome": 1885000,
    "interestExpense": 0,
    "depreciationAndAmortization": 10194000,
    "ebitda": 193417000,
    "ebitdaratio": 0.2378535054,
    "operatingIncome": 181247000,
    "operatingIncomeRatio": 0.222887514,
    "totalOtherIncomeExpensesNet": 1976000,
    "incomeBeforeTax": 183223000,
    "incomeBeforeTaxRatio": 0.2253174893,
    "incomeTaxExpense": 66304000,
    "netIncome": 116786000,
    "netIncomeRatio": 0.1436169493,
    "eps": 0.4983433000000001,
    "epsdiluted": 0.49334320000000004,
    "weightedAverageShsOut": 234144000,
    "weightedAverageShsOutDil": 236358000,
    "link": "https://www.sec.gov/Archives/edgar/data/910521/000104746910001651/0001047469-10-001651-index.htm",
    "finalLink": "https://www.sec.gov/Archives/edgar/data/910521/000104746910001651/a2196208z10-k.htm"
  },
  {
    "date": "2008-12-31",
    "symbol": "DECK",
    "reportedCurrency": "USD",
    "cik": "0000910521",
    "fillingDate": "2009-03-02",
    "acceptedDate": "2009-03-02 15:19:30",
    "calendarYear": "2009",
    "period": "FY",
    "revenue": 689445000,
    "costOfRevenue": 384127000,
    "grossProfit": 305318000,
    "grossProfitRatio": 0.4428460573,
    "researchAndDevelopmentExpenses": 0,
    "generalAndAdministrativeExpenses": 0,
    "sellingAndMarketingExpenses": 0,
    "sellingGeneralAndAdministrativeExpenses": 152574000,
    "otherExpenses": 35825000,
    "operatingExpenses": 188399000,
    "costAndExpenses": 536701000,
    "interestIncome": 3332000,
    "interestExpense": 0,
    "depreciationAndAmortization": 6008000,
    "ebitda": 126510000,
    "ebitdaratio": 0.1834954202,
    "operatingIncome": 116919000,
    "operatingIncomeRatio": 0.1695842308,
    "totalOtherIncomeExpensesNet": 3583000,
    "incomeBeforeTax": 120502000,
    "incomeBeforeTaxRatio": 0.1747811646,
    "incomeTaxExpense": 46631000,
    "netIncome": 73948000,
    "netIncomeRatio": 0.1072572867,
    "eps": 0.3150063,
    "epsdiluted": 0.31167290000000003,
    "weightedAverageShsOut": 234756000,
    "weightedAverageShsOutDil": 237510000,
    "link": "https://www.sec.gov/Archives/edgar/data/910521/000104746909002106/0001047469-09-002106-index.htm",
    "finalLink": "https://www.sec.gov/Archives/edgar/data/910521/000104746909002106/a2190215z10-k.htm"
  },
  {
    "date": "2007-12-31",
    "symbol": "DECK",
    "reportedCurrency": "USD",
    "cik": "0000910521",
    "fillingDate": "2008-02-29",
    "acceptedDate": "2008-02-29 16:42:56",
    "calendarYear": "2008",
    "period": "FY",
    "revenue": 448929000,
    "costOfRevenue": 241458000,
    "grossProfit": 207471000,
    "grossProfitRatio": 0.4621465755,
    "researchAndDevelopmentExpenses": 0,
    "generalAndAdministrativeExpenses": 0,
    "sellingAndMarketingExpenses": 0,
    "sellingGeneralAndAdministrativeExpenses": 101918000,
    "otherExpenses": 0,
    "operatingExpenses": 101918000,
    "costAndExpenses": 343376000,
    "interestIncome": 0,
    "interestExpense": 0,
    "depreciationAndAmortization": 3516000,
    "ebitda": 109069000,
    "ebitdaratio": 0.2429537856,
    "operatingIncome": 105553000,
    "operatingIncomeRatio": 0.2351218121,
    "totalOtherIncomeExpensesNet": 4486000,
    "incomeBeforeTax": 110039000,
    "incomeBeforeTaxRatio": 0.2451144836,
    "incomeTaxExpense": 43602000,
    "netIncome": 66437000,
    "netIncomeRatio": 0.147989994,
    "eps": 0.2883391,
    "epsdiluted": 0.2816723,
    "weightedAverageShsOut": 231030000,
    "weightedAverageShsOutDil": 236322000,
    "link": "https://www.sec.gov/Archives/edgar/data/910521/000104746908002087/0001047469-08-002087-index.htm",
    "finalLink": "https://www.sec.gov/Archives/edgar/data/910521/000104746908002087/a2183018z10-k.htm"
  },
  {
    "date": "2006-12-31",
    "symbol": "DECK",
    "reportedCurrency": "USD",
    "cik": "0000910521",
    "fillingDate": "2007-03-16",
    "acceptedDate": "2007-03-16 16:38:38",
    "calendarYear": "2007",
    "period": "FY",
    "revenue": 304423000,
    "costOfRevenue": 163692000,
    "grossProfit": 140731000,
    "grossProfitRatio": 0.4622876721,
    "researchAndDevelopmentExpenses": 0,
    "generalAndAdministrativeExpenses": 0,
    "sellingAndMarketingExpenses": 0,
    "sellingGeneralAndAdministrativeExpenses": 73989000,
    "otherExpenses": 15300000,
    "operatingExpenses": 89289000,
    "costAndExpenses": 252981000,
    "interestIncome": 0,
    "interestExpense": 0,
    "depreciationAndAmortization": 3082000,
    "ebitda": 54524000,
    "ebitdaratio": 0.1791060465,
    "operatingIncome": 51442000,
    "operatingIncomeRatio": 0.1689819757,
    "totalOtherIncomeExpensesNet": -13858000,
    "incomeBeforeTax": 53352000,
    "incomeBeforeTaxRatio": 0.1752561403,
    "incomeTaxExpense": 22743000,
    "netIncome": 30609000,
    "netIncomeRatio": 0.1005475933,
    "eps": 0.1366694,
    "epsdiluted": 0.13166930000000002,
    "weightedAverageShsOut": 225342000,
    "weightedAverageShsOutDil": 231876000,
    "link": "https://www.sec.gov/Archives/edgar/data/910521/000095012407001573/0000950124-07-001573-index.htm",
    "finalLink": "https://www.sec.gov/Archives/edgar/data/910521/000095012407001573/v28346e10vk.htm"
  },
  {
    "date": "2005-12-31",
    "symbol": "DECK",
    "reportedCurrency": "USD",
    "cik": "0000910521",
    "fillingDate": "2006-03-09",
    "acceptedDate": "2006-03-09 16:52:37",
    "calendarYear": "2006",
    "period": "FY",
    "revenue": 264760000,
    "costOfRevenue": 153598000,
    "grossProfit": 111162000,
    "grossProfitRatio": 0.4198594954,
    "researchAndDevelopmentExpenses": 0,
    "generalAndAdministrativeExpenses": 0,
    "sellingAndMarketingExpenses": 0,
    "sellingGeneralAndAdministrativeExpenses": 59254000,
    "otherExpenses": 0,
    "operatingExpenses": 59254000,
    "costAndExpenses": 212852000,
    "interestIncome": 0,
    "interestExpense": 0,
    "depreciationAndAmortization": 2497000,
    "ebitda": 54405000,
    "ebitdaratio": 0.2054879891,
    "operatingIncome": 51908000,
    "operatingIncomeRatio": 0.1960568062,
    "totalOtherIncomeExpensesNet": -374000,
    "incomeBeforeTax": 51534000,
    "incomeBeforeTaxRatio": 0.1946442061,
    "incomeTaxExpense": 20387000,
    "netIncome": 31147000,
    "netIncomeRatio": 0.1176423931,
    "eps": 0.1400028,
    "epsdiluted": 0.13500270000000003,
    "weightedAverageShsOut": 222282000,
    "weightedAverageShsOutDil": 231588000,
    "link": "https://www.sec.gov/Archives/edgar/data/910521/000095012906002462/0000950129-06-002462-index.htm",
    "finalLink": "https://www.sec.gov/Archives/edgar/data/910521/000095012906002462/v18036e10vk.htm"
  },
  {
    "date": "2004-12-31",
    "symbol": "DECK",
    "reportedCurrency": "USD",
    "cik": "0000910521",
    "fillingDate": "2005-03-16",
    "acceptedDate": "2005-03-16 15:11:48",
    "calendarYear": "2005",
    "period": "FY",
    "revenue": 214787000,
    "costOfRevenue": 124354000,
    "grossProfit": 90433000,
    "grossProfitRatio": 0.4210357238,
    "researchAndDevelopmentExpenses": 0,
    "generalAndAdministrativeExpenses": 0,
    "sellingAndMarketingExpenses": 0,
    "sellingGeneralAndAdministrativeExpenses": 47971000,
    "otherExpenses": 0,
    "operatingExpenses": 47971000,
    "costAndExpenses": 172325000,
    "interestIncome": 0,
    "interestExpense": 0,
    "depreciationAndAmortization": 1787000,
    "ebitda": 44249000,
    "ebitdaratio": 0.2060133993,
    "operatingIncome": 42462000,
    "operatingIncomeRatio": 0.1976935289,
    "totalOtherIncomeExpensesNet": -2239000,
    "incomeBeforeTax": 40223000,
    "incomeBeforeTaxRatio": 0.1872692481,
    "incomeTaxExpense": 14684000,
    "netIncome": 25539000,
    "netIncomeRatio": 0.1189038443,
    "eps": 0.1266692,
    "epsdiluted": 0.11333560000000002,
    "weightedAverageShsOut": 198090000,
    "weightedAverageShsOutDil": 218556000,
    "link": "https://www.sec.gov/Archives/edgar/data/910521/000095012905002490/0000950129-05-002490-index.htm",
    "finalLink": "https://www.sec.gov/Archives/edgar/data/910521/000095012905002490/v06639e10vk.htm"
  },
  {
    "date": "2003-12-31",
    "symbol": "DECK",
    "reportedCurrency": "USD",
    "cik": "0000910521",
    "fillingDate": "2004-04-30",
    "acceptedDate": "2004-04-30 17:26:57",
    "calendarYear": "2004",
    "period": "FY",
    "revenue": 121055000,
    "costOfRevenue": 69710000,
    "grossProfit": 51345000,
    "grossProfitRatio": 0.4241460493,
    "researchAndDevelopmentExpenses": 0,
    "generalAndAdministrativeExpenses": 0,
    "sellingAndMarketingExpenses": 0,
    "sellingGeneralAndAdministrativeExpenses": 31907000,
    "otherExpenses": 0,
    "operatingExpenses": 31907000,
    "costAndExpenses": 101617000,
    "interestIncome": 0,
    "interestExpense": 0,
    "depreciationAndAmortization": 3577000,
    "ebitda": 23015000,
    "ebitdaratio": 0.1901201933,
    "operatingIncome": 19438000,
    "operatingIncomeRatio": 0.160571641,
    "totalOtherIncomeExpensesNet": -4554000,
    "incomeBeforeTax": 14884000,
    "incomeBeforeTaxRatio": 0.122952377,
    "incomeTaxExpense": 5730000,
    "netIncome": 9154000,
    "netIncomeRatio": 0.0756185205,
    "eps": 0.050001000000000004,
    "epsdiluted": 0.0433342,
    "weightedAverageShsOut": 172980000,
    "weightedAverageShsOutDil": 213840000,
    "link": "https://www.sec.gov/Archives/edgar/data/910521/000095014804000830/0000950148-04-000830-index.htm",
    "finalLink": "https://www.sec.gov/Archives/edgar/data/910521/000095014804000830/v97221ae10vkza.htm"
  },
  {
    "date": "2002-12-31",
    "symbol": "DECK",
    "reportedCurrency": "USD",
    "cik": "0000910521",
    "fillingDate": "2003-03-31",
    "acceptedDate": "2003-03-31 11:02:21",
    "calendarYear": "2003",
    "period": "FY",
    "revenue": 99107000,
    "costOfRevenue": 57577000,
    "grossProfit": 41530000,
    "grossProfitRatio": 0.4190420455,
    "researchAndDevelopmentExpenses": 0,
    "generalAndAdministrativeExpenses": 0,
    "sellingAndMarketingExpenses": 0,
    "sellingGeneralAndAdministrativeExpenses": 34954000,
    "otherExpenses": 3228000,
    "operatingExpenses": 38182000,
    "costAndExpenses": 95759000,
    "interestIncome": 0,
    "interestExpense": 0,
    "depreciationAndAmortization": 2584000,
    "ebitda": 5932000,
    "ebitdaratio": 0.0598545007,
    "operatingIncome": 3348000,
    "operatingIncomeRatio": 0.0337816703,
    "totalOtherIncomeExpensesNet": -504000,
    "incomeBeforeTax": 2844000,
    "incomeBeforeTaxRatio": 0.0286962576,
    "incomeTaxExpense": 1224000,
    "netIncome": -7353000,
    "netIncomeRatio": -0.0741925394,
    "eps": -0.0433342,
    "epsdiluted": -0.0416675,
    "weightedAverageShsOut": 167904000,
    "weightedAverageShsOutDil": 176508000,
    "link": "https://www.sec.gov/Archives/edgar/data/910521/000095014803000685/0000950148-03-000685-index.htm",
    "finalLink": "https://www.sec.gov/Archives/edgar/data/910521/000095014803000685/v88494e10vk.htm"
  },
  {
    "date": "2001-12-31",
    "symbol": "DECK",
    "reportedCurrency": "USD",
    "cik": "0000910521",
    "fillingDate": "2002-03-29",
    "acceptedDate": "2002-03-29 00:00:00",
    "calendarYear": "2002",
    "period": "FY",
    "revenue": 91461000,
    "costOfRevenue": 52903000,
    "grossProfit": 38558000,
    "grossProfitRatio": 0.4215785963,
    "researchAndDevelopmentExpenses": 0,
    "generalAndAdministrativeExpenses": 0,
    "sellingAndMarketingExpenses": 0,
    "sellingGeneralAndAdministrativeExpenses": 34040000,
    "otherExpenses": 0,
    "operatingExpenses": 34040000,
    "costAndExpenses": 86943000,
    "interestIncome": 0,
    "interestExpense": 0,
    "depreciationAndAmortization": 3577000,
    "ebitda": 8095000,
    "ebitdaratio": 0.0885076699,
    "operatingIncome": 4518000,
    "operatingIncomeRatio": 0.0493981041,
    "totalOtherIncomeExpensesNet": -1707000,
    "incomeBeforeTax": 2811000,
    "incomeBeforeTaxRatio": 0.0307344114,
    "incomeTaxExpense": 1185000,
    "netIncome": 1626000,
    "netIncomeRatio": 0.0177780693,
    "eps": 0.0100002,
    "epsdiluted": 0.009450189000000001,
    "weightedAverageShsOut": 166446000,
    "weightedAverageShsOutDil": 173898000,
    "link": "https://www.sec.gov/Archives/edgar/data/910521/000095014802000814/0000950148-02-000814-index.htm",
    "finalLink": "https://www.sec.gov/Archives/edgar/data/910521/000095014802000814/v79832e10-k.htm"
  },
  {
    "date": "2000-12-31",
    "symbol": "DECK",
    "reportedCurrency": "USD",
    "cik": "0000910521",
    "fillingDate": "2001-03-30",
    "acceptedDate": "2001-03-30 00:00:00",
    "calendarYear": "2001",
    "period": "FY",
    "revenue": 113738000,
    "costOfRevenue": 60600000,
    "grossProfit": 53138000,
    "grossProfitRatio": 0.4671965394,
    "researchAndDevelopmentExpenses": 0,
    "generalAndAdministrativeExpenses": 0,
    "sellingAndMarketingExpenses": 0,
    "sellingGeneralAndAdministrativeExpenses": 37568000,
    "otherExpenses": 2940000,
    "operatingExpenses": 40508000,
    "costAndExpenses": 101108000,
    "interestIncome": 0,
    "interestExpense": 0,
    "depreciationAndAmortization": 2940000,
    "ebitda": 15570000,
    "ebitdaratio": 0.1368935624,
    "operatingIncome": 12630000,
    "operatingIncomeRatio": 0.1110446816,
    "totalOtherIncomeExpensesNet": -295000,
    "incomeBeforeTax": 12335000,
    "incomeBeforeTaxRatio": 0.1084510014,
    "incomeTaxExpense": 5320000,
    "netIncome": 7015000,
    "netIncomeRatio": 0.0616768362,
    "eps": 0.0433342,
    "epsdiluted": 0.0416675,
    "weightedAverageShsOut": 163674000,
    "weightedAverageShsOutDil": 170568000,
    "link": "https://www.sec.gov/Archives/edgar/data/910521/000095014801000493/0000950148-01-000493-index.htm",
    "finalLink": "https://www.sec.gov/Archives/edgar/data/910521/000095014801000493/v71055e10-k.txt"
  },
  {
    "date": "1999-12-31",
    "symbol": "DECK",
    "reportedCurrency": "USD",
    "cik": "0000910521",
    "fillingDate": "2000-03-30",
    "acceptedDate": "2000-03-30 00:00:00",
    "calendarYear": "2000",
    "period": "FY",
    "revenue": 111100000,
    "costOfRevenue": 63000000,
    "grossProfit": 48100000,
    "grossProfitRatio": 0.4329432943,
    "researchAndDevelopmentExpenses": 0,
    "generalAndAdministrativeExpenses": 0,
    "sellingAndMarketingExpenses": 0,
    "sellingGeneralAndAdministrativeExpenses": 38300000,
    "otherExpenses": 3100000,
    "operatingExpenses": 41400000,
    "costAndExpenses": 104400000,
    "interestIncome": 0,
    "interestExpense": 0,
    "depreciationAndAmortization": 3100000,
    "ebitda": 9800000,
    "ebitdaratio": 0.0882088209,
    "operatingIncome": 6700000,
    "operatingIncomeRatio": 0.0603060306,
    "totalOtherIncomeExpensesNet": -1400000,
    "incomeBeforeTax": 5300000,
    "incomeBeforeTaxRatio": 0.0477047705,
    "incomeTaxExpense": 2400000,
    "netIncome": 2900000,
    "netIncomeRatio": 0.0261026103,
    "eps": 0.0183337,
    "epsdiluted": 0.0183337,
    "weightedAverageShsOut": 159012000,
    "weightedAverageShsOutDil": 161658000,
    "link": "https://www.sec.gov/Archives/edgar/data/910521/000095014800000530/0000950148-00-000530-index.html",
    "finalLink": "https://www.sec.gov/Archives/edgar/data/910521/000095014800000530/"
  },
  {
    "date": "1998-12-31",
    "symbol": "DECK",
    "reportedCurrency": "USD",
    "cik": "0000910521",
    "fillingDate": "1999-03-31",
    "acceptedDate": "1999-03-31 00:00:00",
    "calendarYear": "1999",
    "period": "FY",
    "revenue": 103500000,
    "costOfRevenue": 64700000,
    "grossProfit": 38800000,
    "grossProfitRatio": 0.3748792271,
    "researchAndDevelopmentExpenses": 0,
    "generalAndAdministrativeExpenses": 0,
    "sellingAndMarketingExpenses": 0,
    "sellingGeneralAndAdministrativeExpenses": 39100000,
    "otherExpenses": 2600000,
    "operatingExpenses": 41700000,
    "costAndExpenses": 106400000,
    "interestIncome": 0,
    "interestExpense": 0,
    "depreciationAndAmortization": 2600000,
    "ebitda": -300000,
    "ebitdaratio": -0.0028985507,
    "operatingIncome": -2900000,
    "operatingIncomeRatio": -0.0280193237,
    "totalOtherIncomeExpensesNet": -1200000,
    "incomeBeforeTax": -4100000,
    "incomeBeforeTaxRatio": -0.0396135266,
    "incomeTaxExpense": -1200000,
    "netIncome": -2900000,
    "netIncomeRatio": -0.0280193237,
    "eps": -0.0183337,
    "epsdiluted": -0.0183337,
    "weightedAverageShsOut": 155376000,
    "weightedAverageShsOutDil": 155376000,
    "link": "https://www.sec.gov/Archives/edgar/data/910521/000095014899000649/0000950148-99-000649-index.html",
    "finalLink": "https://www.sec.gov/Archives/edgar/data/910521/"
  },
  {
    "date": "1997-12-31",
    "symbol": "DECK",
    "reportedCurrency": "USD",
    "cik": "0000910521",
    "fillingDate": "1998-03-31",
    "acceptedDate": "1998-03-31 00:00:00",
    "calendarYear": "1998",
    "period": "FY",
    "revenue": 106700000,
    "costOfRevenue": 60000000,
    "grossProfit": 46700000,
    "grossProfitRatio": 0.4376757263,
    "researchAndDevelopmentExpenses": 0,
    "generalAndAdministrativeExpenses": 0,
    "sellingAndMarketingExpenses": 0,
    "sellingGeneralAndAdministrativeExpenses": 36100000,
    "otherExpenses": 2500000,
    "operatingExpenses": 38600000,
    "costAndExpenses": 98600000,
    "interestIncome": 0,
    "interestExpense": 0,
    "depreciationAndAmortization": 2500000,
    "ebitda": 10600000,
    "ebitdaratio": 0.099343955,
    "operatingIncome": 8100000,
    "operatingIncomeRatio": 0.0759137769,
    "totalOtherIncomeExpensesNet": -200000,
    "incomeBeforeTax": 7900000,
    "incomeBeforeTaxRatio": 0.0740393627,
    "incomeTaxExpense": 3400000,
    "netIncome": 4500000,
    "netIncomeRatio": 0.0421743205,
    "eps": 0.028333900000000006,
    "epsdiluted": 0.028333900000000006,
    "weightedAverageShsOut": 161298000,
    "weightedAverageShsOutDil": 162216000,
    "link": "https://www.sec.gov/Archives/edgar/data/910521/000095014898000736/0000950148-98-000736-index.html",
    "finalLink": "https://www.sec.gov/Archives/edgar/data/910521/"
  },
  {
    "date": "1996-12-31",
    "symbol": "DECK",
    "reportedCurrency": "USD",
    "cik": "0000910521",
    "fillingDate": "1997-03-31",
    "acceptedDate": "1997-03-31 00:00:00",
    "calendarYear": "1997",
    "period": "FY",
    "revenue": 101800000,
    "costOfRevenue": 58700000,
    "grossProfit": 43100000,
    "grossProfitRatio": 0.4233791749,
    "researchAndDevelopmentExpenses": 0,
    "generalAndAdministrativeExpenses": 0,
    "sellingAndMarketingExpenses": 0,
    "sellingGeneralAndAdministrativeExpenses": 33000000,
    "otherExpenses": 2300000,
    "operatingExpenses": 35300000,
    "costAndExpenses": 94000000,
    "interestIncome": 0,
    "interestExpense": 0,
    "depreciationAndAmortization": 2300000,
    "ebitda": 10100000,
    "ebitdaratio": 0.0992141454,
    "operatingIncome": 7800000,
    "operatingIncomeRatio": 0.0766208251,
    "totalOtherIncomeExpensesNet": -1200000,
    "incomeBeforeTax": 6600000,
    "incomeBeforeTaxRatio": 0.0648330059,
    "incomeTaxExpense": 2900000,
    "netIncome": 3700000,
    "netIncomeRatio": 0.036345776,
    "eps": 0.0216671,
    "epsdiluted": 0.0216671,
    "weightedAverageShsOut": 167256000,
    "weightedAverageShsOutDil": 169090908,
    "link": "https://www.sec.gov/Archives/edgar/data/910521/000095014897000781/0000950148-97-000781-index.html",
    "finalLink": "https://www.sec.gov/Archives/edgar/data/910521/"
  },
  {
    "date": "1995-12-31",
    "symbol": "DECK",
    "reportedCurrency": "USD",
    "cik": "0000910521",
    "fillingDate": "1995-12-31",
    "acceptedDate": "1995-12-30 19:00:00",
    "calendarYear": "1996",
    "period": "FY",
    "revenue": 102300000,
    "costOfRevenue": 64200000,
    "grossProfit": 38100000,
    "grossProfitRatio": 0.3724340176,
    "researchAndDevelopmentExpenses": 0,
    "generalAndAdministrativeExpenses": 0,
    "sellingAndMarketingExpenses": 0,
    "sellingGeneralAndAdministrativeExpenses": 32400000,
    "otherExpenses": 1700000,
    "operatingExpenses": 34100000,
    "costAndExpenses": 98300000,
    "interestIncome": 0,
    "interestExpense": 0,
    "depreciationAndAmortization": 1700000,
    "ebitda": 5700000,
    "ebitdaratio": 0.0557184751,
    "operatingIncome": 4000000,
    "operatingIncomeRatio": 0.0391006843,
    "totalOtherIncomeExpensesNet": -1300000,
    "incomeBeforeTax": 2700000,
    "incomeBeforeTaxRatio": 0.0263929619,
    "incomeTaxExpense": 1300000,
    "netIncome": 1400000,
    "netIncomeRatio": 0.0136852395,
    "eps": 0.007216811,
    "epsdiluted": 0.007216811,
    "weightedAverageShsOut": 193846152,
    "weightedAverageShsOutDil": 193846152,
    "link": null,
    "finalLink": null
  },
  {
    "date": "1994-12-31",
    "symbol": "DECK",
    "reportedCurrency": "USD",
    "cik": "0000910521",
    "fillingDate": "1994-12-31",
    "acceptedDate": "1994-12-30 19:00:00",
    "calendarYear": "1995",
    "period": "FY",
    "revenue": 85800000,
    "costOfRevenue": 43200000,
    "grossProfit": 42600000,
    "grossProfitRatio": 0.4965034965,
    "researchAndDevelopmentExpenses": 0,
    "generalAndAdministrativeExpenses": 0,
    "sellingAndMarketingExpenses": 0,
    "sellingGeneralAndAdministrativeExpenses": 24300000,
    "otherExpenses": 800000,
    "operatingExpenses": 25100000,
    "costAndExpenses": 68300000,
    "interestIncome": 0,
    "interestExpense": 0,
    "depreciationAndAmortization": 800000,
    "ebitda": 18300000,
    "ebitdaratio": 0.2132867133,
    "operatingIncome": 17500000,
    "operatingIncomeRatio": 0.203962704,
    "totalOtherIncomeExpensesNet": 600000,
    "incomeBeforeTax": 18100000,
    "incomeBeforeTaxRatio": 0.210955711,
    "incomeTaxExpense": 7600000,
    "netIncome": 10500000,
    "netIncomeRatio": 0.1223776224,
    "eps": 0.060001200000000005,
    "epsdiluted": 0.060001200000000005,
    "weightedAverageShsOut": 173394498,
    "weightedAverageShsOutDil": 173394498,
    "link": null,
    "finalLink": null
  },
  {
    "date": "1993-12-31",
    "symbol": "DECK",
    "reportedCurrency": "USD",
    "cik": "0000910521",
    "fillingDate": "1993-12-31",
    "acceptedDate": "1993-12-30 19:00:00",
    "calendarYear": "1994",
    "period": "FY",
    "revenue": 57100000,
    "costOfRevenue": 26800000,
    "grossProfit": 30300000,
    "grossProfitRatio": 0.530647986,
    "researchAndDevelopmentExpenses": 0,
    "generalAndAdministrativeExpenses": 0,
    "sellingAndMarketingExpenses": 0,
    "sellingGeneralAndAdministrativeExpenses": 18700000,
    "otherExpenses": 500000,
    "operatingExpenses": 19200000,
    "costAndExpenses": 46000000,
    "interestIncome": 0,
    "interestExpense": 0,
    "depreciationAndAmortization": 500000,
    "ebitda": 11600000,
    "ebitdaratio": 0.2031523643,
    "operatingIncome": 11100000,
    "operatingIncomeRatio": 0.1943957968,
    "totalOtherIncomeExpensesNet": -100000,
    "incomeBeforeTax": 11000000,
    "incomeBeforeTaxRatio": 0.1926444834,
    "incomeTaxExpense": 4700000,
    "netIncome": 6300000,
    "netIncomeRatio": 0.1103327496,
    "eps": 0.048334300000000004,
    "epsdiluted": 0.0450009,
    "weightedAverageShsOut": 128863638,
    "weightedAverageShsOutDil": 139999998,
    "link": null,
    "finalLink": null
  }
]