[
  {
    "date": "2025-01-31",
    "symbol": "DELL",
    "reportedCurrency": "USD",
    "cik": "0001571996",
    "fillingDate": "2025-03-25",
    "acceptedDate": "2025-03-25 16:21:05",
    "calendarYear": "2025",
    "period": "FY",
    "revenue": 95567000000,
    "costOfRevenue": 74317000000,
    "grossProfit": 21250000000,
    "grossProfitRatio": 0.2223570898,
    "researchAndDevelopmentExpenses": 3061000000,
    "generalAndAdministrativeExpenses": 0,
    "sellingAndMarketingExpenses": 0,
    "sellingGeneralAndAdministrativeExpenses": 11952000000,
    "otherExpenses": 0,
    "operatingExpenses": 15013000000,
    "costAndExpenses": 89330000000,
    "interestIncome": 160000000,
    "interestExpense": 1414000000,
    "depreciationAndAmortization": 3123000000,
    "ebitda": 9585000000,
    "ebitdaratio": 0.1002961273,
    "operatingIncome": 6237000000,
    "operatingIncomeRatio": 0.0652631138,
    "totalOtherIncomeExpensesNet": -1189000000,
    "incomeBeforeTax": 5048000000,
    "incomeBeforeTaxRatio": 0.0528215807,
    "incomeTaxExpense": 472000000,
    "netIncome": 4592000000,
    "netIncomeRatio": 0.0480500591,
    "eps": 6.51,
    "epsdiluted": 6.38,
    "weightedAverageShsOut": 696130000,
    "weightedAverageShsOutDil": 724000000,
    "link": "https://www.sec.gov/Archives/edgar/data/1571996/000157199625000034/0001571996-25-000034-index.htm",
    "finalLink": "https://www.sec.gov/Archives/edgar/data/1571996/000157199625000034/dell-20250131.htm"
  },
  {
    "date": "2024-02-02",
    "symbol": "DELL",
    "reportedCurrency": "USD",
    "cik": "0001571996",
    "fillingDate": "2024-03-25",
    "acceptedDate": "2024-03-25 16:20:07",
    "calendarYear": "2024",
    "period": "FY",
    "revenue": 88425000000,
    "costOfRevenue": 67356000000,
    "grossProfit": 21069000000,
    "grossProfitRatio": 0.2382697201,
    "researchAndDevelopmentExpenses": 2801000000,
    "generalAndAdministrativeExpenses": 11435000000,
    "sellingAndMarketingExpenses": 900000000,
    "sellingGeneralAndAdministrativeExpenses": 12335000000,
    "otherExpenses": 522000000,
    "operatingExpenses": 15658000000,
    "costAndExpenses": 83014000000,
    "interestIncome": 329000000,
    "interestExpense": 1501000000,
    "depreciationAndAmortization": 3303000000,
    "ebitda": 8891000000,
    "ebitdaratio": 0.1005484874,
    "operatingIncome": 5411000000,
    "operatingIncomeRatio": 0.0611931015,
    "totalOtherIncomeExpensesNet": -1324000000,
    "incomeBeforeTax": 4087000000,
    "incomeBeforeTaxRatio": 0.0462199604,
    "incomeTaxExpense": 715000000,
    "netIncome": 3388000000,
    "netIncomeRatio": 0.0383149562,
    "eps": 4.71,
    "epsdiluted": 4.6,
    "weightedAverageShsOut": 736000000,
    "weightedAverageShsOutDil": 736000000,
    "link": "https://www.sec.gov/Archives/edgar/data/1571996/000157199624000036/0001571996-24-000036-index.htm",
    "finalLink": "https://www.sec.gov/Archives/edgar/data/1571996/000157199624000036/dell-20240202.htm"
  },
  {
    "date": "2023-02-03",
    "symbol": "DELL",
    "reportedCurrency": "USD",
    "cik": "0001571996",
    "fillingDate": "2023-03-30",
    "acceptedDate": "2023-03-30 16:19:36",
    "calendarYear": "2023",
    "period": "FY",
    "revenue": 102301000000,
    "costOfRevenue": 79615000000,
    "grossProfit": 22686000000,
    "grossProfitRatio": 0.2217573631,
    "researchAndDevelopmentExpenses": 2779000000,
    "generalAndAdministrativeExpenses": 12673000000,
    "sellingAndMarketingExpenses": 1100000000,
    "sellingGeneralAndAdministrativeExpenses": 13773000000,
    "otherExpenses": 363000000,
    "operatingExpenses": 16915000000,
    "costAndExpenses": 96530000000,
    "interestIncome": 100000000,
    "interestExpense": 1281000000,
    "depreciationAndAmortization": 3156000000,
    "ebitda": 7662000000,
    "ebitdaratio": 0.0748966286,
    "operatingIncome": 5771000000,
    "operatingIncomeRatio": 0.0564119608,
    "totalOtherIncomeExpensesNet": -2546000000,
    "incomeBeforeTax": 3225000000,
    "incomeBeforeTaxRatio": 0.0315246185,
    "incomeTaxExpense": 803000000,
    "netIncome": 2442000000,
    "netIncomeRatio": 0.0238707344,
    "eps": 3.33,
    "epsdiluted": 3.24,
    "weightedAverageShsOut": 734000000,
    "weightedAverageShsOutDil": 753000000,
    "link": "https://www.sec.gov/Archives/edgar/data/1571996/000157199623000007/0001571996-23-000007-index.htm",
    "finalLink": "https://www.sec.gov/Archives/edgar/data/1571996/000157199623000007/dell-20230203.htm"
  },
  {
    "date": "2022-01-28",
    "symbol": "DELL",
    "reportedCurrency": "USD",
    "cik": "0001571996",
    "fillingDate": "2022-03-24",
    "acceptedDate": "2022-03-24 16:29:54",
    "calendarYear": "2022",
    "period": "FY",
    "revenue": 101197000000,
    "costOfRevenue": 79306000000,
    "grossProfit": 21891000000,
    "grossProfitRatio": 0.2163206419,
    "researchAndDevelopmentExpenses": 2577000000,
    "generalAndAdministrativeExpenses": 13257000000,
    "sellingAndMarketingExpenses": 1300000000,
    "sellingGeneralAndAdministrativeExpenses": 14557000000,
    "otherExpenses": 98000000,
    "operatingExpenses": 17232000000,
    "costAndExpenses": 96538000000,
    "interestIncome": 62000000,
    "interestExpense": 1542000000,
    "depreciationAndAmortization": 4551000000,
    "ebitda": 12016000000,
    "ebitdaratio": 0.1187386978,
    "operatingIncome": 4659000000,
    "operatingIncomeRatio": 0.0460389142,
    "totalOtherIncomeExpensesNet": 1264000000,
    "incomeBeforeTax": 5923000000,
    "incomeBeforeTaxRatio": 0.058529403,
    "incomeTaxExpense": 981000000,
    "netIncome": 5563000000,
    "netIncomeRatio": 0.0549719853,
    "eps": 7.3,
    "epsdiluted": 7.02,
    "weightedAverageShsOut": 762000000,
    "weightedAverageShsOutDil": 791000000,
    "link": "https://www.sec.gov/Archives/edgar/data/1571996/000157199622000009/0001571996-22-000009-index.htm",
    "finalLink": "https://www.sec.gov/Archives/edgar/data/1571996/000157199622000009/dell-20220128.htm"
  },
  {
    "date": "2021-01-29",
    "symbol": "DELL",
    "reportedCurrency": "USD",
    "cik": "0001571996",
    "fillingDate": "2021-03-26",
    "acceptedDate": "2021-03-26 16:45:18",
    "calendarYear": "2021",
    "period": "FY",
    "revenue": 86670000000,
    "costOfRevenue": 66530000000,
    "grossProfit": 20140000000,
    "grossProfitRatio": 0.2323756779,
    "researchAndDevelopmentExpenses": 2455000000,
    "generalAndAdministrativeExpenses": 13000000000,
    "sellingAndMarketingExpenses": 1000000000,
    "sellingGeneralAndAdministrativeExpenses": 14000000000,
    "otherExpenses": 0,
    "operatingExpenses": 16455000000,
    "costAndExpenses": 82985000000,
    "interestIncome": 148000000,
    "interestExpense": 2052000000,
    "depreciationAndAmortization": 5390000000,
    "ebitda": 9788000000,
    "ebitdaratio": 0.1129341179,
    "operatingIncome": 3685000000,
    "operatingIncomeRatio": 0.0425175955,
    "totalOtherIncomeExpensesNet": -1339000000,
    "incomeBeforeTax": 2346000000,
    "incomeBeforeTaxRatio": 0.0270681897,
    "incomeTaxExpense": 101000000,
    "netIncome": 3250000000,
    "netIncomeRatio": 0.0374985577,
    "eps": 4.37,
    "epsdiluted": 4.22,
    "weightedAverageShsOut": 744000000,
    "weightedAverageShsOutDil": 767000000,
    "link": "https://www.sec.gov/Archives/edgar/data/1571996/000157199621000007/0001571996-21-000007-index.htm",
    "finalLink": "https://www.sec.gov/Archives/edgar/data/1571996/000157199621000007/dell-20210129.htm"
  },
  {
    "date": "2020-01-31",
    "symbol": "DELL",
    "reportedCurrency": "USD",
    "cik": "0001571996",
    "fillingDate": "2020-03-27",
    "acceptedDate": "2020-03-27 08:32:26",
    "calendarYear": "2020",
    "period": "FY",
    "revenue": 84815000000,
    "costOfRevenue": 64176000000,
    "grossProfit": 20639000000,
    "grossProfitRatio": 0.2433413901,
    "researchAndDevelopmentExpenses": 2454000000,
    "generalAndAdministrativeExpenses": 0,
    "sellingAndMarketingExpenses": 0,
    "sellingGeneralAndAdministrativeExpenses": 15819000000,
    "otherExpenses": 0,
    "operatingExpenses": 18273000000,
    "costAndExpenses": 82449000000,
    "interestIncome": 99000000,
    "interestExpense": 2396000000,
    "depreciationAndAmortization": 6143000000,
    "ebitda": 8488000000,
    "ebitdaratio": 0.1000766374,
    "operatingIncome": 2366000000,
    "operatingIncomeRatio": 0.027896009,
    "totalOtherIncomeExpensesNet": -2417000000,
    "incomeBeforeTax": -51000000,
    "incomeBeforeTaxRatio": -0.0006013087,
    "incomeTaxExpense": -572000000,
    "netIncome": 4616000000,
    "netIncomeRatio": 0.0544243353,
    "eps": 6.38,
    "epsdiluted": 6.03,
    "weightedAverageShsOut": 724000000,
    "weightedAverageShsOutDil": 751000000,
    "link": "https://www.sec.gov/Archives/edgar/data/1571996/000157199620000017/0001571996-20-000017-index.htm",
    "finalLink": "https://www.sec.gov/Archives/edgar/data/1571996/000157199620000017/delltechnologiesfy2010k.htm"
  },
  {
    "date": "2019-02-01",
    "symbol": "DELL",
    "reportedCurrency": "USD",
    "cik": "0001571996",
    "fillingDate": "2019-03-29",
    "acceptedDate": "2019-03-29 16:47:53",
    "calendarYear": "2019",
    "period": "FY",
    "revenue": 90621000000,
    "costOfRevenue": 65568000000,
    "grossProfit": 25053000000,
    "grossProfitRatio": 0.2764590989,
    "researchAndDevelopmentExpenses": 4604000000,
    "generalAndAdministrativeExpenses": 0,
    "sellingAndMarketingExpenses": 0,
    "sellingGeneralAndAdministrativeExpenses": 20640000000,
    "otherExpenses": 0,
    "operatingExpenses": 25244000000,
    "costAndExpenses": 90812000000,
    "interestIncome": 313000000,
    "interestExpense": 2619000000,
    "depreciationAndAmortization": 7746000000,
    "ebitda": 8004000000,
    "ebitdaratio": 0.0883238984,
    "operatingIncome": -191000000,
    "operatingIncomeRatio": -0.0021076792,
    "totalOtherIncomeExpensesNet": -2170000000,
    "incomeBeforeTax": -2361000000,
    "incomeBeforeTaxRatio": -0.0260535637,
    "incomeTaxExpense": -180000000,
    "netIncome": -2310000000,
    "netIncomeRatio": -0.0254907803,
    "eps": -2.96,
    "epsdiluted": -2.96,
    "weightedAverageShsOut": 719000000,
    "weightedAverageShsOutDil": 719000000,
    "link": "https://www.sec.gov/Archives/edgar/data/1571996/000157199619000008/0001571996-19-000008-index.htm",
    "finalLink": "https://www.sec.gov/Archives/edgar/data/1571996/000157199619000008/delltechnologiesfy1910k.htm"
  },
  {
    "date": "2018-02-02",
    "symbol": "DELL",
    "reportedCurrency": "USD",
    "cik": "0001571996",
    "fillingDate": "2018-03-29",
    "acceptedDate": "2018-03-29 09:12:59",
    "calendarYear": "2018",
    "period": "FY",
    "revenue": 79040000000,
    "costOfRevenue": 58503000000,
    "grossProfit": 20537000000,
    "grossProfitRatio": 0.2598304656,
    "researchAndDevelopmentExpenses": 4384000000,
    "generalAndAdministrativeExpenses": 0,
    "sellingAndMarketingExpenses": 0,
    "sellingGeneralAndAdministrativeExpenses": 18569000000,
    "otherExpenses": 0,
    "operatingExpenses": 22953000000,
    "costAndExpenses": 81456000000,
    "interestIncome": 207000000,
    "interestExpense": 2519000000,
    "depreciationAndAmortization": 8634000000,
    "ebitda": 6384000000,
    "ebitdaratio": 0.0807692308,
    "operatingIncome": -2416000000,
    "operatingIncomeRatio": -0.0305668016,
    "totalOtherIncomeExpensesNet": -2353000000,
    "incomeBeforeTax": -4769000000,
    "incomeBeforeTaxRatio": -0.0603365385,
    "incomeTaxExpense": -1843000000,
    "netIncome": -2849000000,
    "netIncomeRatio": -0.0360450405,
    "eps": -3.7,
    "epsdiluted": -3.7,
    "weightedAverageShsOut": 770000000,
    "weightedAverageShsOutDil": 718435000,
    "link": "https://www.sec.gov/Archives/edgar/data/1571996/000157199618000004/0001571996-18-000004-index.htm",
    "finalLink": "https://www.sec.gov/Archives/edgar/data/1571996/000157199618000004/delltechnologiesfy1810k.htm"
  },
  {
    "date": "2017-02-03",
    "symbol": "DELL",
    "reportedCurrency": "USD",
    "cik": "0001571996",
    "fillingDate": "2017-03-31",
    "acceptedDate": "2017-03-31 08:33:13",
    "calendarYear": "2017",
    "period": "FY",
    "revenue": 62164000000,
    "costOfRevenue": 48515000000,
    "grossProfit": 13649000000,
    "grossProfitRatio": 0.2195643781,
    "researchAndDevelopmentExpenses": 2636000000,
    "generalAndAdministrativeExpenses": 0,
    "sellingAndMarketingExpenses": 0,
    "sellingGeneralAndAdministrativeExpenses": 13403000000,
    "otherExpenses": 0,
    "operatingExpenses": 16039000000,
    "costAndExpenses": 64554000000,
    "interestIncome": 102000000,
    "interestExpense": 1796000000,
    "depreciationAndAmortization": 4938000000,
    "ebitda": 2591000000,
    "ebitdaratio": 0.0416800721,
    "operatingIncome": -2390000000,
    "operatingIncomeRatio": -0.0384466894,
    "totalOtherIncomeExpensesNet": -2104000000,
    "incomeBeforeTax": -4494000000,
    "incomeBeforeTaxRatio": -0.0722926453,
    "incomeTaxExpense": -1420000000,
    "netIncome": -1167000000,
    "netIncomeRatio": -0.0187729232,
    "eps": -1.62,
    "epsdiluted": -1.62,
    "weightedAverageShsOut": 718435000,
    "weightedAverageShsOutDil": 718435000,
    "link": "https://www.sec.gov/Archives/edgar/data/1571996/000157199617000004/0001571996-17-000004-index.htm",
    "finalLink": "https://www.sec.gov/Archives/edgar/data/1571996/000157199617000004/delltechnologiesfy1710k.htm"
  },
  {
    "date": "2016-01-31",
    "symbol": "DELL",
    "reportedCurrency": "USD",
    "cik": "0001571996",
    "fillingDate": "2016-01-31",
    "acceptedDate": "2016-01-30 19:00:00",
    "calendarYear": "2016",
    "period": "FY",
    "revenue": 50911000000,
    "costOfRevenue": 42524000000,
    "grossProfit": 8387000000,
    "grossProfitRatio": 0.1647384652,
    "researchAndDevelopmentExpenses": 1051000000,
    "generalAndAdministrativeExpenses": 0,
    "sellingAndMarketingExpenses": 0,
    "sellingGeneralAndAdministrativeExpenses": 7850000000,
    "otherExpenses": 0,
    "operatingExpenses": 8901000000,
    "costAndExpenses": 51425000000,
    "interestIncome": 39000000,
    "interestExpense": 702000000,
    "depreciationAndAmortization": 2872000000,
    "ebitda": 2288000000,
    "ebitdaratio": 0.0449411718,
    "operatingIncome": -514000000,
    "operatingIncomeRatio": -0.01009605,
    "totalOtherIncomeExpensesNet": -772000000,
    "incomeBeforeTax": -1286000000,
    "incomeBeforeTaxRatio": -0.025259767,
    "incomeTaxExpense": -118000000,
    "netIncome": -1104000000,
    "netIncomeRatio": -0.0216849011,
    "eps": -1.54,
    "epsdiluted": -1.54,
    "weightedAverageShsOut": 718435000,
    "weightedAverageShsOutDil": 718435000,
    "link": null,
    "finalLink": null
  },
  {
    "date": "2015-01-30",
    "symbol": "DELL",
    "reportedCurrency": "USD",
    "cik": "0001571996",
    "fillingDate": "2015-01-30",
    "acceptedDate": "2015-01-30 19:00:00",
    "calendarYear": "2015",
    "period": "FY",
    "revenue": 53979000000,
    "costOfRevenue": 45240000000,
    "grossProfit": 8739000000,
    "grossProfitRatio": 0.161896293,
    "researchAndDevelopmentExpenses": 920000000,
    "generalAndAdministrativeExpenses": 0,
    "sellingAndMarketingExpenses": 0,
    "sellingGeneralAndAdministrativeExpenses": 8272000000,
    "otherExpenses": 0,
    "operatingExpenses": 9187000000,
    "costAndExpenses": 54427000000,
    "interestIncome": 47000000,
    "interestExpense": 807000000,
    "depreciationAndAmortization": 2977000000,
    "ebitda": 2569000000,
    "ebitdaratio": 0.0475925823,
    "operatingIncome": -448000000,
    "operatingIncomeRatio": -0.0082995239,
    "totalOtherIncomeExpensesNet": -767000000,
    "incomeBeforeTax": -1215000000,
    "incomeBeforeTaxRatio": -0.0225087534,
    "incomeTaxExpense": -107000000,
    "netIncome": -1221000000,
    "netIncomeRatio": -0.0226199077,
    "eps": -1.55,
    "epsdiluted": -1.7,
    "weightedAverageShsOut": 718435000,
    "weightedAverageShsOutDil": 718435000,
    "link": null,
    "finalLink": null
  },
  {
    "date": "2014-01-31",
    "symbol": "DELL",
    "reportedCurrency": "USD",
    "cik": "0001571996",
    "fillingDate": "2014-01-31",
    "acceptedDate": "2014-01-31 00:00:00",
    "calendarYear": "2014",
    "period": "FY",
    "revenue": 56377000000,
    "costOfRevenue": 46892000000,
    "grossProfit": 9485000000,
    "grossProfitRatio": 0.1682423683,
    "researchAndDevelopmentExpenses": 1273000000,
    "generalAndAdministrativeExpenses": 8236000000,
    "sellingAndMarketingExpenses": 670000000,
    "sellingGeneralAndAdministrativeExpenses": 8906000000,
    "otherExpenses": 586000000,
    "operatingExpenses": 10765000000,
    "costAndExpenses": 57657000000,
    "interestIncome": 0,
    "interestExpense": 0,
    "depreciationAndAmortization": 1752000000,
    "ebitda": 1108000000,
    "ebitdaratio": 0.0196534048,
    "operatingIncome": -1280000000,
    "operatingIncomeRatio": -0.0227042943,
    "totalOtherIncomeExpensesNet": -402000000,
    "incomeBeforeTax": -1682000000,
    "incomeBeforeTaxRatio": -0.0298348617,
    "incomeTaxExpense": 23000000,
    "netIncome": -1705000000,
    "netIncomeRatio": -0.0302428295,
    "eps": -4.22,
    "epsdiluted": -4.22,
    "weightedAverageShsOut": 403947000,
    "weightedAverageShsOutDil": 404000000,
    "link": null,
    "finalLink": null
  }
]