[
  {
    "date": "2025-08-01",
    "symbol": "DELL",
    "reportedCurrency": "USD",
    "cik": "0001571996",
    "fillingDate": "2025-09-08",
    "acceptedDate": "2025-09-08 16:06:32",
    "calendarYear": "2026",
    "period": "Q2",
    "revenue": 29776000000,
    "costOfRevenue": 24329000000,
    "grossProfit": 5447000000,
    "grossProfitRatio": 0.1829325631,
    "researchAndDevelopmentExpenses": 785000000,
    "generalAndAdministrativeExpenses": 0,
    "sellingAndMarketingExpenses": 0,
    "sellingGeneralAndAdministrativeExpenses": 2889000000,
    "otherExpenses": 0,
    "operatingExpenses": 3674000000,
    "costAndExpenses": 28003000000,
    "interestIncome": -31000000,
    "interestExpense": 302000000,
    "depreciationAndAmortization": -738000000,
    "ebitda": 756000000,
    "ebitdaratio": 0.0253895755,
    "operatingIncome": 1773000000,
    "operatingIncomeRatio": 0.0595445997,
    "totalOtherIncomeExpensesNet": -333000000,
    "incomeBeforeTax": 1440000000,
    "incomeBeforeTaxRatio": 0.0483610962,
    "incomeTaxExpense": 276000000,
    "netIncome": 1164000000,
    "netIncomeRatio": 0.0390918861,
    "eps": 1.68,
    "epsdiluted": 1.7,
    "weightedAverageShsOut": 692000000,
    "weightedAverageShsOutDil": 702000000,
    "link": "https://www.sec.gov/Archives/edgar/data/1571996/000157199625000102/0001571996-25-000102-index.htm",
    "finalLink": "https://www.sec.gov/Archives/edgar/data/1571996/000157199625000102/dell-20250801.htm"
  },
  {
    "date": "2025-05-02",
    "symbol": "DELL",
    "reportedCurrency": "USD",
    "cik": "0001571996",
    "fillingDate": "2025-06-10",
    "acceptedDate": "2025-06-10 16:30:55",
    "calendarYear": "2026",
    "period": "Q1",
    "revenue": 23378000000,
    "costOfRevenue": 18441000000,
    "grossProfit": 4937000000,
    "grossProfitRatio": 0.2111814526,
    "researchAndDevelopmentExpenses": 808000000,
    "generalAndAdministrativeExpenses": 0,
    "sellingAndMarketingExpenses": 0,
    "sellingGeneralAndAdministrativeExpenses": 2964000000,
    "otherExpenses": 0,
    "operatingExpenses": 3772000000,
    "costAndExpenses": 22213000000,
    "interestIncome": 31000000,
    "interestExpense": 361000000,
    "depreciationAndAmortization": 738000000,
    "ebitda": 2182000000,
    "ebitdaratio": 0.0933356147,
    "operatingIncome": 1165000000,
    "operatingIncomeRatio": 0.0498331765,
    "totalOtherIncomeExpensesNet": -82000000,
    "incomeBeforeTax": 1083000000,
    "incomeBeforeTaxRatio": 0.0463256053,
    "incomeTaxExpense": 118000000,
    "netIncome": 965000000,
    "netIncomeRatio": 0.0412781247,
    "eps": 1.39,
    "epsdiluted": 1.37,
    "weightedAverageShsOut": 692000000,
    "weightedAverageShsOutDil": 702000000,
    "link": "https://www.sec.gov/Archives/edgar/data/1571996/000157199625000063/0001571996-25-000063-index.htm",
    "finalLink": "https://www.sec.gov/Archives/edgar/data/1571996/000157199625000063/dell-20250502.htm"
  },
  {
    "date": "2025-01-31",
    "symbol": "DELL",
    "reportedCurrency": "USD",
    "cik": "0001571996",
    "fillingDate": "2025-03-25",
    "acceptedDate": "2025-03-25 16:21:05",
    "calendarYear": "2025",
    "period": "Q4",
    "revenue": 23806000000,
    "costOfRevenue": 18321000000,
    "grossProfit": 5485000000,
    "grossProfitRatio": 0.2304040998,
    "researchAndDevelopmentExpenses": 773000000,
    "generalAndAdministrativeExpenses": 0,
    "sellingAndMarketingExpenses": 0,
    "sellingGeneralAndAdministrativeExpenses": 2564000000,
    "otherExpenses": 0,
    "operatingExpenses": 3326000000,
    "costAndExpenses": 21647000000,
    "interestIncome": 33000000,
    "interestExpense": 344000000,
    "depreciationAndAmortization": 774000000,
    "ebitda": 3089000000,
    "ebitdaratio": 0.1297572041,
    "operatingIncome": 2159000000,
    "operatingIncomeRatio": 0.0906914223,
    "totalOtherIncomeExpensesNet": -187000000,
    "incomeBeforeTax": 1972000000,
    "incomeBeforeTaxRatio": 0.0828362598,
    "incomeTaxExpense": 440000000,
    "netIncome": 1533000000,
    "netIncomeRatio": 0.0643955305,
    "eps": 2.2,
    "epsdiluted": 2.15,
    "weightedAverageShsOut": 696130464,
    "weightedAverageShsOutDil": 713023256,
    "link": "https://www.sec.gov/Archives/edgar/data/1571996/000157199625000034/0001571996-25-000034-index.htm",
    "finalLink": "https://www.sec.gov/Archives/edgar/data/1571996/000157199625000034/dell-20250131.htm"
  },
  {
    "date": "2024-11-01",
    "symbol": "DELL",
    "reportedCurrency": "USD",
    "cik": "0001571996",
    "fillingDate": "2024-12-10",
    "acceptedDate": "2024-12-10 16:20:21",
    "calendarYear": "2025",
    "period": "Q3",
    "revenue": 24366000000,
    "costOfRevenue": 19059000000,
    "grossProfit": 5307000000,
    "grossProfitRatio": 0.2178034967,
    "researchAndDevelopmentExpenses": 745000000,
    "generalAndAdministrativeExpenses": 0,
    "sellingAndMarketingExpenses": 0,
    "sellingGeneralAndAdministrativeExpenses": 2894000000,
    "otherExpenses": 0,
    "operatingExpenses": 3639000000,
    "costAndExpenses": 22698000000,
    "interestIncome": 35000000,
    "interestExpense": 328000000,
    "depreciationAndAmortization": 765000000,
    "ebitda": 2485000000,
    "ebitdaratio": 0.1019863745,
    "operatingIncome": 1668000000,
    "operatingIncomeRatio": 0.0684560453,
    "totalOtherIncomeExpensesNet": -276000000,
    "incomeBeforeTax": 1392000000,
    "incomeBeforeTaxRatio": 0.057128786,
    "incomeTaxExpense": 265000000,
    "netIncome": 1132000000,
    "netIncomeRatio": 0.0464581794,
    "eps": 1.61,
    "epsdiluted": 1.58,
    "weightedAverageShsOut": 708000000,
    "weightedAverageShsOutDil": 724000000,
    "link": "https://www.sec.gov/Archives/edgar/data/1571996/000157199624000143/0001571996-24-000143-index.htm",
    "finalLink": "https://www.sec.gov/Archives/edgar/data/1571996/000157199624000143/dell-20241101.htm"
  },
  {
    "date": "2024-08-02",
    "symbol": "DELL",
    "reportedCurrency": "USD",
    "cik": "0001571996",
    "fillingDate": "2024-09-10",
    "acceptedDate": "2024-09-10 16:09:32",
    "calendarYear": "2025",
    "period": "Q2",
    "revenue": 25026000000,
    "costOfRevenue": 19715000000,
    "grossProfit": 5311000000,
    "grossProfitRatio": 0.2122192919,
    "researchAndDevelopmentExpenses": 780000000,
    "generalAndAdministrativeExpenses": 0,
    "sellingAndMarketingExpenses": 0,
    "sellingGeneralAndAdministrativeExpenses": 3189000000,
    "otherExpenses": 0,
    "operatingExpenses": 3969000000,
    "costAndExpenses": 23684000000,
    "interestIncome": 42000000,
    "interestExpense": 387000000,
    "depreciationAndAmortization": 784000000,
    "ebitda": 2160000000,
    "ebitdaratio": 0.0863102374,
    "operatingIncome": 1342000000,
    "operatingIncomeRatio": 0.0536242308,
    "totalOtherIncomeExpensesNet": -353000000,
    "incomeBeforeTax": 989000000,
    "incomeBeforeTaxRatio": 0.0395189003,
    "incomeTaxExpense": 148000000,
    "netIncome": 846000000,
    "netIncomeRatio": 0.033804843,
    "eps": 1.19,
    "epsdiluted": 1.17,
    "weightedAverageShsOut": 708000000,
    "weightedAverageShsOutDil": 724000000,
    "link": "https://www.sec.gov/Archives/edgar/data/1571996/000157199624000090/0001571996-24-000090-index.htm",
    "finalLink": "https://www.sec.gov/Archives/edgar/data/1571996/000157199624000090/dell-20240802.htm"
  },
  {
    "date": "2024-05-03",
    "symbol": "DELL",
    "reportedCurrency": "USD",
    "cik": "0001571996",
    "fillingDate": "2024-06-11",
    "acceptedDate": "2024-06-11 16:03:36",
    "calendarYear": "2025",
    "period": "Q1",
    "revenue": 22244000000,
    "costOfRevenue": 17393000000,
    "grossProfit": 4851000000,
    "grossProfitRatio": 0.2180812803,
    "researchAndDevelopmentExpenses": 763000000,
    "generalAndAdministrativeExpenses": 0,
    "sellingAndMarketingExpenses": 0,
    "sellingGeneralAndAdministrativeExpenses": 3123000000,
    "otherExpenses": 0,
    "operatingExpenses": 3886000000,
    "costAndExpenses": 21279000000,
    "interestIncome": 54000000,
    "interestExpense": 359000000,
    "depreciationAndAmortization": 800000000,
    "ebitda": 1751000000,
    "ebitdaratio": 0.0787178565,
    "operatingIncome": 965000000,
    "operatingIncomeRatio": 0.0433824852,
    "totalOtherIncomeExpensesNet": -373000000,
    "incomeBeforeTax": 592000000,
    "incomeBeforeTaxRatio": 0.0266139184,
    "incomeTaxExpense": -400000000,
    "netIncome": 997000000,
    "netIncomeRatio": 0.0448210753,
    "eps": 1.41,
    "epsdiluted": 1.37,
    "weightedAverageShsOut": 708000000,
    "weightedAverageShsOutDil": 727000000,
    "link": "https://www.sec.gov/Archives/edgar/data/1571996/000157199624000062/0001571996-24-000062-index.htm",
    "finalLink": "https://www.sec.gov/Archives/edgar/data/1571996/000157199624000062/dell-20240503.htm"
  },
  {
    "date": "2024-02-02",
    "symbol": "DELL",
    "reportedCurrency": "USD",
    "cik": "0001571996",
    "fillingDate": "2024-03-25",
    "acceptedDate": "2024-03-25 16:20:07",
    "calendarYear": "2024",
    "period": "Q4",
    "revenue": 22318000000,
    "costOfRevenue": 17002000000,
    "grossProfit": 5316000000,
    "grossProfitRatio": 0.2381933865,
    "researchAndDevelopmentExpenses": 716000000,
    "generalAndAdministrativeExpenses": 2052000000,
    "sellingAndMarketingExpenses": 900000000,
    "sellingGeneralAndAdministrativeExpenses": 2952000000,
    "otherExpenses": 157000000,
    "operatingExpenses": 3825000000,
    "costAndExpenses": 20827000000,
    "interestIncome": 92000000,
    "interestExpense": 374000000,
    "depreciationAndAmortization": 841000000,
    "ebitda": 2502000000,
    "ebitdaratio": 0.1121068196,
    "operatingIncome": 1491000000,
    "operatingIncomeRatio": 0.0668070616,
    "totalOtherIncomeExpensesNet": -203000000,
    "incomeBeforeTax": 1288000000,
    "incomeBeforeTaxRatio": 0.0577112645,
    "incomeTaxExpense": 130000000,
    "netIncome": 1160000000,
    "netIncomeRatio": 0.0519759835,
    "eps": 1.64,
    "epsdiluted": 1.64,
    "weightedAverageShsOut": 713035000,
    "weightedAverageShsOutDil": 729560000,
    "link": "https://www.sec.gov/Archives/edgar/data/1571996/000157199624000036/0001571996-24-000036-index.htm",
    "finalLink": "https://www.sec.gov/Archives/edgar/data/1571996/000157199624000036/dell-20240202.htm"
  },
  {
    "date": "2023-11-03",
    "symbol": "DELL",
    "reportedCurrency": "USD",
    "cik": "0001571996",
    "fillingDate": "2023-12-08",
    "acceptedDate": "2023-12-08 08:32:51",
    "calendarYear": "2024",
    "period": "Q3",
    "revenue": 22251000000,
    "costOfRevenue": 17103000000,
    "grossProfit": 5148000000,
    "grossProfitRatio": 0.2313603883,
    "researchAndDevelopmentExpenses": 692000000,
    "generalAndAdministrativeExpenses": 0,
    "sellingAndMarketingExpenses": 0,
    "sellingGeneralAndAdministrativeExpenses": 2970000000,
    "otherExpenses": 0,
    "operatingExpenses": 3662000000,
    "costAndExpenses": 20765000000,
    "interestIncome": 88000000,
    "interestExpense": 372000000,
    "depreciationAndAmortization": 822000000,
    "ebitda": 2374000000,
    "ebitdaratio": 0.1066918341,
    "operatingIncome": 1486000000,
    "operatingIncomeRatio": 0.0667835153,
    "totalOtherIncomeExpensesNet": -306000000,
    "incomeBeforeTax": 1180000000,
    "incomeBeforeTaxRatio": 0.0530313244,
    "incomeTaxExpense": 176000000,
    "netIncome": 1006000000,
    "netIncomeRatio": 0.0452114512,
    "eps": 1.39,
    "epsdiluted": 1.36,
    "weightedAverageShsOut": 722000000,
    "weightedAverageShsOutDil": 740000000,
    "link": "https://www.sec.gov/Archives/edgar/data/1571996/000157199623000046/0001571996-23-000046-index.htm",
    "finalLink": "https://www.sec.gov/Archives/edgar/data/1571996/000157199623000046/dell-20231103.htm"
  },
  {
    "date": "2023-08-04",
    "symbol": "DELL",
    "reportedCurrency": "USD",
    "cik": "0001571996",
    "fillingDate": "2023-09-12",
    "acceptedDate": "2023-09-12 16:27:00",
    "calendarYear": "2024",
    "period": "Q2",
    "revenue": 22934000000,
    "costOfRevenue": 17547000000,
    "grossProfit": 5387000000,
    "grossProfitRatio": 0.2348914276,
    "researchAndDevelopmentExpenses": 705000000,
    "generalAndAdministrativeExpenses": 0,
    "sellingAndMarketingExpenses": 0,
    "sellingGeneralAndAdministrativeExpenses": 3517000000,
    "otherExpenses": 0,
    "operatingExpenses": 4222000000,
    "costAndExpenses": 21769000000,
    "interestIncome": 66000000,
    "interestExpense": 423000000,
    "depreciationAndAmortization": 831000000,
    "ebitda": 1968000000,
    "ebitdaratio": 0.085811459,
    "operatingIncome": 1165000000,
    "operatingIncomeRatio": 0.0507979419,
    "totalOtherIncomeExpensesNet": -451000000,
    "incomeBeforeTax": 714000000,
    "incomeBeforeTaxRatio": 0.0311328159,
    "incomeTaxExpense": 259000000,
    "netIncome": 462000000,
    "netIncomeRatio": 0.0201447632,
    "eps": 0.64,
    "epsdiluted": 0.63,
    "weightedAverageShsOut": 726000000,
    "weightedAverageShsOutDil": 738000000,
    "link": "https://www.sec.gov/Archives/edgar/data/1571996/000157199623000032/0001571996-23-000032-index.htm",
    "finalLink": "https://www.sec.gov/Archives/edgar/data/1571996/000157199623000032/dell-20230804.htm"
  },
  {
    "date": "2023-05-05",
    "symbol": "DELL",
    "reportedCurrency": "USD",
    "cik": "0001571996",
    "fillingDate": "2023-06-12",
    "acceptedDate": "2023-06-12 16:43:52",
    "calendarYear": "2024",
    "period": "Q1",
    "revenue": 20922000000,
    "costOfRevenue": 15904000000,
    "grossProfit": 5018000000,
    "grossProfitRatio": 0.2398432272,
    "researchAndDevelopmentExpenses": 688000000,
    "generalAndAdministrativeExpenses": 0,
    "sellingAndMarketingExpenses": 0,
    "sellingGeneralAndAdministrativeExpenses": 3261000000,
    "otherExpenses": 0,
    "operatingExpenses": 3949000000,
    "costAndExpenses": 19853000000,
    "interestIncome": 88000000,
    "interestExpense": 405000000,
    "depreciationAndAmortization": 809000000,
    "ebitda": 1919000000,
    "ebitdaratio": 0.0917216327,
    "operatingIncome": 1069000000,
    "operatingIncomeRatio": 0.0510945416,
    "totalOtherIncomeExpensesNet": -364000000,
    "incomeBeforeTax": 705000000,
    "incomeBeforeTaxRatio": 0.0336965873,
    "incomeTaxExpense": 127000000,
    "netIncome": 583000000,
    "netIncomeRatio": 0.0278654048,
    "eps": 0.81,
    "epsdiluted": 0.79,
    "weightedAverageShsOut": 724000000,
    "weightedAverageShsOutDil": 737000000,
    "link": "https://www.sec.gov/Archives/edgar/data/1571996/000157199623000019/0001571996-23-000019-index.htm",
    "finalLink": "https://www.sec.gov/Archives/edgar/data/1571996/000157199623000019/dell-20230505.htm"
  },
  {
    "date": "2023-02-03",
    "symbol": "DELL",
    "reportedCurrency": "USD",
    "cik": "0001571996",
    "fillingDate": "2023-03-30",
    "acceptedDate": "2023-03-30 16:19:36",
    "calendarYear": "2023",
    "period": "Q4",
    "revenue": 25039000000,
    "costOfRevenue": 19283000000,
    "grossProfit": 5756000000,
    "grossProfitRatio": 0.229881385,
    "researchAndDevelopmentExpenses": 795000000,
    "generalAndAdministrativeExpenses": 0,
    "sellingAndMarketingExpenses": 0,
    "sellingGeneralAndAdministrativeExpenses": 3772000000,
    "otherExpenses": 0,
    "operatingExpenses": 4567000000,
    "costAndExpenses": 23850000000,
    "interestIncome": 48000000,
    "interestExpense": 387000000,
    "depreciationAndAmortization": 854000000,
    "ebitda": 2164000000,
    "ebitdaratio": 0.0864251767,
    "operatingIncome": 1189000000,
    "operatingIncomeRatio": 0.047485922,
    "totalOtherIncomeExpensesNet": -266000000,
    "incomeBeforeTax": 923000000,
    "incomeBeforeTaxRatio": 0.0368624945,
    "incomeTaxExpense": 317000000,
    "netIncome": 614000000,
    "netIncomeRatio": 0.0245217461,
    "eps": 0.86,
    "epsdiluted": 0.84,
    "weightedAverageShsOut": 716000000,
    "weightedAverageShsOutDil": 735000000,
    "link": "https://www.sec.gov/Archives/edgar/data/1571996/000157199623000007/0001571996-23-000007-index.htm",
    "finalLink": "https://www.sec.gov/Archives/edgar/data/1571996/000157199623000007/dell-20230203.htm"
  },
  {
    "date": "2022-10-28",
    "symbol": "DELL",
    "reportedCurrency": "USD",
    "cik": "0001571996",
    "fillingDate": "2022-12-05",
    "acceptedDate": "2022-12-05 16:13:45",
    "calendarYear": "2023",
    "period": "Q3",
    "revenue": 24721000000,
    "costOfRevenue": 19014000000,
    "grossProfit": 5707000000,
    "grossProfitRatio": 0.2308563569,
    "researchAndDevelopmentExpenses": 677000000,
    "generalAndAdministrativeExpenses": 0,
    "sellingAndMarketingExpenses": 0,
    "sellingGeneralAndAdministrativeExpenses": 3268000000,
    "otherExpenses": 0,
    "operatingExpenses": 3945000000,
    "costAndExpenses": 22959000000,
    "interestIncome": 21000000,
    "interestExpense": 301000000,
    "depreciationAndAmortization": 832000000,
    "ebitda": 1587000000,
    "ebitdaratio": 0.0641964322,
    "operatingIncome": 1762000000,
    "operatingIncomeRatio": 0.0712754338,
    "totalOtherIncomeExpensesNet": -1308000000,
    "incomeBeforeTax": 454000000,
    "incomeBeforeTaxRatio": 0.0183649529,
    "incomeTaxExpense": 213000000,
    "netIncome": 245000000,
    "netIncomeRatio": 0.0099106023,
    "eps": 0.34,
    "epsdiluted": 0.33,
    "weightedAverageShsOut": 728000000,
    "weightedAverageShsOutDil": 743000000,
    "link": "https://www.sec.gov/Archives/edgar/data/1571996/000157199622000044/0001571996-22-000044-index.htm",
    "finalLink": "https://www.sec.gov/Archives/edgar/data/1571996/000157199622000044/dell-20221028.htm"
  },
  {
    "date": "2022-07-29",
    "symbol": "DELL",
    "reportedCurrency": "USD",
    "cik": "0001571996",
    "fillingDate": "2022-09-01",
    "acceptedDate": "2022-09-01 16:21:14",
    "calendarYear": "2023",
    "period": "Q2",
    "revenue": 26425000000,
    "costOfRevenue": 20986000000,
    "grossProfit": 5439000000,
    "grossProfitRatio": 0.2058278146,
    "researchAndDevelopmentExpenses": 626000000,
    "generalAndAdministrativeExpenses": 0,
    "sellingAndMarketingExpenses": 0,
    "sellingGeneralAndAdministrativeExpenses": 3543000000,
    "otherExpenses": 0,
    "operatingExpenses": 4169000000,
    "costAndExpenses": 25155000000,
    "interestIncome": 16000000,
    "interestExpense": 330000000,
    "depreciationAndAmortization": 744000000,
    "ebitda": 1709000000,
    "ebitdaratio": 0.0646736045,
    "operatingIncome": 1270000000,
    "operatingIncomeRatio": 0.0480605487,
    "totalOtherIncomeExpensesNet": -635000000,
    "incomeBeforeTax": 635000000,
    "incomeBeforeTaxRatio": 0.0240302744,
    "incomeTaxExpense": 129000000,
    "netIncome": 511000000,
    "netIncomeRatio": 0.0193377483,
    "eps": 0.69,
    "epsdiluted": 0.68,
    "weightedAverageShsOut": 751471000,
    "weightedAverageShsOutDil": 755000000,
    "link": "https://www.sec.gov/Archives/edgar/data/1571996/000157199622000031/0001571996-22-000031-index.htm",
    "finalLink": "https://www.sec.gov/Archives/edgar/data/1571996/000157199622000031/dell-20220729.htm"
  },
  {
    "date": "2022-04-29",
    "symbol": "DELL",
    "reportedCurrency": "USD",
    "cik": "0001571996",
    "fillingDate": "2022-06-06",
    "acceptedDate": "2022-06-06 16:09:19",
    "calendarYear": "2023",
    "period": "Q1",
    "revenue": 26116000000,
    "costOfRevenue": 20332000000,
    "grossProfit": 5784000000,
    "grossProfitRatio": 0.2214734263,
    "researchAndDevelopmentExpenses": 681000000,
    "generalAndAdministrativeExpenses": 0,
    "sellingAndMarketingExpenses": 0,
    "sellingGeneralAndAdministrativeExpenses": 3553000000,
    "otherExpenses": 0,
    "operatingExpenses": 4234000000,
    "costAndExpenses": 24566000000,
    "interestIncome": 15000000,
    "interestExpense": 277000000,
    "depreciationAndAmortization": 726000000,
    "ebitda": 2216000000,
    "ebitdaratio": 0.0848521979,
    "operatingIncome": 1550000000,
    "operatingIncomeRatio": 0.0593505897,
    "totalOtherIncomeExpensesNet": -337000000,
    "incomeBeforeTax": 1213000000,
    "incomeBeforeTaxRatio": 0.0464466228,
    "incomeTaxExpense": 144000000,
    "netIncome": 1072000000,
    "netIncomeRatio": 0.0410476336,
    "eps": 1.42,
    "epsdiluted": 1.37,
    "weightedAverageShsOut": 754000000,
    "weightedAverageShsOutDil": 780000000,
    "link": "https://www.sec.gov/Archives/edgar/data/1571996/000157199622000021/0001571996-22-000021-index.htm",
    "finalLink": "https://www.sec.gov/Archives/edgar/data/1571996/000157199622000021/dell-20220429.htm"
  },
  {
    "date": "2022-01-28",
    "symbol": "DELL",
    "reportedCurrency": "USD",
    "cik": "0001571996",
    "fillingDate": "2022-03-24",
    "acceptedDate": "2022-03-24 16:29:54",
    "calendarYear": "2022",
    "period": "Q4",
    "revenue": 22194000000,
    "costOfRevenue": 24005000000,
    "grossProfit": -1811000000,
    "grossProfitRatio": -0.0815986303,
    "researchAndDevelopmentExpenses": -1631000000,
    "generalAndAdministrativeExpenses": 0,
    "sellingAndMarketingExpenses": 0,
    "sellingGeneralAndAdministrativeExpenses": -743000000,
    "otherExpenses": 0,
    "operatingExpenses": -2374000000,
    "costAndExpenses": 21631000000,
    "interestIncome": 10000000,
    "interestExpense": 67000000,
    "depreciationAndAmortization": 830000000,
    "ebitda": 35000000,
    "ebitdaratio": 0.0015770028,
    "operatingIncome": 563000000,
    "operatingIncomeRatio": 0.0253672164,
    "totalOtherIncomeExpensesNet": -1425000000,
    "incomeBeforeTax": -862000000,
    "incomeBeforeTaxRatio": -0.0388393259,
    "incomeTaxExpense": -98000000,
    "netIncome": 2000000,
    "netIncomeRatio": 0.0000901144,
    "eps": 0.0026,
    "epsdiluted": 0.0025,
    "weightedAverageShsOut": 763000000,
    "weightedAverageShsOutDil": 763000000,
    "link": "https://www.sec.gov/Archives/edgar/data/1571996/000157199622000009/0001571996-22-000009-index.htm",
    "finalLink": "https://www.sec.gov/Archives/edgar/data/1571996/000157199622000009/dell-20220128.htm"
  },
  {
    "date": "2021-10-29",
    "symbol": "DELL",
    "reportedCurrency": "USD",
    "cik": "0001571996",
    "fillingDate": "2021-12-03",
    "acceptedDate": "2021-12-03 16:39:15",
    "calendarYear": "2022",
    "period": "Q3",
    "revenue": 26424000000,
    "costOfRevenue": 20890000000,
    "grossProfit": 5534000000,
    "grossProfitRatio": 0.2094308205,
    "researchAndDevelopmentExpenses": 650000000,
    "generalAndAdministrativeExpenses": 0,
    "sellingAndMarketingExpenses": 0,
    "sellingGeneralAndAdministrativeExpenses": 3838000000,
    "otherExpenses": 0,
    "operatingExpenses": 4488000000,
    "costAndExpenses": 25378000000,
    "interestIncome": 10000000,
    "interestExpense": 462000000,
    "depreciationAndAmortization": 1242000000,
    "ebitda": 6251000000,
    "ebitdaratio": 0.2365652437,
    "operatingIncome": 1046000000,
    "operatingIncomeRatio": 0.0395852256,
    "totalOtherIncomeExpensesNet": 3501000000,
    "incomeBeforeTax": 4547000000,
    "incomeBeforeTaxRatio": 0.1720784136,
    "incomeTaxExpense": 864000000,
    "netIncome": 3843000000,
    "netIncomeRatio": 0.1454359673,
    "eps": 5.02,
    "epsdiluted": 4.87,
    "weightedAverageShsOut": 766000000,
    "weightedAverageShsOutDil": 788000000,
    "link": "https://www.sec.gov/Archives/edgar/data/1571996/000157199621000063/0001571996-21-000063-index.htm",
    "finalLink": "https://www.sec.gov/Archives/edgar/data/1571996/000157199621000063/dell-20211029.htm"
  },
  {
    "date": "2021-07-30",
    "symbol": "DELL",
    "reportedCurrency": "USD",
    "cik": "0001571996",
    "fillingDate": "2021-09-03",
    "acceptedDate": "2021-09-03 16:50:37",
    "calendarYear": "2022",
    "period": "Q2",
    "revenue": 24191000000,
    "costOfRevenue": 18716000000,
    "grossProfit": 5475000000,
    "grossProfitRatio": 0.2263238394,
    "researchAndDevelopmentExpenses": 697000000,
    "generalAndAdministrativeExpenses": 0,
    "sellingAndMarketingExpenses": 0,
    "sellingGeneralAndAdministrativeExpenses": 3761000000,
    "otherExpenses": 0,
    "operatingExpenses": 4458000000,
    "costAndExpenses": 23174000000,
    "interestIncome": 25000000,
    "interestExpense": 416000000,
    "depreciationAndAmortization": 1240000000,
    "ebitda": 2381000000,
    "ebitdaratio": 0.0984250341,
    "operatingIncome": 1017000000,
    "operatingIncomeRatio": 0.0420404283,
    "totalOtherIncomeExpensesNet": -292000000,
    "incomeBeforeTax": 725000000,
    "incomeBeforeTaxRatio": 0.0299698235,
    "incomeTaxExpense": 96000000,
    "netIncome": 831000000,
    "netIncomeRatio": 0.0343516184,
    "eps": 1.09,
    "epsdiluted": 1.05,
    "weightedAverageShsOut": 763000000,
    "weightedAverageShsOutDil": 786000000,
    "link": "https://www.sec.gov/Archives/edgar/data/1571996/000157199621000040/0001571996-21-000040-index.htm",
    "finalLink": "https://www.sec.gov/Archives/edgar/data/1571996/000157199621000040/dell-20210730.htm"
  },
  {
    "date": "2021-04-30",
    "symbol": "DELL",
    "reportedCurrency": "USD",
    "cik": "0001571996",
    "fillingDate": "2021-06-07",
    "acceptedDate": "2021-06-07 08:21:13",
    "calendarYear": "2022",
    "period": "Q1",
    "revenue": 22590000000,
    "costOfRevenue": 17326000000,
    "grossProfit": 5264000000,
    "grossProfitRatio": 0.2330234617,
    "researchAndDevelopmentExpenses": 619000000,
    "generalAndAdministrativeExpenses": 0,
    "sellingAndMarketingExpenses": 0,
    "sellingGeneralAndAdministrativeExpenses": 3658000000,
    "otherExpenses": 0,
    "operatingExpenses": 4277000000,
    "costAndExpenses": 21603000000,
    "interestIncome": 10000000,
    "interestExpense": 439000000,
    "depreciationAndAmortization": 1239000000,
    "ebitda": 2377000000,
    "ebitdaratio": 0.1052235502,
    "operatingIncome": 987000000,
    "operatingIncomeRatio": 0.0436918991,
    "totalOtherIncomeExpensesNet": -288000000,
    "incomeBeforeTax": 699000000,
    "incomeBeforeTaxRatio": 0.0309428951,
    "incomeTaxExpense": 40000000,
    "netIncome": 887000000,
    "netIncomeRatio": 0.0392651616,
    "eps": 1.17,
    "epsdiluted": 1.13,
    "weightedAverageShsOut": 757000000,
    "weightedAverageShsOutDil": 782000000,
    "link": "https://www.sec.gov/Archives/edgar/data/1571996/000157199621000026/0001571996-21-000026-index.htm",
    "finalLink": "https://www.sec.gov/Archives/edgar/data/1571996/000157199621000026/dell-20210430.htm"
  },
  {
    "date": "2021-01-29",
    "symbol": "DELL",
    "reportedCurrency": "USD",
    "cik": "0001571996",
    "fillingDate": "2021-03-26",
    "acceptedDate": "2021-03-26 16:45:18",
    "calendarYear": "2021",
    "period": "Q4",
    "revenue": 26112000000,
    "costOfRevenue": 17965000000,
    "grossProfit": 8147000000,
    "grossProfitRatio": 0.3120021446,
    "researchAndDevelopmentExpenses": 1391000000,
    "generalAndAdministrativeExpenses": 0,
    "sellingAndMarketingExpenses": 0,
    "sellingGeneralAndAdministrativeExpenses": 4579000000,
    "otherExpenses": 0,
    "operatingExpenses": 5970000000,
    "costAndExpenses": 23935000000,
    "interestIncome": -18000000,
    "interestExpense": 158000000,
    "depreciationAndAmortization": 1373000000,
    "ebitda": 3539000000,
    "ebitdaratio": 0.1355315564,
    "operatingIncome": 2177000000,
    "operatingIncomeRatio": 0.0833716299,
    "totalOtherIncomeExpensesNet": -545000000,
    "incomeBeforeTax": 1632000000,
    "incomeBeforeTaxRatio": 0.0625,
    "incomeTaxExpense": 289000000,
    "netIncome": 1227000000,
    "netIncomeRatio": 0.0469898897,
    "eps": 1.64,
    "epsdiluted": 1.57,
    "weightedAverageShsOut": 750000000,
    "weightedAverageShsOutDil": 776000000,
    "link": "https://www.sec.gov/Archives/edgar/data/1571996/000157199621000007/0001571996-21-000007-index.htm",
    "finalLink": "https://www.sec.gov/Archives/edgar/data/1571996/000157199621000007/dell-20210129.htm"
  },
  {
    "date": "2020-10-30",
    "symbol": "DELL",
    "reportedCurrency": "USD",
    "cik": "0001571996",
    "fillingDate": "2020-12-07",
    "acceptedDate": "2020-12-07 17:26:01",
    "calendarYear": "2021",
    "period": "Q3",
    "revenue": 23482000000,
    "costOfRevenue": 16221000000,
    "grossProfit": 7261000000,
    "grossProfitRatio": 0.3092155694,
    "researchAndDevelopmentExpenses": 1360000000,
    "generalAndAdministrativeExpenses": 0,
    "sellingAndMarketingExpenses": 0,
    "sellingGeneralAndAdministrativeExpenses": 4772000000,
    "otherExpenses": 0,
    "operatingExpenses": 6132000000,
    "costAndExpenses": 22353000000,
    "interestIncome": 43000000,
    "interestExpense": 566000000,
    "depreciationAndAmortization": 1361000000,
    "ebitda": 3329000000,
    "ebitdaratio": 0.1417681628,
    "operatingIncome": 1129000000,
    "operatingIncomeRatio": 0.04807938,
    "totalOtherIncomeExpensesNet": 273000000,
    "incomeBeforeTax": 1402000000,
    "incomeBeforeTaxRatio": 0.0597053062,
    "incomeTaxExpense": 521000000,
    "netIncome": 832000000,
    "netIncomeRatio": 0.0354313943,
    "eps": 1.11,
    "epsdiluted": 1.08,
    "weightedAverageShsOut": 747000000,
    "weightedAverageShsOutDil": 771000000,
    "link": "https://www.sec.gov/Archives/edgar/data/1571996/000157199620000051/0001571996-20-000051-index.htm",
    "finalLink": "https://www.sec.gov/Archives/edgar/data/1571996/000157199620000051/dell-20201030.htm"
  },
  {
    "date": "2020-07-31",
    "symbol": "DELL",
    "reportedCurrency": "USD",
    "cik": "0001571996",
    "fillingDate": "2020-09-04",
    "acceptedDate": "2020-09-04 16:36:30",
    "calendarYear": "2021",
    "period": "Q2",
    "revenue": 22733000000,
    "costOfRevenue": 15577000000,
    "grossProfit": 7156000000,
    "grossProfitRatio": 0.3147846743,
    "researchAndDevelopmentExpenses": 1259000000,
    "generalAndAdministrativeExpenses": 0,
    "sellingAndMarketingExpenses": 0,
    "sellingGeneralAndAdministrativeExpenses": 4761000000,
    "otherExpenses": 0,
    "operatingExpenses": 6020000000,
    "costAndExpenses": 21597000000,
    "interestIncome": 12000000,
    "interestExpense": 656000000,
    "depreciationAndAmortization": 1340000000,
    "ebitda": 2496000000,
    "ebitdaratio": 0.1097963313,
    "operatingIncome": 1136000000,
    "operatingIncomeRatio": 0.0499714072,
    "totalOtherIncomeExpensesNet": -636000000,
    "incomeBeforeTax": 500000000,
    "incomeBeforeTaxRatio": 0.0219944574,
    "incomeTaxExpense": -599000000,
    "netIncome": 1048000000,
    "netIncomeRatio": 0.0461003827,
    "eps": 1.41,
    "epsdiluted": 1.37,
    "weightedAverageShsOut": 741000000,
    "weightedAverageShsOutDil": 761000000,
    "link": "https://www.sec.gov/Archives/edgar/data/1571996/000157199620000045/0001571996-20-000045-index.htm",
    "finalLink": "https://www.sec.gov/Archives/edgar/data/1571996/000157199620000045/dell-20200731.htm"
  },
  {
    "date": "2020-05-01",
    "symbol": "DELL",
    "reportedCurrency": "USD",
    "cik": "0001571996",
    "fillingDate": "2020-06-08",
    "acceptedDate": "2020-06-08 16:36:11",
    "calendarYear": "2021",
    "period": "Q1",
    "revenue": 21897000000,
    "costOfRevenue": 15044000000,
    "grossProfit": 6853000000,
    "grossProfitRatio": 0.3129652464,
    "researchAndDevelopmentExpenses": 1265000000,
    "generalAndAdministrativeExpenses": 0,
    "sellingAndMarketingExpenses": 0,
    "sellingGeneralAndAdministrativeExpenses": 4886000000,
    "otherExpenses": 0,
    "operatingExpenses": 6151000000,
    "costAndExpenses": 21195000000,
    "interestIncome": 111000000,
    "interestExpense": 672000000,
    "depreciationAndAmortization": 1316000000,
    "ebitda": 2124000000,
    "ebitdaratio": 0.096999589,
    "operatingIncome": 702000000,
    "operatingIncomeRatio": 0.0320591862,
    "totalOtherIncomeExpensesNet": -566000000,
    "incomeBeforeTax": 136000000,
    "incomeBeforeTaxRatio": 0.0062108965,
    "incomeTaxExpense": -46000000,
    "netIncome": 143000000,
    "netIncomeRatio": 0.006530575,
    "eps": 0.19,
    "epsdiluted": 0.19,
    "weightedAverageShsOut": 740000000,
    "weightedAverageShsOutDil": 755000000,
    "link": "https://www.sec.gov/Archives/edgar/data/1571996/000157199620000034/0001571996-20-000034-index.htm",
    "finalLink": "https://www.sec.gov/Archives/edgar/data/1571996/000157199620000034/delltechnologiesq1fy21.htm"
  },
  {
    "date": "2020-01-31",
    "symbol": "DELL",
    "reportedCurrency": "USD",
    "cik": "0001571996",
    "fillingDate": "2020-03-27",
    "acceptedDate": "2020-03-27 08:32:26",
    "calendarYear": "2020",
    "period": "Q4",
    "revenue": 24032000000,
    "costOfRevenue": 16348000000,
    "grossProfit": 7684000000,
    "grossProfitRatio": 0.3197403462,
    "researchAndDevelopmentExpenses": 1325000000,
    "generalAndAdministrativeExpenses": 0,
    "sellingAndMarketingExpenses": 0,
    "sellingGeneralAndAdministrativeExpenses": 5642000000,
    "otherExpenses": 0,
    "operatingExpenses": 6967000000,
    "costAndExpenses": 23315000000,
    "interestIncome": 33000000,
    "interestExpense": 630000000,
    "depreciationAndAmortization": 1535000000,
    "ebitda": 2256000000,
    "ebitdaratio": 0.0938748336,
    "operatingIncome": 717000000,
    "operatingIncomeRatio": 0.0298352197,
    "totalOtherIncomeExpensesNet": -626000000,
    "incomeBeforeTax": 91000000,
    "incomeBeforeTaxRatio": 0.0037866178,
    "incomeTaxExpense": -325000000,
    "netIncome": 408000000,
    "netIncomeRatio": 0.0169773635,
    "eps": 0.56,
    "epsdiluted": 0.54,
    "weightedAverageShsOut": 734000000,
    "weightedAverageShsOutDil": 754000000,
    "link": "https://www.sec.gov/Archives/edgar/data/1571996/000157199620000017/0001571996-20-000017-index.htm",
    "finalLink": "https://www.sec.gov/Archives/edgar/data/1571996/000157199620000017/delltechnologiesfy2010k.htm"
  },
  {
    "date": "2019-11-01",
    "symbol": "DELL",
    "reportedCurrency": "USD",
    "cik": "0001571996",
    "fillingDate": "2019-12-09",
    "acceptedDate": "2019-12-09 17:27:23",
    "calendarYear": "2020",
    "period": "Q3",
    "revenue": 22844000000,
    "costOfRevenue": 15718000000,
    "grossProfit": 7126000000,
    "grossProfitRatio": 0.3119418666,
    "researchAndDevelopmentExpenses": 1262000000,
    "generalAndAdministrativeExpenses": 0,
    "sellingAndMarketingExpenses": 0,
    "sellingGeneralAndAdministrativeExpenses": 5028000000,
    "otherExpenses": 0,
    "operatingExpenses": 6290000000,
    "costAndExpenses": 22008000000,
    "interestIncome": 41000000,
    "interestExpense": 693000000,
    "depreciationAndAmortization": 1494000000,
    "ebitda": 2346000000,
    "ebitdaratio": 0.1026965505,
    "operatingIncome": 836000000,
    "operatingIncomeRatio": 0.0365960427,
    "totalOtherIncomeExpensesNet": -677000000,
    "incomeBeforeTax": 159000000,
    "incomeBeforeTaxRatio": 0.0069602521,
    "incomeTaxExpense": -393000000,
    "netIncome": 499000000,
    "netIncomeRatio": 0.0218438102,
    "eps": 0.69,
    "epsdiluted": 0.66,
    "weightedAverageShsOut": 725000000,
    "weightedAverageShsOutDil": 750000000,
    "link": "https://www.sec.gov/Archives/edgar/data/1571996/000157199619000051/0001571996-19-000051-index.htm",
    "finalLink": "https://www.sec.gov/Archives/edgar/data/1571996/000157199619000051/delltechnologiesq3fy20.htm"
  },
  {
    "date": "2019-08-02",
    "symbol": "DELL",
    "reportedCurrency": "USD",
    "cik": "0001571996",
    "fillingDate": "2019-09-10",
    "acceptedDate": "2019-09-09 17:41:06",
    "calendarYear": "2020",
    "period": "Q2",
    "revenue": 23370000000,
    "costOfRevenue": 16044000000,
    "grossProfit": 7326000000,
    "grossProfitRatio": 0.313478819,
    "researchAndDevelopmentExpenses": 1229000000,
    "generalAndAdministrativeExpenses": 0,
    "sellingAndMarketingExpenses": 0,
    "sellingGeneralAndAdministrativeExpenses": 5578000000,
    "otherExpenses": 0,
    "operatingExpenses": 6807000000,
    "costAndExpenses": 22851000000,
    "interestIncome": 42000000,
    "interestExpense": 717000000,
    "depreciationAndAmortization": 1498000000,
    "ebitda": 2104000000,
    "ebitdaratio": 0.0900299529,
    "operatingIncome": 519000000,
    "operatingIncomeRatio": 0.0222079589,
    "totalOtherIncomeExpensesNet": -630000000,
    "incomeBeforeTax": -111000000,
    "incomeBeforeTaxRatio": -0.0047496791,
    "incomeTaxExpense": -4343000000,
    "netIncome": 3416000000,
    "netIncomeRatio": 0.1461703038,
    "eps": 4.75,
    "epsdiluted": 4.47,
    "weightedAverageShsOut": 719000000,
    "weightedAverageShsOutDil": 751000000,
    "link": "https://www.sec.gov/Archives/edgar/data/1571996/000157199619000039/0001571996-19-000039-index.htm",
    "finalLink": "https://www.sec.gov/Archives/edgar/data/1571996/000157199619000039/delltechnologiesq2fy20.htm"
  },
  {
    "date": "2019-05-03",
    "symbol": "DELL",
    "reportedCurrency": "USD",
    "cik": "0001571996",
    "fillingDate": "2019-06-10",
    "acceptedDate": "2019-06-10 16:44:02",
    "calendarYear": "2020",
    "period": "Q1",
    "revenue": 21908000000,
    "costOfRevenue": 15111000000,
    "grossProfit": 6797000000,
    "grossProfitRatio": 0.3102519628,
    "researchAndDevelopmentExpenses": 1176000000,
    "generalAndAdministrativeExpenses": 0,
    "sellingAndMarketingExpenses": 0,
    "sellingGeneralAndAdministrativeExpenses": 5071000000,
    "otherExpenses": 0,
    "operatingExpenses": 6247000000,
    "costAndExpenses": 21358000000,
    "interestIncome": 44000000,
    "interestExpense": 754000000,
    "depreciationAndAmortization": 1616000000,
    "ebitda": 2227000000,
    "ebitdaratio": 0.1016523644,
    "operatingIncome": 550000000,
    "operatingIncomeRatio": 0.0251049845,
    "totalOtherIncomeExpensesNet": -693000000,
    "incomeBeforeTax": -143000000,
    "incomeBeforeTaxRatio": -0.006527296,
    "incomeTaxExpense": -472000000,
    "netIncome": 293000000,
    "netIncomeRatio": 0.0133741099,
    "eps": 0.41,
    "epsdiluted": 0.38,
    "weightedAverageShsOut": 717000000,
    "weightedAverageShsOutDil": 751000000,
    "link": "https://www.sec.gov/Archives/edgar/data/1571996/000157199619000025/0001571996-19-000025-index.htm",
    "finalLink": "https://www.sec.gov/Archives/edgar/data/1571996/000157199619000025/delltechnologiesq1fy20.htm"
  },
  {
    "date": "2019-02-01",
    "symbol": "DELL",
    "reportedCurrency": "USD",
    "cik": "0001571996",
    "fillingDate": "2019-03-29",
    "acceptedDate": "2019-03-29 16:47:53",
    "calendarYear": "2019",
    "period": "Q4",
    "revenue": 23841000000,
    "costOfRevenue": 16732000000,
    "grossProfit": 7109000000,
    "grossProfitRatio": 0.298183801,
    "researchAndDevelopmentExpenses": 1202000000,
    "generalAndAdministrativeExpenses": 0,
    "sellingAndMarketingExpenses": 0,
    "sellingGeneralAndAdministrativeExpenses": 5576000000,
    "otherExpenses": 0,
    "operatingExpenses": 6778000000,
    "costAndExpenses": 23510000000,
    "interestIncome": 66000000,
    "interestExpense": 658000000,
    "depreciationAndAmortization": 1940000000,
    "ebitda": 2323000000,
    "ebitdaratio": 0.097437188,
    "operatingIncome": 331000000,
    "operatingIncomeRatio": 0.0138836458,
    "totalOtherIncomeExpensesNet": -606000000,
    "incomeBeforeTax": -275000000,
    "incomeBeforeTaxRatio": -0.0115347511,
    "incomeTaxExpense": 12000000,
    "netIncome": -299000000,
    "netIncomeRatio": -0.0125414202,
    "eps": -0.42,
    "epsdiluted": -0.42,
    "weightedAverageShsOut": 719000000,
    "weightedAverageShsOutDil": 719000000,
    "link": "https://www.sec.gov/Archives/edgar/data/1571996/000157199619000008/0001571996-19-000008-index.htm",
    "finalLink": "https://www.sec.gov/Archives/edgar/data/1571996/000157199619000008/delltechnologiesfy1910k.htm"
  },
  {
    "date": "2018-11-02",
    "symbol": "DELL",
    "reportedCurrency": "USD",
    "cik": "0001571996",
    "fillingDate": "2018-12-10",
    "acceptedDate": "2018-12-10 16:25:33",
    "calendarYear": "2019",
    "period": "Q3",
    "revenue": 22482000000,
    "costOfRevenue": 16539000000,
    "grossProfit": 5943000000,
    "grossProfitRatio": 0.2643448092,
    "researchAndDevelopmentExpenses": 1140000000,
    "generalAndAdministrativeExpenses": 0,
    "sellingAndMarketingExpenses": 0,
    "sellingGeneralAndAdministrativeExpenses": 5159000000,
    "otherExpenses": 0,
    "operatingExpenses": 6299000000,
    "costAndExpenses": 22838000000,
    "interestIncome": 84000000,
    "interestExpense": 643000000,
    "depreciationAndAmortization": 1961000000,
    "ebitda": 1609000000,
    "ebitdaratio": 0.0715683658,
    "operatingIncome": -356000000,
    "operatingIncomeRatio": -0.0158348901,
    "totalOtherIncomeExpensesNet": -639000000,
    "incomeBeforeTax": -995000000,
    "incomeBeforeTaxRatio": -0.0442576283,
    "incomeTaxExpense": -100000000,
    "netIncome": -876000000,
    "netIncomeRatio": -0.0389645049,
    "eps": -1.22,
    "epsdiluted": -1.22,
    "weightedAverageShsOut": 766000000,
    "weightedAverageShsOutDil": 766000000,
    "link": "https://www.sec.gov/Archives/edgar/data/1571996/000157199618000044/0001571996-18-000044-index.htm",
    "finalLink": "https://www.sec.gov/Archives/edgar/data/1571996/000157199618000044/delltechnologiesq3fy19.htm"
  },
  {
    "date": "2018-08-03",
    "symbol": "DELL",
    "reportedCurrency": "USD",
    "cik": "0001571996",
    "fillingDate": "2018-09-11",
    "acceptedDate": "2018-09-11 07:51:09",
    "calendarYear": "2019",
    "period": "Q2",
    "revenue": 22942000000,
    "costOfRevenue": 16819000000,
    "grossProfit": 6123000000,
    "grossProfitRatio": 0.2668904193,
    "researchAndDevelopmentExpenses": 1175000000,
    "generalAndAdministrativeExpenses": 0,
    "sellingAndMarketingExpenses": 0,
    "sellingGeneralAndAdministrativeExpenses": 4961000000,
    "otherExpenses": 0,
    "operatingExpenses": 6136000000,
    "costAndExpenses": 22955000000,
    "interestIncome": 85000000,
    "interestExpense": 645000000,
    "depreciationAndAmortization": 1931000000,
    "ebitda": 2108000000,
    "ebitdaratio": 0.0918838811,
    "operatingIncome": -13000000,
    "operatingIncomeRatio": -0.0005666463,
    "totalOtherIncomeExpensesNet": -455000000,
    "incomeBeforeTax": -468000000,
    "incomeBeforeTaxRatio": -0.0203992677,
    "incomeTaxExpense": -7000000,
    "netIncome": -499000000,
    "netIncomeRatio": -0.0217505013,
    "eps": -0.69,
    "epsdiluted": -0.69,
    "weightedAverageShsOut": 766000000,
    "weightedAverageShsOutDil": 766000000,
    "link": "https://www.sec.gov/Archives/edgar/data/1571996/000157199618000034/0001571996-18-000034-index.htm",
    "finalLink": "https://www.sec.gov/Archives/edgar/data/1571996/000157199618000034/delltechnologiesq2fy1910q.htm"
  },
  {
    "date": "2018-05-04",
    "symbol": "DELL",
    "reportedCurrency": "USD",
    "cik": "0001571996",
    "fillingDate": "2018-06-12",
    "acceptedDate": "2018-06-12 09:00:11",
    "calendarYear": "2019",
    "period": "Q1",
    "revenue": 21356000000,
    "costOfRevenue": 15478000000,
    "grossProfit": 5878000000,
    "grossProfitRatio": 0.2752388088,
    "researchAndDevelopmentExpenses": 1087000000,
    "generalAndAdministrativeExpenses": 0,
    "sellingAndMarketingExpenses": 0,
    "sellingGeneralAndAdministrativeExpenses": 4944000000,
    "otherExpenses": 0,
    "operatingExpenses": 6031000000,
    "costAndExpenses": 21509000000,
    "interestIncome": 96000000,
    "interestExpense": 596000000,
    "depreciationAndAmortization": 1914000000,
    "ebitda": 1887000000,
    "ebitdaratio": 0.0883592433,
    "operatingIncome": -153000000,
    "operatingIncomeRatio": -0.007164263,
    "totalOtherIncomeExpensesNet": -470000000,
    "incomeBeforeTax": -623000000,
    "incomeBeforeTaxRatio": -0.0291721296,
    "incomeTaxExpense": -85000000,
    "netIncome": -636000000,
    "netIncomeRatio": -0.0297808578,
    "eps": -0.83,
    "epsdiluted": -0.83,
    "weightedAverageShsOut": 767000000,
    "weightedAverageShsOutDil": 767000000,
    "link": "https://www.sec.gov/Archives/edgar/data/1571996/000157199618000022/0001571996-18-000022-index.htm",
    "finalLink": "https://www.sec.gov/Archives/edgar/data/1571996/000157199618000022/delltechnologiesq1fy1910q.htm"
  },
  {
    "date": "2018-02-02",
    "symbol": "DELL",
    "reportedCurrency": "USD",
    "cik": "0001571996",
    "fillingDate": "2018-03-29",
    "acceptedDate": "2018-03-29 09:12:59",
    "calendarYear": "2018",
    "period": "Q4",
    "revenue": 21935000000,
    "costOfRevenue": 16155000000,
    "grossProfit": 5780000000,
    "grossProfitRatio": 0.2635058126,
    "researchAndDevelopmentExpenses": 1087000000,
    "generalAndAdministrativeExpenses": 0,
    "sellingAndMarketingExpenses": 0,
    "sellingGeneralAndAdministrativeExpenses": 5014000000,
    "otherExpenses": 0,
    "operatingExpenses": 6101000000,
    "costAndExpenses": 22256000000,
    "interestIncome": 65000000,
    "interestExpense": 604000000,
    "depreciationAndAmortization": 2143000000,
    "ebitda": 1871000000,
    "ebitdaratio": 0.0852974698,
    "operatingIncome": -321000000,
    "operatingIncomeRatio": -0.0146341463,
    "totalOtherIncomeExpensesNet": -555000000,
    "incomeBeforeTax": -876000000,
    "incomeBeforeTaxRatio": -0.0399361751,
    "incomeTaxExpense": -323000000,
    "netIncome": -511000000,
    "netIncomeRatio": -0.0232961021,
    "eps": -0.67,
    "epsdiluted": -0.67,
    "weightedAverageShsOut": 767000000,
    "weightedAverageShsOutDil": 767000000,
    "link": "https://www.sec.gov/Archives/edgar/data/1571996/000157199618000004/0001571996-18-000004-index.htm",
    "finalLink": "https://www.sec.gov/Archives/edgar/data/1571996/000157199618000004/delltechnologiesfy1810k.htm"
  },
  {
    "date": "2017-11-03",
    "symbol": "DELL",
    "reportedCurrency": "USD",
    "cik": "0001571996",
    "fillingDate": "2017-12-12",
    "acceptedDate": "2017-12-12 09:17:49",
    "calendarYear": "2018",
    "period": "Q3",
    "revenue": 19556000000,
    "costOfRevenue": 14336000000,
    "grossProfit": 5220000000,
    "grossProfitRatio": 0.2669257517,
    "researchAndDevelopmentExpenses": 1071000000,
    "generalAndAdministrativeExpenses": 0,
    "sellingAndMarketingExpenses": 0,
    "sellingGeneralAndAdministrativeExpenses": 4559000000,
    "otherExpenses": 0,
    "operatingExpenses": 5630000000,
    "costAndExpenses": 19966000000,
    "interestIncome": 57000000,
    "interestExpense": 701000000,
    "depreciationAndAmortization": 2137000000,
    "ebitda": 1746000000,
    "ebitdaratio": 0.0892820618,
    "operatingIncome": -410000000,
    "operatingIncomeRatio": -0.0209654326,
    "totalOtherIncomeExpensesNet": -682000000,
    "incomeBeforeTax": -1092000000,
    "incomeBeforeTaxRatio": -0.05583964,
    "incomeTaxExpense": -241000000,
    "netIncome": -846000000,
    "netIncomeRatio": -0.0432603804,
    "eps": -1.18,
    "epsdiluted": -1.18,
    "weightedAverageShsOut": 718435000,
    "weightedAverageShsOutDil": 718435000,
    "link": "https://www.sec.gov/Archives/edgar/data/1571996/000157199617000045/0001571996-17-000045-index.htm",
    "finalLink": "https://www.sec.gov/Archives/edgar/data/1571996/000157199617000045/delltechnologiesq3fy1810q.htm"
  },
  {
    "date": "2017-08-04",
    "symbol": "DELL",
    "reportedCurrency": "USD",
    "cik": "0001571996",
    "fillingDate": "2017-09-08",
    "acceptedDate": "2017-09-08 08:52:14",
    "calendarYear": "2018",
    "period": "Q2",
    "revenue": 19521000000,
    "costOfRevenue": 14553000000,
    "grossProfit": 4968000000,
    "grossProfitRatio": 0.2544951591,
    "researchAndDevelopmentExpenses": 1093000000,
    "generalAndAdministrativeExpenses": 0,
    "sellingAndMarketingExpenses": 0,
    "sellingGeneralAndAdministrativeExpenses": 4540000000,
    "otherExpenses": 0,
    "operatingExpenses": 5633000000,
    "costAndExpenses": 20186000000,
    "interestIncome": 47000000,
    "interestExpense": 603000000,
    "depreciationAndAmortization": 2142000000,
    "ebitda": 1535000000,
    "ebitdaratio": 0.0786332667,
    "operatingIncome": -665000000,
    "operatingIncomeRatio": -0.0340658778,
    "totalOtherIncomeExpensesNet": -545000000,
    "incomeBeforeTax": -1210000000,
    "incomeBeforeTaxRatio": -0.0619845295,
    "incomeTaxExpense": -471000000,
    "netIncome": -732000000,
    "netIncomeRatio": -0.037498079,
    "eps": -1.02,
    "epsdiluted": -1.02,
    "weightedAverageShsOut": 718435000,
    "weightedAverageShsOutDil": 718435000,
    "link": "https://www.sec.gov/Archives/edgar/data/1571996/000157199617000020/0001571996-17-000020-index.htm",
    "finalLink": "https://www.sec.gov/Archives/edgar/data/1571996/000157199617000020/delltechnologiesq2fy1810q.htm"
  },
  {
    "date": "2017-05-05",
    "symbol": "DELL",
    "reportedCurrency": "USD",
    "cik": "0001571996",
    "fillingDate": "2017-06-09",
    "acceptedDate": "2017-06-09 16:37:00",
    "calendarYear": "2018",
    "period": "Q1",
    "revenue": 18000000000,
    "costOfRevenue": 13543000000,
    "grossProfit": 4457000000,
    "grossProfitRatio": 0.2476111111,
    "researchAndDevelopmentExpenses": 1133000000,
    "generalAndAdministrativeExpenses": 0,
    "sellingAndMarketingExpenses": 0,
    "sellingGeneralAndAdministrativeExpenses": 4596000000,
    "otherExpenses": 0,
    "operatingExpenses": 5729000000,
    "costAndExpenses": 19272000000,
    "interestIncome": 53000000,
    "interestExpense": 597000000,
    "depreciationAndAmortization": 2212000000,
    "ebitda": 965000000,
    "ebitdaratio": 0.0536111111,
    "operatingIncome": -1272000000,
    "operatingIncomeRatio": -0.0706666667,
    "totalOtherIncomeExpensesNet": -572000000,
    "incomeBeforeTax": -1844000000,
    "incomeBeforeTaxRatio": -0.1024444444,
    "incomeTaxExpense": -641000000,
    "netIncome": -1171000000,
    "netIncomeRatio": -0.0650555556,
    "eps": -1.63,
    "epsdiluted": -1.63,
    "weightedAverageShsOut": 718435000,
    "weightedAverageShsOutDil": 718435000,
    "link": "https://www.sec.gov/Archives/edgar/data/1571996/000157199617000009/0001571996-17-000009-index.htm",
    "finalLink": "https://www.sec.gov/Archives/edgar/data/1571996/000157199617000009/delltechnologiesq1fy1810q.htm"
  },
  {
    "date": "2017-02-03",
    "symbol": "DELL",
    "reportedCurrency": "USD",
    "cik": "0001571996",
    "fillingDate": "2017-03-31",
    "acceptedDate": "2017-03-31 08:33:13",
    "calendarYear": "2017",
    "period": "Q4",
    "revenue": 20074000000,
    "costOfRevenue": 15543000000,
    "grossProfit": 4531000000,
    "grossProfitRatio": 0.225714855,
    "researchAndDevelopmentExpenses": 1271000000,
    "generalAndAdministrativeExpenses": 0,
    "sellingAndMarketingExpenses": 0,
    "sellingGeneralAndAdministrativeExpenses": 4928000000,
    "otherExpenses": 0,
    "operatingExpenses": 6199000000,
    "costAndExpenses": 21742000000,
    "interestIncome": 40000000,
    "interestExpense": 651000000,
    "depreciationAndAmortization": 2041000000,
    "ebitda": 282000000,
    "ebitdaratio": 0.0140480223,
    "operatingIncome": -1668000000,
    "operatingIncomeRatio": -0.0830925575,
    "totalOtherIncomeExpensesNet": -742000000,
    "incomeBeforeTax": -2410000000,
    "incomeBeforeTaxRatio": -0.1200557936,
    "incomeTaxExpense": -996000000,
    "netIncome": -2123000000,
    "netIncomeRatio": -0.1057586928,
    "eps": -2.7183,
    "epsdiluted": -1.5061,
    "weightedAverageShsOut": 781000000,
    "weightedAverageShsOutDil": 781000000,
    "link": "https://www.sec.gov/Archives/edgar/data/1571996/000157199617000004/0001571996-17-000004-index.htm",
    "finalLink": "https://www.sec.gov/Archives/edgar/data/1571996/000157199617000004/delltechnologiesfy1710k.htm"
  },
  {
    "date": "2016-10-28",
    "symbol": "DELL",
    "reportedCurrency": "USD",
    "cik": "0001571996",
    "fillingDate": "2016-12-09",
    "acceptedDate": "2016-12-09 08:35:23",
    "calendarYear": "2017",
    "period": "Q3",
    "revenue": 16247000000,
    "costOfRevenue": 12348000000,
    "grossProfit": 3899000000,
    "grossProfitRatio": 0.239982766,
    "researchAndDevelopmentExpenses": 855000000,
    "generalAndAdministrativeExpenses": 0,
    "sellingAndMarketingExpenses": 0,
    "sellingGeneralAndAdministrativeExpenses": 4556000000,
    "otherExpenses": 0,
    "operatingExpenses": 5411000000,
    "costAndExpenses": 17759000000,
    "interestIncome": 38000000,
    "interestExpense": 830000000,
    "depreciationAndAmortization": 1576000000,
    "ebitda": 100000000,
    "ebitdaratio": 0.0061549825,
    "operatingIncome": -1512000000,
    "operatingIncomeRatio": -0.0930633348,
    "totalOtherIncomeExpensesNet": -794000000,
    "incomeBeforeTax": -2306000000,
    "incomeBeforeTaxRatio": -0.1419338955,
    "incomeTaxExpense": -669000000,
    "netIncome": -2064000000,
    "netIncomeRatio": -0.1270388379,
    "eps": -2.87,
    "epsdiluted": -2.87,
    "weightedAverageShsOut": 719000000,
    "weightedAverageShsOutDil": 719000000,
    "link": "https://www.sec.gov/Archives/edgar/data/1571996/000157199616000021/0001571996-16-000021-index.htm",
    "finalLink": "https://www.sec.gov/Archives/edgar/data/1571996/000157199616000021/delltechnologiesq3fy1710q.htm"
  },
  {
    "date": "2016-07-29",
    "symbol": "DELL",
    "reportedCurrency": "USD",
    "cik": "0001571996",
    "fillingDate": "2016-09-06",
    "acceptedDate": "2016-09-06 16:49:41",
    "calendarYear": "2017",
    "period": "Q2",
    "revenue": 13071000000,
    "costOfRevenue": 10744000000,
    "grossProfit": 2336000000,
    "grossProfitRatio": 0.1787162421,
    "researchAndDevelopmentExpenses": 246000000,
    "generalAndAdministrativeExpenses": 0,
    "sellingAndMarketingExpenses": 0,
    "sellingGeneralAndAdministrativeExpenses": 2023000000,
    "otherExpenses": 0,
    "operatingExpenses": 2269000000,
    "costAndExpenses": 12981000000,
    "interestIncome": 15000000,
    "interestExpense": 353000000,
    "depreciationAndAmortization": 629000000,
    "ebitda": 700000000,
    "ebitdaratio": 0.0535536684,
    "operatingIncome": 67000000,
    "operatingIncomeRatio": 0.0051258511,
    "totalOtherIncomeExpensesNet": -376000000,
    "incomeBeforeTax": -286000000,
    "incomeBeforeTaxRatio": -0.0218804988,
    "incomeTaxExpense": -22000000,
    "netIncome": 573000000,
    "netIncomeRatio": 0.0438375029,
    "eps": 0.7281,
    "epsdiluted": 0.403,
    "weightedAverageShsOut": 787000000,
    "weightedAverageShsOutDil": 787000000,
    "link": "https://www.sec.gov/Archives/edgar/data/1571996/000157199616000015/0001571996-16-000015-index.htm",
    "finalLink": "https://www.sec.gov/Archives/edgar/data/1571996/000157199616000015/delltechnologiesq2fy1710q.htm"
  },
  {
    "date": "2016-04-29",
    "symbol": "DELL",
    "reportedCurrency": "USD",
    "cik": "0001571996",
    "fillingDate": "2016-06-10",
    "acceptedDate": "2016-06-10 13:30:11",
    "calendarYear": "2017",
    "period": "Q1",
    "revenue": 12241000000,
    "costOfRevenue": 10048000000,
    "grossProfit": 2193000000,
    "grossProfitRatio": 0.1791520301,
    "researchAndDevelopmentExpenses": 264000000,
    "generalAndAdministrativeExpenses": 0,
    "sellingAndMarketingExpenses": 0,
    "sellingGeneralAndAdministrativeExpenses": 2068000000,
    "otherExpenses": 0,
    "operatingExpenses": 2332000000,
    "costAndExpenses": 12380000000,
    "interestIncome": 9000000,
    "interestExpense": 186000000,
    "depreciationAndAmortization": 692000000,
    "ebitda": 520000000,
    "ebitdaratio": 0.0424801895,
    "operatingIncome": -139000000,
    "operatingIncomeRatio": -0.0113552814,
    "totalOtherIncomeExpensesNet": -219000000,
    "incomeBeforeTax": -358000000,
    "incomeBeforeTaxRatio": -0.0292459766,
    "incomeTaxExpense": 66000000,
    "netIncome": 55000000,
    "netIncomeRatio": 0.004493097,
    "eps": 0.0766,
    "epsdiluted": 0.0766,
    "weightedAverageShsOut": 718435000,
    "weightedAverageShsOutDil": 718435000,
    "link": "https://www.sec.gov/Archives/edgar/data/1571996/000157199616000008/0001571996-16-000008-index.htm",
    "finalLink": "https://www.sec.gov/Archives/edgar/data/1571996/000157199616000008/denaliq1fy1710q.htm"
  },
  {
    "date": "2016-01-31",
    "symbol": "DELL",
    "reportedCurrency": "USD",
    "cik": "0001571996",
    "fillingDate": "2016-01-31",
    "acceptedDate": "2016-01-31 00:00:00",
    "calendarYear": "2016",
    "period": "Q4",
    "revenue": 12679000000,
    "costOfRevenue": 10425000000,
    "grossProfit": 2254000000,
    "grossProfitRatio": 0.1777742724,
    "researchAndDevelopmentExpenses": 279000000,
    "generalAndAdministrativeExpenses": 0,
    "sellingAndMarketingExpenses": 0,
    "sellingGeneralAndAdministrativeExpenses": 2001000000,
    "otherExpenses": 0,
    "operatingExpenses": 2280000000,
    "costAndExpenses": 12705000000,
    "interestIncome": 9000000,
    "interestExpense": 164000000,
    "depreciationAndAmortization": 716000000,
    "ebitda": 682000000,
    "ebitdaratio": 0.0537897311,
    "operatingIncome": -26000000,
    "operatingIncomeRatio": -0.0020506349,
    "totalOtherIncomeExpensesNet": -172000000,
    "incomeBeforeTax": -198000000,
    "incomeBeforeTaxRatio": -0.0156163735,
    "incomeTaxExpense": -30000000,
    "netIncome": -155000000,
    "netIncomeRatio": -0.0122249389,
    "eps": -0.22,
    "epsdiluted": -0.22,
    "weightedAverageShsOut": 718435000,
    "weightedAverageShsOutDil": 718435000,
    "link": null,
    "finalLink": null
  },
  {
    "date": "2015-10-30",
    "symbol": "DELL",
    "reportedCurrency": "USD",
    "cik": "0001571996",
    "fillingDate": "2015-10-31",
    "acceptedDate": "2015-10-31 00:00:00",
    "calendarYear": "2016",
    "period": "Q3",
    "revenue": 12674000000,
    "costOfRevenue": 10542000000,
    "grossProfit": 2132000000,
    "grossProfitRatio": 0.1682183999,
    "researchAndDevelopmentExpenses": 267000000,
    "generalAndAdministrativeExpenses": 0,
    "sellingAndMarketingExpenses": 0,
    "sellingGeneralAndAdministrativeExpenses": 1943000000,
    "otherExpenses": 0,
    "operatingExpenses": 2210000000,
    "costAndExpenses": 12752000000,
    "interestIncome": 9000000,
    "interestExpense": 182000000,
    "depreciationAndAmortization": 719000000,
    "ebitda": 620000000,
    "ebitdaratio": 0.0489190469,
    "operatingIncome": -78000000,
    "operatingIncomeRatio": -0.0061543317,
    "totalOtherIncomeExpensesNet": -203000000,
    "incomeBeforeTax": -281000000,
    "incomeBeforeTaxRatio": -0.0221713745,
    "incomeTaxExpense": -17000000,
    "netIncome": -180000000,
    "netIncomeRatio": -0.0142023039,
    "eps": -0.25,
    "epsdiluted": -0.25,
    "weightedAverageShsOut": 718435000,
    "weightedAverageShsOutDil": 718435000,
    "link": null,
    "finalLink": null
  },
  {
    "date": "2015-07-31",
    "symbol": "DELL",
    "reportedCurrency": "USD",
    "cik": "0001571996",
    "fillingDate": "2015-07-31",
    "acceptedDate": "2015-07-31 00:00:00",
    "calendarYear": "2016",
    "period": "Q2",
    "revenue": 12975000000,
    "costOfRevenue": 10896000000,
    "grossProfit": 2079000000,
    "grossProfitRatio": 0.1602312139,
    "researchAndDevelopmentExpenses": 250000000,
    "generalAndAdministrativeExpenses": 0,
    "sellingAndMarketingExpenses": 0,
    "sellingGeneralAndAdministrativeExpenses": 1932000000,
    "otherExpenses": 0,
    "operatingExpenses": 2182000000,
    "costAndExpenses": 13078000000,
    "interestIncome": 10000000,
    "interestExpense": 185000000,
    "depreciationAndAmortization": 581000000,
    "ebitda": -140000000,
    "ebitdaratio": -0.0107899807,
    "operatingIncome": -103000000,
    "operatingIncomeRatio": -0.007938343,
    "totalOtherIncomeExpensesNet": -222000000,
    "incomeBeforeTax": -325000000,
    "incomeBeforeTaxRatio": -0.0250481696,
    "incomeTaxExpense": -33000000,
    "netIncome": -265000000,
    "netIncomeRatio": -0.0204238921,
    "eps": -0.37,
    "epsdiluted": -0.37,
    "weightedAverageShsOut": 718435000,
    "weightedAverageShsOutDil": 718435000,
    "link": null,
    "finalLink": null
  },
  {
    "date": "2015-05-01",
    "symbol": "DELL",
    "reportedCurrency": "USD",
    "cik": "0001571996",
    "fillingDate": "2015-05-01",
    "acceptedDate": "2015-05-01 00:00:00",
    "calendarYear": "2016",
    "period": "Q1",
    "revenue": 12525000000,
    "costOfRevenue": 10613000000,
    "grossProfit": 1912000000,
    "grossProfitRatio": 0.1526546906,
    "researchAndDevelopmentExpenses": 255000000,
    "generalAndAdministrativeExpenses": 0,
    "sellingAndMarketingExpenses": 0,
    "sellingGeneralAndAdministrativeExpenses": 1968000000,
    "otherExpenses": 0,
    "operatingExpenses": 2223000000,
    "costAndExpenses": 12836000000,
    "interestIncome": 0,
    "interestExpense": 0,
    "depreciationAndAmortization": 663000000,
    "ebitda": 352000000,
    "ebitdaratio": 0.0281037924,
    "operatingIncome": -311000000,
    "operatingIncomeRatio": -0.0248303393,
    "totalOtherIncomeExpensesNet": -175000000,
    "incomeBeforeTax": -486000000,
    "incomeBeforeTaxRatio": -0.0388023952,
    "incomeTaxExpense": 40000000,
    "netIncome": -504000000,
    "netIncomeRatio": -0.040239521,
    "eps": -0.7,
    "epsdiluted": -0.7,
    "weightedAverageShsOut": 718435000,
    "weightedAverageShsOutDil": 718435000,
    "link": null,
    "finalLink": null
  },
  {
    "date": "2015-01-30",
    "symbol": "DELL",
    "reportedCurrency": "USD",
    "cik": "0001571996",
    "fillingDate": "2015-01-30",
    "acceptedDate": "2015-01-30 00:00:00",
    "calendarYear": "2015",
    "period": "Q4",
    "revenue": 14261000000,
    "costOfRevenue": 11869000000,
    "grossProfit": 2392000000,
    "grossProfitRatio": 0.1677301732,
    "researchAndDevelopmentExpenses": 301000000,
    "generalAndAdministrativeExpenses": 1536000000,
    "sellingAndMarketingExpenses": 660000000,
    "sellingGeneralAndAdministrativeExpenses": 2196000000,
    "otherExpenses": 72000000,
    "operatingExpenses": 2569000000,
    "costAndExpenses": 14438000000,
    "interestIncome": 0,
    "interestExpense": 0,
    "depreciationAndAmortization": 720000000,
    "ebitda": 620000000,
    "ebitdaratio": 0.0434752121,
    "operatingIncome": -177000000,
    "operatingIncomeRatio": -0.0124114718,
    "totalOtherIncomeExpensesNet": -232000000,
    "incomeBeforeTax": -409000000,
    "incomeBeforeTaxRatio": -0.0286796157,
    "incomeTaxExpense": 63000000,
    "netIncome": -346000000,
    "netIncomeRatio": -0.0242619732,
    "eps": -0.86,
    "epsdiluted": -0.86,
    "weightedAverageShsOut": 404000000,
    "weightedAverageShsOutDil": 404000000,
    "link": null,
    "finalLink": null
  },
  {
    "date": "2014-10-31",
    "symbol": "DELL",
    "reportedCurrency": "USD",
    "cik": "0001571996",
    "fillingDate": "2014-10-31",
    "acceptedDate": "2014-10-31 00:00:00",
    "calendarYear": "2015",
    "period": "Q3",
    "revenue": 14364000000,
    "costOfRevenue": 11832000000,
    "grossProfit": 2532000000,
    "grossProfitRatio": 0.1762740184,
    "researchAndDevelopmentExpenses": 306000000,
    "generalAndAdministrativeExpenses": 0,
    "sellingAndMarketingExpenses": 0,
    "sellingGeneralAndAdministrativeExpenses": 2354000000,
    "otherExpenses": 0,
    "operatingExpenses": 2660000000,
    "costAndExpenses": 14492000000,
    "interestIncome": 0,
    "interestExpense": 0,
    "depreciationAndAmortization": 747000000,
    "ebitda": 619000000,
    "ebitdaratio": 0.0430938457,
    "operatingIncome": -128000000,
    "operatingIncomeRatio": -0.0089111668,
    "totalOtherIncomeExpensesNet": -219000000,
    "incomeBeforeTax": -347000000,
    "incomeBeforeTaxRatio": -0.0241576163,
    "incomeTaxExpense": 86000000,
    "netIncome": -261000000,
    "netIncomeRatio": -0.0181704261,
    "eps": -0.64,
    "epsdiluted": -0.64,
    "weightedAverageShsOut": 405000000,
    "weightedAverageShsOutDil": 405000000,
    "link": null,
    "finalLink": null
  },
  {
    "date": "2014-08-01",
    "symbol": "DELL",
    "reportedCurrency": "USD",
    "cik": "0001571996",
    "fillingDate": "2014-08-01",
    "acceptedDate": "2014-08-01 00:00:00",
    "calendarYear": "2015",
    "period": "Q2",
    "revenue": 14825000000,
    "costOfRevenue": 12062000000,
    "grossProfit": 2763000000,
    "grossProfitRatio": 0.1863743676,
    "researchAndDevelopmentExpenses": 301000000,
    "generalAndAdministrativeExpenses": 0,
    "sellingAndMarketingExpenses": 0,
    "sellingGeneralAndAdministrativeExpenses": 2428000000,
    "otherExpenses": 0,
    "operatingExpenses": 2729000000,
    "costAndExpenses": 14791000000,
    "interestIncome": 0,
    "interestExpense": 0,
    "depreciationAndAmortization": 755000000,
    "ebitda": 789000000,
    "ebitdaratio": 0.0532209106,
    "operatingIncome": 34000000,
    "operatingIncomeRatio": 0.0022934233,
    "totalOtherIncomeExpensesNet": -208000000,
    "incomeBeforeTax": -174000000,
    "incomeBeforeTaxRatio": -0.0117369309,
    "incomeTaxExpense": 4000000,
    "netIncome": -178000000,
    "netIncomeRatio": -0.0120067454,
    "eps": -0.44,
    "epsdiluted": -0.44,
    "weightedAverageShsOut": 404545000,
    "weightedAverageShsOutDil": 405000000,
    "link": null,
    "finalLink": null
  },
  {
    "date": "2014-05-01",
    "symbol": "DELL",
    "reportedCurrency": "USD",
    "cik": "0001571996",
    "fillingDate": "2014-05-01",
    "acceptedDate": "2014-05-01 00:00:00",
    "calendarYear": "2015",
    "period": "Q1",
    "revenue": 14747000000,
    "costOfRevenue": 12087000000,
    "grossProfit": 2660000000,
    "grossProfitRatio": 0.1803756696,
    "researchAndDevelopmentExpenses": 297500000,
    "generalAndAdministrativeExpenses": 0,
    "sellingAndMarketingExpenses": 0,
    "sellingGeneralAndAdministrativeExpenses": 2421000000,
    "otherExpenses": 0,
    "operatingExpenses": 2718500000,
    "costAndExpenses": 14805500000,
    "interestIncome": 0,
    "interestExpense": 0,
    "depreciationAndAmortization": 755000000,
    "ebitda": 696500000,
    "ebitdaratio": 0.0472299451,
    "operatingIncome": -58500000,
    "operatingIncomeRatio": -0.0039669085,
    "totalOtherIncomeExpensesNet": -236500000,
    "incomeBeforeTax": -295000000,
    "incomeBeforeTaxRatio": -0.0200040686,
    "incomeTaxExpense": 12000000,
    "netIncome": -307000000,
    "netIncomeRatio": -0.0208177934,
    "eps": -0.76,
    "epsdiluted": -0.76,
    "weightedAverageShsOut": 403947000,
    "weightedAverageShsOutDil": 404000000,
    "link": null,
    "finalLink": null
  }
]