[
  {
    "date": "2025-06-30",
    "symbol": "DGX",
    "reportedCurrency": "USD",
    "cik": "0001022079",
    "fillingDate": "2025-07-23",
    "acceptedDate": "2025-07-23 16:25:08",
    "calendarYear": "2025",
    "period": "Q2",
    "revenue": 2761000000,
    "costOfRevenue": 1817000000,
    "grossProfit": 944000000,
    "grossProfitRatio": 0.3419051068,
    "researchAndDevelopmentExpenses": 0,
    "generalAndAdministrativeExpenses": 0,
    "sellingAndMarketingExpenses": 0,
    "sellingGeneralAndAdministrativeExpenses": 480000000,
    "otherExpenses": 39000000,
    "operatingExpenses": 519000000,
    "costAndExpenses": 2336000000,
    "interestIncome": 0,
    "interestExpense": 67000000,
    "depreciationAndAmortization": 0,
    "ebitda": 451000000,
    "ebitdaratio": 0.1633466135,
    "operatingIncome": 425000000,
    "operatingIncomeRatio": 0.1539297356,
    "totalOtherIncomeExpensesNet": -32000000,
    "incomeBeforeTax": 393000000,
    "incomeBeforeTaxRatio": 0.142339732,
    "incomeTaxExpense": 97000000,
    "netIncome": 281000000,
    "netIncomeRatio": 0.1017747193,
    "eps": 2.51,
    "epsdiluted": 2.47,
    "weightedAverageShsOut": 112000000,
    "weightedAverageShsOutDil": 113000000,
    "link": "https://www.sec.gov/Archives/edgar/data/1022079/000102207925000175/0001022079-25-000175-index.htm",
    "finalLink": "https://www.sec.gov/Archives/edgar/data/1022079/000102207925000175/dgx-20250630.htm"
  },
  {
    "date": "2025-03-31",
    "symbol": "DGX",
    "reportedCurrency": "USD",
    "cik": "0001022079",
    "fillingDate": "2025-04-23",
    "acceptedDate": "2025-04-23 16:21:36",
    "calendarYear": "2025",
    "period": "Q1",
    "revenue": 2652000000,
    "costOfRevenue": 1789000000,
    "grossProfit": 863000000,
    "grossProfitRatio": 0.3254147813,
    "researchAndDevelopmentExpenses": 0,
    "generalAndAdministrativeExpenses": 0,
    "sellingAndMarketingExpenses": 0,
    "sellingGeneralAndAdministrativeExpenses": 476000000,
    "otherExpenses": 41000000,
    "operatingExpenses": 517000000,
    "costAndExpenses": 2306000000,
    "interestIncome": 5000000,
    "interestExpense": 72000000,
    "depreciationAndAmortization": 140000000,
    "ebitda": 488000000,
    "ebitdaratio": 0.1840120664,
    "operatingIncome": 346000000,
    "operatingIncomeRatio": 0.1304675716,
    "totalOtherIncomeExpensesNet": -52000000,
    "incomeBeforeTax": 294000000,
    "incomeBeforeTaxRatio": 0.1108597285,
    "incomeTaxExpense": 59000000,
    "netIncome": 220000000,
    "netIncomeRatio": 0.0829562594,
    "eps": 1.97,
    "epsdiluted": 1.94,
    "weightedAverageShsOut": 111000000,
    "weightedAverageShsOutDil": 113000000,
    "link": "https://www.sec.gov/Archives/edgar/data/1022079/000102207925000120/0001022079-25-000120-index.htm",
    "finalLink": "https://www.sec.gov/Archives/edgar/data/1022079/000102207925000120/dgx-20250331.htm"
  },
  {
    "date": "2024-12-31",
    "symbol": "DGX",
    "reportedCurrency": "USD",
    "cik": "0001022079",
    "fillingDate": "2025-02-20",
    "acceptedDate": "2025-02-20 16:30:52",
    "calendarYear": "2024",
    "period": "Q4",
    "revenue": 2621000000,
    "costOfRevenue": 1763000000,
    "grossProfit": 858000000,
    "grossProfitRatio": 0.327355971,
    "researchAndDevelopmentExpenses": 0,
    "generalAndAdministrativeExpenses": 0,
    "sellingAndMarketingExpenses": 0,
    "sellingGeneralAndAdministrativeExpenses": 466000000,
    "otherExpenses": 31000000,
    "operatingExpenses": 497000000,
    "costAndExpenses": 2260000000,
    "interestIncome": 7000000,
    "interestExpense": 72000000,
    "depreciationAndAmortization": 135000000,
    "ebitda": 507000000,
    "ebitdaratio": 0.1934376192,
    "operatingIncome": 361000000,
    "operatingIncomeRatio": 0.1377336894,
    "totalOtherIncomeExpensesNet": -57000000,
    "incomeBeforeTax": 304000000,
    "incomeBeforeTaxRatio": 0.1159862648,
    "incomeTaxExpense": 68000000,
    "netIncome": 222000000,
    "netIncomeRatio": 0.084700496,
    "eps": 1.98,
    "epsdiluted": 1.95,
    "weightedAverageShsOut": 111000000,
    "weightedAverageShsOutDil": 113000000,
    "link": "https://www.sec.gov/Archives/edgar/data/1022079/000102207925000044/0001022079-25-000044-index.htm",
    "finalLink": "https://www.sec.gov/Archives/edgar/data/1022079/000102207925000044/dgx-20241231.htm"
  },
  {
    "date": "2024-09-30",
    "symbol": "DGX",
    "reportedCurrency": "USD",
    "cik": "0001022079",
    "fillingDate": "2024-10-23",
    "acceptedDate": "2024-10-23 17:24:33",
    "calendarYear": "2024",
    "period": "Q3",
    "revenue": 2488000000,
    "costOfRevenue": 1677000000,
    "grossProfit": 811000000,
    "grossProfitRatio": 0.3259646302,
    "researchAndDevelopmentExpenses": 0,
    "generalAndAdministrativeExpenses": 0,
    "sellingAndMarketingExpenses": 0,
    "sellingGeneralAndAdministrativeExpenses": 448000000,
    "otherExpenses": 33000000,
    "operatingExpenses": 481000000,
    "costAndExpenses": 2158000000,
    "interestIncome": 9000000,
    "interestExpense": 58000000,
    "depreciationAndAmortization": 125000000,
    "ebitda": 479000000,
    "ebitdaratio": 0.1925241158,
    "operatingIncome": 330000000,
    "operatingIncomeRatio": 0.1326366559,
    "totalOtherIncomeExpensesNet": -28000000,
    "incomeBeforeTax": 302000000,
    "incomeBeforeTaxRatio": 0.1213826367,
    "incomeTaxExpense": 65000000,
    "netIncome": 226000000,
    "netIncomeRatio": 0.0908360129,
    "eps": 2.01,
    "epsdiluted": 1.99,
    "weightedAverageShsOut": 112000000,
    "weightedAverageShsOutDil": 113000000,
    "link": "https://www.sec.gov/Archives/edgar/data/1022079/000102207924000190/0001022079-24-000190-index.htm",
    "finalLink": "https://www.sec.gov/Archives/edgar/data/1022079/000102207924000190/dgx-20240930.htm"
  },
  {
    "date": "2024-06-30",
    "symbol": "DGX",
    "reportedCurrency": "USD",
    "cik": "0001022079",
    "fillingDate": "2024-07-24",
    "acceptedDate": "2024-07-24 16:44:27",
    "calendarYear": "2024",
    "period": "Q2",
    "revenue": 2397000000,
    "costOfRevenue": 1593000000,
    "grossProfit": 804000000,
    "grossProfitRatio": 0.3354192741,
    "researchAndDevelopmentExpenses": 0,
    "generalAndAdministrativeExpenses": 0,
    "sellingAndMarketingExpenses": 0,
    "sellingGeneralAndAdministrativeExpenses": 406000000,
    "otherExpenses": 43000000,
    "operatingExpenses": 449000000,
    "costAndExpenses": 2042000000,
    "interestIncome": 3000000,
    "interestExpense": 47000000,
    "depreciationAndAmortization": 117000000,
    "ebitda": 478000000,
    "ebitdaratio": 0.1994159366,
    "operatingIncome": 355000000,
    "operatingIncomeRatio": 0.1481017939,
    "totalOtherIncomeExpensesNet": -41000000,
    "incomeBeforeTax": 314000000,
    "incomeBeforeTaxRatio": 0.1309970797,
    "incomeTaxExpense": 74000000,
    "netIncome": 229000000,
    "netIncomeRatio": 0.0955360868,
    "eps": 2.05,
    "epsdiluted": 2.04,
    "weightedAverageShsOut": 111000000,
    "weightedAverageShsOutDil": 112000000,
    "link": "https://www.sec.gov/Archives/edgar/data/1022079/000102207924000156/0001022079-24-000156-index.htm",
    "finalLink": "https://www.sec.gov/Archives/edgar/data/1022079/000102207924000156/dgx-20240630.htm"
  },
  {
    "date": "2024-03-31",
    "symbol": "DGX",
    "reportedCurrency": "USD",
    "cik": "0001022079",
    "fillingDate": "2024-04-24",
    "acceptedDate": "2024-04-24 16:12:22",
    "calendarYear": "2024",
    "period": "Q1",
    "revenue": 2366000000,
    "costOfRevenue": 1595000000,
    "grossProfit": 771000000,
    "grossProfitRatio": 0.3258664413,
    "researchAndDevelopmentExpenses": 0,
    "generalAndAdministrativeExpenses": 0,
    "sellingAndMarketingExpenses": 0,
    "sellingGeneralAndAdministrativeExpenses": 436000000,
    "otherExpenses": 35000000,
    "operatingExpenses": 471000000,
    "costAndExpenses": 2066000000,
    "interestIncome": 6000000,
    "interestExpense": 49000000,
    "depreciationAndAmortization": 116000000,
    "ebitda": 431000000,
    "ebitdaratio": 0.1821639899,
    "operatingIncome": 300000000,
    "operatingIncomeRatio": 0.1267962806,
    "totalOtherIncomeExpensesNet": -26000000,
    "incomeBeforeTax": 274000000,
    "incomeBeforeTaxRatio": 0.1158072697,
    "incomeTaxExpense": 66000000,
    "netIncome": 194000000,
    "netIncomeRatio": 0.0819949281,
    "eps": 1.74,
    "epsdiluted": 1.72,
    "weightedAverageShsOut": 111000000,
    "weightedAverageShsOutDil": 112000000,
    "link": "https://www.sec.gov/Archives/edgar/data/1022079/000102207924000099/0001022079-24-000099-index.htm",
    "finalLink": "https://www.sec.gov/Archives/edgar/data/1022079/000102207924000099/dgx-20240331.htm"
  },
  {
    "date": "2023-12-31",
    "symbol": "DGX",
    "reportedCurrency": "USD",
    "cik": "0001022079",
    "fillingDate": "2024-02-22",
    "acceptedDate": "2024-02-22 16:18:00",
    "calendarYear": "2023",
    "period": "Q4",
    "revenue": 2288000000,
    "costOfRevenue": 1548000000,
    "grossProfit": 740000000,
    "grossProfitRatio": 0.3234265734,
    "researchAndDevelopmentExpenses": 0,
    "generalAndAdministrativeExpenses": 0,
    "sellingAndMarketingExpenses": 0,
    "sellingGeneralAndAdministrativeExpenses": 402000000,
    "otherExpenses": 71000000,
    "operatingExpenses": 473000000,
    "costAndExpenses": 2021000000,
    "interestIncome": 6000000,
    "interestExpense": 46000000,
    "depreciationAndAmortization": 109000000,
    "ebitda": 392000000,
    "ebitdaratio": 0.1713286713,
    "operatingIncome": 267000000,
    "operatingIncomeRatio": 0.1166958042,
    "totalOtherIncomeExpensesNet": -22000000,
    "incomeBeforeTax": 245000000,
    "incomeBeforeTaxRatio": 0.1070804196,
    "incomeTaxExpense": 40000000,
    "netIncome": 192000000,
    "netIncomeRatio": 0.0839160839,
    "eps": 1.72,
    "epsdiluted": 1.7,
    "weightedAverageShsOut": 112000000,
    "weightedAverageShsOutDil": 113000000,
    "link": "https://www.sec.gov/Archives/edgar/data/1022079/000102207924000041/0001022079-24-000041-index.htm",
    "finalLink": "https://www.sec.gov/Archives/edgar/data/1022079/000102207924000041/dgx-20231231.htm"
  },
  {
    "date": "2023-09-30",
    "symbol": "DGX",
    "reportedCurrency": "USD",
    "cik": "0001022079",
    "fillingDate": "2023-10-25",
    "acceptedDate": "2023-10-25 16:25:11",
    "calendarYear": "2023",
    "period": "Q3",
    "revenue": 2295000000,
    "costOfRevenue": 1541000000,
    "grossProfit": 754000000,
    "grossProfitRatio": 0.328540305,
    "researchAndDevelopmentExpenses": 0,
    "generalAndAdministrativeExpenses": 0,
    "sellingAndMarketingExpenses": 0,
    "sellingGeneralAndAdministrativeExpenses": 380000000,
    "otherExpenses": 32000000,
    "operatingExpenses": 412000000,
    "costAndExpenses": 1953000000,
    "interestIncome": 1000000,
    "interestExpense": 41000000,
    "depreciationAndAmortization": 111000000,
    "ebitda": 451000000,
    "ebitdaratio": 0.1965141612,
    "operatingIncome": 342000000,
    "operatingIncomeRatio": 0.1490196078,
    "totalOtherIncomeExpensesNet": -37000000,
    "incomeBeforeTax": 305000000,
    "incomeBeforeTaxRatio": 0.1328976035,
    "incomeTaxExpense": 68000000,
    "netIncome": 225000000,
    "netIncomeRatio": 0.0980392157,
    "eps": 1.99,
    "epsdiluted": 1.96,
    "weightedAverageShsOut": 112000000,
    "weightedAverageShsOutDil": 114000000,
    "link": "https://www.sec.gov/Archives/edgar/data/1022079/000102207923000157/0001022079-23-000157-index.htm",
    "finalLink": "https://www.sec.gov/Archives/edgar/data/1022079/000102207923000157/dgx-20230930.htm"
  },
  {
    "date": "2023-06-30",
    "symbol": "DGX",
    "reportedCurrency": "USD",
    "cik": "0001022079",
    "fillingDate": "2023-07-27",
    "acceptedDate": "2023-07-27 16:14:59",
    "calendarYear": "2023",
    "period": "Q2",
    "revenue": 2338000000,
    "costOfRevenue": 1546000000,
    "grossProfit": 792000000,
    "grossProfitRatio": 0.3387510693,
    "researchAndDevelopmentExpenses": 0,
    "generalAndAdministrativeExpenses": 0,
    "sellingAndMarketingExpenses": 0,
    "sellingGeneralAndAdministrativeExpenses": 416000000,
    "otherExpenses": 28000000,
    "operatingExpenses": 444000000,
    "costAndExpenses": 1990000000,
    "interestIncome": 2000000,
    "interestExpense": 39000000,
    "depreciationAndAmortization": 112000000,
    "ebitda": 468000000,
    "ebitdaratio": 0.2001710864,
    "operatingIncome": 348000000,
    "operatingIncomeRatio": 0.1488451668,
    "totalOtherIncomeExpensesNet": -24000000,
    "incomeBeforeTax": 324000000,
    "incomeBeforeTaxRatio": 0.1385799829,
    "incomeTaxExpense": 75000000,
    "netIncome": 235000000,
    "netIncomeRatio": 0.1005132592,
    "eps": 2.09,
    "epsdiluted": 2.05,
    "weightedAverageShsOut": 112000000,
    "weightedAverageShsOutDil": 114000000,
    "link": "https://www.sec.gov/Archives/edgar/data/1022079/000102207923000136/0001022079-23-000136-index.htm",
    "finalLink": "https://www.sec.gov/Archives/edgar/data/1022079/000102207923000136/dgx-20230630.htm"
  },
  {
    "date": "2023-03-31",
    "symbol": "DGX",
    "reportedCurrency": "USD",
    "cik": "0001022079",
    "fillingDate": "2023-04-28",
    "acceptedDate": "2023-04-28 16:10:32",
    "calendarYear": "2023",
    "period": "Q1",
    "revenue": 2331000000,
    "costOfRevenue": 1560000000,
    "grossProfit": 771000000,
    "grossProfitRatio": 0.3307593308,
    "researchAndDevelopmentExpenses": 0,
    "generalAndAdministrativeExpenses": 0,
    "sellingAndMarketingExpenses": 0,
    "sellingGeneralAndAdministrativeExpenses": 439000000,
    "otherExpenses": 27000000,
    "operatingExpenses": 466000000,
    "costAndExpenses": 2026000000,
    "interestIncome": 2000000,
    "interestExpense": 37000000,
    "depreciationAndAmortization": 107000000,
    "ebitda": 421000000,
    "ebitdaratio": 0.1806091806,
    "operatingIncome": 305000000,
    "operatingIncomeRatio": 0.1308451308,
    "totalOtherIncomeExpensesNet": -23000000,
    "incomeBeforeTax": 282000000,
    "incomeBeforeTaxRatio": 0.120978121,
    "incomeTaxExpense": 65000000,
    "netIncome": 202000000,
    "netIncomeRatio": 0.0866580867,
    "eps": 1.79,
    "epsdiluted": 1.78,
    "weightedAverageShsOut": 112000000,
    "weightedAverageShsOutDil": 113000000,
    "link": "https://www.sec.gov/Archives/edgar/data/1022079/000102207923000093/0001022079-23-000093-index.htm",
    "finalLink": "https://www.sec.gov/Archives/edgar/data/1022079/000102207923000093/dgx-20230331.htm"
  },
  {
    "date": "2022-12-31",
    "symbol": "DGX",
    "reportedCurrency": "USD",
    "cik": "0001022079",
    "fillingDate": "2023-02-21",
    "acceptedDate": "2023-02-21 16:47:48",
    "calendarYear": "2022",
    "period": "Q4",
    "revenue": 2333000000,
    "costOfRevenue": 1575000000,
    "grossProfit": 758000000,
    "grossProfitRatio": 0.3249035577,
    "researchAndDevelopmentExpenses": 0,
    "generalAndAdministrativeExpenses": 0,
    "sellingAndMarketingExpenses": 0,
    "sellingGeneralAndAdministrativeExpenses": 563000000,
    "otherExpenses": 60000000,
    "operatingExpenses": 623000000,
    "costAndExpenses": 2198000000,
    "interestIncome": 4000000,
    "interestExpense": 36000000,
    "depreciationAndAmortization": 116000000,
    "ebitda": 261000000,
    "ebitdaratio": 0.1118731247,
    "operatingIncome": 135000000,
    "operatingIncomeRatio": 0.0578654093,
    "totalOtherIncomeExpensesNet": -23000000,
    "incomeBeforeTax": 112000000,
    "incomeBeforeTaxRatio": 0.0480068581,
    "incomeTaxExpense": -4000000,
    "netIncome": 101000000,
    "netIncomeRatio": 0.0432918988,
    "eps": 0.89,
    "epsdiluted": 0.88,
    "weightedAverageShsOut": 113000000,
    "weightedAverageShsOutDil": 115000000,
    "link": "https://www.sec.gov/Archives/edgar/data/1022079/000102207923000018/0001022079-23-000018-index.htm",
    "finalLink": "https://www.sec.gov/Archives/edgar/data/1022079/000102207923000018/dgx-20221231.htm"
  },
  {
    "date": "2022-09-30",
    "symbol": "DGX",
    "reportedCurrency": "USD",
    "cik": "0001022079",
    "fillingDate": "2022-10-21",
    "acceptedDate": "2022-10-21 16:31:20",
    "calendarYear": "2022",
    "period": "Q3",
    "revenue": 2486000000,
    "costOfRevenue": 1618000000,
    "grossProfit": 868000000,
    "grossProfitRatio": 0.3491552695,
    "researchAndDevelopmentExpenses": 0,
    "generalAndAdministrativeExpenses": 0,
    "sellingAndMarketingExpenses": 0,
    "sellingGeneralAndAdministrativeExpenses": 464000000,
    "otherExpenses": 12000000,
    "operatingExpenses": 476000000,
    "costAndExpenses": 2094000000,
    "interestIncome": 4000000,
    "interestExpense": 37000000,
    "depreciationAndAmortization": 108000000,
    "ebitda": 496000000,
    "ebitdaratio": 0.1995172969,
    "operatingIncome": 392000000,
    "operatingIncomeRatio": 0.1576830249,
    "totalOtherIncomeExpensesNet": -35000000,
    "incomeBeforeTax": 357000000,
    "incomeBeforeTaxRatio": 0.1436041834,
    "incomeTaxExpense": 81000000,
    "netIncome": 254000000,
    "netIncomeRatio": 0.1021721641,
    "eps": 2.19,
    "epsdiluted": 2.15,
    "weightedAverageShsOut": 116000000,
    "weightedAverageShsOutDil": 118000000,
    "link": "https://www.sec.gov/Archives/edgar/data/1022079/000102207922000140/0001022079-22-000140-index.htm",
    "finalLink": "https://www.sec.gov/Archives/edgar/data/1022079/000102207922000140/dgx-20220930.htm"
  },
  {
    "date": "2022-06-30",
    "symbol": "DGX",
    "reportedCurrency": "USD",
    "cik": "0001022079",
    "fillingDate": "2022-07-22",
    "acceptedDate": "2022-07-22 16:09:33",
    "calendarYear": "2022",
    "period": "Q2",
    "revenue": 2453000000,
    "costOfRevenue": 1611000000,
    "grossProfit": 842000000,
    "grossProfitRatio": 0.3432531594,
    "researchAndDevelopmentExpenses": 0,
    "generalAndAdministrativeExpenses": 0,
    "sellingAndMarketingExpenses": 0,
    "sellingGeneralAndAdministrativeExpenses": 422000000,
    "otherExpenses": 32000000,
    "operatingExpenses": 454000000,
    "costAndExpenses": 2065000000,
    "interestIncome": 2000000,
    "interestExpense": 38000000,
    "depreciationAndAmortization": 107000000,
    "ebitda": 466000000,
    "ebitdaratio": 0.1899714635,
    "operatingIncome": 388000000,
    "operatingIncomeRatio": 0.1581736649,
    "totalOtherIncomeExpensesNet": -61000000,
    "incomeBeforeTax": 327000000,
    "incomeBeforeTaxRatio": 0.1333061557,
    "incomeTaxExpense": 77000000,
    "netIncome": 233000000,
    "netIncomeRatio": 0.0949857318,
    "eps": 1.99,
    "epsdiluted": 1.96,
    "weightedAverageShsOut": 117000000,
    "weightedAverageShsOutDil": 119000000,
    "link": "https://www.sec.gov/Archives/edgar/data/1022079/000102207922000123/0001022079-22-000123-index.htm",
    "finalLink": "https://www.sec.gov/Archives/edgar/data/1022079/000102207922000123/dgx-20220630.htm"
  },
  {
    "date": "2022-03-31",
    "symbol": "DGX",
    "reportedCurrency": "USD",
    "cik": "0001022079",
    "fillingDate": "2022-04-22",
    "acceptedDate": "2022-04-22 16:15:07",
    "calendarYear": "2022",
    "period": "Q1",
    "revenue": 2611000000,
    "costOfRevenue": 1646000000,
    "grossProfit": 965000000,
    "grossProfitRatio": 0.3695901953,
    "researchAndDevelopmentExpenses": 0,
    "generalAndAdministrativeExpenses": 0,
    "sellingAndMarketingExpenses": 0,
    "sellingGeneralAndAdministrativeExpenses": 425000000,
    "otherExpenses": 27000000,
    "operatingExpenses": 452000000,
    "costAndExpenses": 2098000000,
    "interestIncome": 0,
    "interestExpense": 37000000,
    "depreciationAndAmortization": 106000000,
    "ebitda": 595000000,
    "ebitdaratio": 0.2278820375,
    "operatingIncome": 513000000,
    "operatingIncomeRatio": 0.1964764458,
    "totalOtherIncomeExpensesNet": -30000000,
    "incomeBeforeTax": 483000000,
    "incomeBeforeTaxRatio": 0.1849865952,
    "incomeTaxExpense": 110000000,
    "netIncome": 354000000,
    "netIncomeRatio": 0.1355802375,
    "eps": 2.97,
    "epsdiluted": 2.93,
    "weightedAverageShsOut": 119000000,
    "weightedAverageShsOutDil": 121000000,
    "link": "https://www.sec.gov/Archives/edgar/data/1022079/000102207922000074/0001022079-22-000074-index.htm",
    "finalLink": "https://www.sec.gov/Archives/edgar/data/1022079/000102207922000074/dgx-20220331.htm"
  },
  {
    "date": "2021-12-31",
    "symbol": "DGX",
    "reportedCurrency": "USD",
    "cik": "0001022079",
    "fillingDate": "2022-02-28",
    "acceptedDate": "2022-02-28 16:13:37",
    "calendarYear": "2021",
    "period": "Q4",
    "revenue": 2744000000,
    "costOfRevenue": 1718000000,
    "grossProfit": 1026000000,
    "grossProfitRatio": 0.3739067055,
    "researchAndDevelopmentExpenses": 0,
    "generalAndAdministrativeExpenses": 0,
    "sellingAndMarketingExpenses": 0,
    "sellingGeneralAndAdministrativeExpenses": 464000000,
    "otherExpenses": 26000000,
    "operatingExpenses": 490000000,
    "costAndExpenses": 2208000000,
    "interestIncome": 1000000,
    "interestExpense": 38000000,
    "depreciationAndAmortization": 106000000,
    "ebitda": 646000000,
    "ebitdaratio": 0.2354227405,
    "operatingIncome": 536000000,
    "operatingIncomeRatio": 0.195335277,
    "totalOtherIncomeExpensesNet": -9000000,
    "incomeBeforeTax": 527000000,
    "incomeBeforeTaxRatio": 0.1920553936,
    "incomeTaxExpense": 114000000,
    "netIncome": 389000000,
    "netIncomeRatio": 0.1417638484,
    "eps": 3.19,
    "epsdiluted": 3.12,
    "weightedAverageShsOut": 122000000,
    "weightedAverageShsOutDil": 125000000,
    "link": "https://www.sec.gov/Archives/edgar/data/1022079/000102207922000027/0001022079-22-000027-index.htm",
    "finalLink": "https://www.sec.gov/Archives/edgar/data/1022079/000102207922000027/dgx-20211231.htm"
  },
  {
    "date": "2021-09-30",
    "symbol": "DGX",
    "reportedCurrency": "USD",
    "cik": "0001022079",
    "fillingDate": "2021-10-22",
    "acceptedDate": "2021-10-22 16:23:21",
    "calendarYear": "2021",
    "period": "Q3",
    "revenue": 2774000000,
    "costOfRevenue": 1670000000,
    "grossProfit": 1104000000,
    "grossProfitRatio": 0.3979812545,
    "researchAndDevelopmentExpenses": 0,
    "generalAndAdministrativeExpenses": 0,
    "sellingAndMarketingExpenses": 0,
    "sellingGeneralAndAdministrativeExpenses": 427000000,
    "otherExpenses": 25000000,
    "operatingExpenses": 452000000,
    "costAndExpenses": 2122000000,
    "interestIncome": 0,
    "interestExpense": 38000000,
    "depreciationAndAmortization": 101000000,
    "ebitda": 793000000,
    "ebitdaratio": 0.2858687815,
    "operatingIncome": 652000000,
    "operatingIncomeRatio": 0.2350396539,
    "totalOtherIncomeExpensesNet": 28000000,
    "incomeBeforeTax": 680000000,
    "incomeBeforeTaxRatio": 0.2451333814,
    "incomeTaxExpense": 153000000,
    "netIncome": 503000000,
    "netIncomeRatio": 0.1813266042,
    "eps": 4.11,
    "epsdiluted": 4.02,
    "weightedAverageShsOut": 123000000,
    "weightedAverageShsOutDil": 125000000,
    "link": "https://www.sec.gov/Archives/edgar/data/1022079/000102207921000144/0001022079-21-000144-index.htm",
    "finalLink": "https://www.sec.gov/Archives/edgar/data/1022079/000102207921000144/dgx-20210930.htm"
  },
  {
    "date": "2021-06-30",
    "symbol": "DGX",
    "reportedCurrency": "USD",
    "cik": "0001022079",
    "fillingDate": "2021-07-23",
    "acceptedDate": "2021-07-23 16:04:24",
    "calendarYear": "2021",
    "period": "Q2",
    "revenue": 2550000000,
    "costOfRevenue": 1565000000,
    "grossProfit": 985000000,
    "grossProfitRatio": 0.3862745098,
    "researchAndDevelopmentExpenses": 0,
    "generalAndAdministrativeExpenses": 0,
    "sellingAndMarketingExpenses": 0,
    "sellingGeneralAndAdministrativeExpenses": 429000000,
    "otherExpenses": 23000000,
    "operatingExpenses": 452000000,
    "costAndExpenses": 2017000000,
    "interestIncome": 0,
    "interestExpense": 38000000,
    "depreciationAndAmortization": 100000000,
    "ebitda": 955000000,
    "ebitdaratio": 0.3745098039,
    "operatingIncome": 533000000,
    "operatingIncomeRatio": 0.2090196078,
    "totalOtherIncomeExpensesNet": 294000000,
    "incomeBeforeTax": 827000000,
    "incomeBeforeTaxRatio": 0.3243137255,
    "incomeTaxExpense": 177000000,
    "netIncome": 628000000,
    "netIncomeRatio": 0.2462745098,
    "eps": 5.05,
    "epsdiluted": 4.96,
    "weightedAverageShsOut": 125000000,
    "weightedAverageShsOutDil": 127000000,
    "link": "https://www.sec.gov/Archives/edgar/data/1022079/000102207921000111/0001022079-21-000111-index.htm",
    "finalLink": "https://www.sec.gov/Archives/edgar/data/1022079/000102207921000111/dgx-20210630.htm"
  },
  {
    "date": "2021-03-31",
    "symbol": "DGX",
    "reportedCurrency": "USD",
    "cik": "0001022079",
    "fillingDate": "2021-04-23",
    "acceptedDate": "2021-04-23 16:02:21",
    "calendarYear": "2021",
    "period": "Q1",
    "revenue": 2720000000,
    "costOfRevenue": 1626000000,
    "grossProfit": 1094000000,
    "grossProfitRatio": 0.4022058824,
    "researchAndDevelopmentExpenses": 0,
    "generalAndAdministrativeExpenses": 0,
    "sellingAndMarketingExpenses": 0,
    "sellingGeneralAndAdministrativeExpenses": 407000000,
    "otherExpenses": 27000000,
    "operatingExpenses": 434000000,
    "costAndExpenses": 2060000000,
    "interestIncome": 0,
    "interestExpense": 38000000,
    "depreciationAndAmortization": 101000000,
    "ebitda": 765000000,
    "ebitdaratio": 0.28125,
    "operatingIncome": 660000000,
    "operatingIncomeRatio": 0.2426470588,
    "totalOtherIncomeExpensesNet": -17000000,
    "incomeBeforeTax": 643000000,
    "incomeBeforeTaxRatio": 0.2363970588,
    "incomeTaxExpense": 153000000,
    "netIncome": 468000000,
    "netIncomeRatio": 0.1720588235,
    "eps": 3.52,
    "epsdiluted": 3.46,
    "weightedAverageShsOut": 133000000,
    "weightedAverageShsOutDil": 135000000,
    "link": "https://www.sec.gov/Archives/edgar/data/1022079/000102207921000070/0001022079-21-000070-index.htm",
    "finalLink": "https://www.sec.gov/Archives/edgar/data/1022079/000102207921000070/dgx-20210331.htm"
  },
  {
    "date": "2020-12-31",
    "symbol": "DGX",
    "reportedCurrency": "USD",
    "cik": "0001022079",
    "fillingDate": "2021-02-22",
    "acceptedDate": "2021-02-22 16:14:53",
    "calendarYear": "2020",
    "period": "Q4",
    "revenue": 3002000000,
    "costOfRevenue": 1733000000,
    "grossProfit": 1269000000,
    "grossProfitRatio": 0.4227181879,
    "researchAndDevelopmentExpenses": 0,
    "generalAndAdministrativeExpenses": 0,
    "sellingAndMarketingExpenses": 0,
    "sellingGeneralAndAdministrativeExpenses": 447000000,
    "otherExpenses": 27000000,
    "operatingExpenses": 474000000,
    "costAndExpenses": 2207000000,
    "interestIncome": 1000000,
    "interestExpense": 40000000,
    "depreciationAndAmortization": 98000000,
    "ebitda": 896000000,
    "ebitdaratio": 0.2984676882,
    "operatingIncome": 795000000,
    "operatingIncomeRatio": 0.264823451,
    "totalOtherIncomeExpensesNet": 5000000,
    "incomeBeforeTax": 800000000,
    "incomeBeforeTaxRatio": 0.2664890073,
    "incomeTaxExpense": 191000000,
    "netIncome": 576000000,
    "netIncomeRatio": 0.1918720853,
    "eps": 4.28,
    "epsdiluted": 4.21,
    "weightedAverageShsOut": 135000000,
    "weightedAverageShsOutDil": 137000000,
    "link": "https://www.sec.gov/Archives/edgar/data/1022079/000102207921000029/0001022079-21-000029-index.htm",
    "finalLink": "https://www.sec.gov/Archives/edgar/data/1022079/000102207921000029/dgx-20201231.htm"
  },
  {
    "date": "2020-09-30",
    "symbol": "DGX",
    "reportedCurrency": "USD",
    "cik": "0001022079",
    "fillingDate": "2020-10-23",
    "acceptedDate": "2020-10-23 16:08:14",
    "calendarYear": "2020",
    "period": "Q3",
    "revenue": 2786000000,
    "costOfRevenue": 1580000000,
    "grossProfit": 1206000000,
    "grossProfitRatio": 0.4328786791,
    "researchAndDevelopmentExpenses": 0,
    "generalAndAdministrativeExpenses": 0,
    "sellingAndMarketingExpenses": 0,
    "sellingGeneralAndAdministrativeExpenses": 396000000,
    "otherExpenses": 92000000,
    "operatingExpenses": 488000000,
    "costAndExpenses": 2068000000,
    "interestIncome": 0,
    "interestExpense": 42000000,
    "depreciationAndAmortization": 89000000,
    "ebitda": 884000000,
    "ebitdaratio": 0.3173007897,
    "operatingIncome": 718000000,
    "operatingIncomeRatio": 0.2577171572,
    "totalOtherIncomeExpensesNet": 50000000,
    "incomeBeforeTax": 768000000,
    "incomeBeforeTaxRatio": 0.2756640345,
    "incomeTaxExpense": 177000000,
    "netIncome": 566000000,
    "netIncomeRatio": 0.2031586504,
    "eps": 4.2,
    "epsdiluted": 4.14,
    "weightedAverageShsOut": 135000000,
    "weightedAverageShsOutDil": 137000000,
    "link": "https://www.sec.gov/Archives/edgar/data/1022079/000102207920000185/0001022079-20-000185-index.htm",
    "finalLink": "https://www.sec.gov/Archives/edgar/data/1022079/000102207920000185/dgx-20200930.htm"
  },
  {
    "date": "2020-06-30",
    "symbol": "DGX",
    "reportedCurrency": "USD",
    "cik": "0001022079",
    "fillingDate": "2020-07-24",
    "acceptedDate": "2020-07-24 16:10:53",
    "calendarYear": "2020",
    "period": "Q2",
    "revenue": 1827000000,
    "costOfRevenue": 1221000000,
    "grossProfit": 606000000,
    "grossProfitRatio": 0.3316912972,
    "researchAndDevelopmentExpenses": 0,
    "generalAndAdministrativeExpenses": 0,
    "sellingAndMarketingExpenses": 0,
    "sellingGeneralAndAdministrativeExpenses": 360000000,
    "otherExpenses": -37000000,
    "operatingExpenses": 323000000,
    "costAndExpenses": 1544000000,
    "interestIncome": 1000000,
    "interestExpense": 42000000,
    "depreciationAndAmortization": 89000000,
    "ebitda": 386000000,
    "ebitdaratio": 0.2112753147,
    "operatingIncome": 283000000,
    "operatingIncomeRatio": 0.1548987411,
    "totalOtherIncomeExpensesNet": -24000000,
    "incomeBeforeTax": 259000000,
    "incomeBeforeTaxRatio": 0.1417624521,
    "incomeTaxExpense": 66000000,
    "netIncome": 184000000,
    "netIncomeRatio": 0.100711549,
    "eps": 1.38,
    "epsdiluted": 1.36,
    "weightedAverageShsOut": 134000000,
    "weightedAverageShsOutDil": 136000000,
    "link": "https://www.sec.gov/Archives/edgar/data/1022079/000102207920000160/0001022079-20-000160-index.htm",
    "finalLink": "https://www.sec.gov/Archives/edgar/data/1022079/000102207920000160/dgx-20200630.htm"
  },
  {
    "date": "2020-03-31",
    "symbol": "DGX",
    "reportedCurrency": "USD",
    "cik": "0001022079",
    "fillingDate": "2020-05-04",
    "acceptedDate": "2020-05-04 16:21:03",
    "calendarYear": "2020",
    "period": "Q1",
    "revenue": 1822000000,
    "costOfRevenue": 1270000000,
    "grossProfit": 552000000,
    "grossProfitRatio": 0.3029637761,
    "researchAndDevelopmentExpenses": 0,
    "generalAndAdministrativeExpenses": 347000000,
    "sellingAndMarketingExpenses": 0,
    "sellingGeneralAndAdministrativeExpenses": 347000000,
    "otherExpenses": 30000000,
    "operatingExpenses": 377000000,
    "costAndExpenses": 1647000000,
    "interestIncome": 1000000,
    "interestExpense": 42000000,
    "depreciationAndAmortization": 85000000,
    "ebitda": 245000000,
    "ebitdaratio": 0.134467618,
    "operatingIncome": 175000000,
    "operatingIncomeRatio": 0.0960482986,
    "totalOtherIncomeExpensesNet": -43000000,
    "incomeBeforeTax": 132000000,
    "incomeBeforeTaxRatio": 0.0724478595,
    "incomeTaxExpense": 26000000,
    "netIncome": 99000000,
    "netIncomeRatio": 0.0543358946,
    "eps": 0.74,
    "epsdiluted": 0.73,
    "weightedAverageShsOut": 134000000,
    "weightedAverageShsOutDil": 135000000,
    "link": "https://www.sec.gov/Archives/edgar/data/1022079/000102207920000107/0001022079-20-000107-index.htm",
    "finalLink": "https://www.sec.gov/Archives/edgar/data/1022079/000102207920000107/dgx0331202010-q.htm"
  },
  {
    "date": "2019-12-31",
    "symbol": "DGX",
    "reportedCurrency": "USD",
    "cik": "0001022079",
    "fillingDate": "2020-02-20",
    "acceptedDate": "2020-02-20 16:45:36",
    "calendarYear": "2019",
    "period": "Q4",
    "revenue": 1926000000,
    "costOfRevenue": 1264000000,
    "grossProfit": 662000000,
    "grossProfitRatio": 0.3437175493,
    "researchAndDevelopmentExpenses": 0,
    "generalAndAdministrativeExpenses": 349000000,
    "sellingAndMarketingExpenses": 0,
    "sellingGeneralAndAdministrativeExpenses": 349000000,
    "otherExpenses": 7000000,
    "operatingExpenses": 299000000,
    "costAndExpenses": 1563000000,
    "interestIncome": 2000000,
    "interestExpense": 44000000,
    "depreciationAndAmortization": 82000000,
    "ebitda": 454000000,
    "ebitdaratio": 0.235721703,
    "operatingIncome": 363000000,
    "operatingIncomeRatio": 0.1884735202,
    "totalOtherIncomeExpensesNet": -35000000,
    "incomeBeforeTax": 328000000,
    "incomeBeforeTaxRatio": 0.1703011423,
    "incomeTaxExpense": 72000000,
    "netIncome": 253000000,
    "netIncomeRatio": 0.1313603323,
    "eps": 1.88,
    "epsdiluted": 1.86,
    "weightedAverageShsOut": 134000000,
    "weightedAverageShsOutDil": 136000000,
    "link": "https://www.sec.gov/Archives/edgar/data/1022079/000102207920000017/0001022079-20-000017-index.htm",
    "finalLink": "https://www.sec.gov/Archives/edgar/data/1022079/000102207920000017/dgx1231201910-k.htm"
  },
  {
    "date": "2019-09-30",
    "symbol": "DGX",
    "reportedCurrency": "USD",
    "cik": "0001022079",
    "fillingDate": "2019-10-23",
    "acceptedDate": "2019-10-23 16:27:34",
    "calendarYear": "2019",
    "period": "Q3",
    "revenue": 1956000000,
    "costOfRevenue": 1264000000,
    "grossProfit": 692000000,
    "grossProfitRatio": 0.3537832311,
    "researchAndDevelopmentExpenses": 0,
    "generalAndAdministrativeExpenses": 362000000,
    "sellingAndMarketingExpenses": 0,
    "sellingGeneralAndAdministrativeExpenses": 362000000,
    "otherExpenses": 1000000,
    "operatingExpenses": 379000000,
    "costAndExpenses": 1643000000,
    "interestIncome": 1000000,
    "interestExpense": 45000000,
    "depreciationAndAmortization": 82000000,
    "ebitda": 397000000,
    "ebitdaratio": 0.2029652352,
    "operatingIncome": 313000000,
    "operatingIncomeRatio": 0.1600204499,
    "totalOtherIncomeExpensesNet": -43000000,
    "incomeBeforeTax": 270000000,
    "incomeBeforeTaxRatio": 0.1380368098,
    "incomeTaxExpense": 62000000,
    "netIncome": 214000000,
    "netIncomeRatio": 0.109406953,
    "eps": 1.59,
    "epsdiluted": 1.56,
    "weightedAverageShsOut": 135000000,
    "weightedAverageShsOutDil": 137000000,
    "link": "https://www.sec.gov/Archives/edgar/data/1022079/000102207919000183/0001022079-19-000183-index.htm",
    "finalLink": "https://www.sec.gov/Archives/edgar/data/1022079/000102207919000183/dgx0930201910-q.htm"
  },
  {
    "date": "2019-06-30",
    "symbol": "DGX",
    "reportedCurrency": "USD",
    "cik": "0001022079",
    "fillingDate": "2019-07-24",
    "acceptedDate": "2019-07-24 16:43:48",
    "calendarYear": "2019",
    "period": "Q2",
    "revenue": 1953000000,
    "costOfRevenue": 1265000000,
    "grossProfit": 688000000,
    "grossProfitRatio": 0.3522785458,
    "researchAndDevelopmentExpenses": 0,
    "generalAndAdministrativeExpenses": 362000000,
    "sellingAndMarketingExpenses": 0,
    "sellingGeneralAndAdministrativeExpenses": 362000000,
    "otherExpenses": 3000000,
    "operatingExpenses": 381000000,
    "costAndExpenses": 1646000000,
    "interestIncome": 1000000,
    "interestExpense": 46000000,
    "depreciationAndAmortization": 81000000,
    "ebitda": 392000000,
    "ebitdaratio": 0.2007168459,
    "operatingIncome": 307000000,
    "operatingIncomeRatio": 0.1571940604,
    "totalOtherIncomeExpensesNet": -42000000,
    "incomeBeforeTax": 265000000,
    "incomeBeforeTaxRatio": 0.1356886841,
    "incomeTaxExpense": 63000000,
    "netIncome": 206000000,
    "netIncomeRatio": 0.1054787506,
    "eps": 1.67,
    "epsdiluted": 1.66,
    "weightedAverageShsOut": 135000000,
    "weightedAverageShsOutDil": 136000000,
    "link": "https://www.sec.gov/Archives/edgar/data/1022079/000102207919000166/0001022079-19-000166-index.htm",
    "finalLink": "https://www.sec.gov/Archives/edgar/data/1022079/000102207919000166/dgx0630201910-q.htm"
  },
  {
    "date": "2019-03-31",
    "symbol": "DGX",
    "reportedCurrency": "USD",
    "cik": "0001022079",
    "fillingDate": "2019-04-24",
    "acceptedDate": "2019-04-24 16:36:47",
    "calendarYear": "2019",
    "period": "Q1",
    "revenue": 1891000000,
    "costOfRevenue": 1244000000,
    "grossProfit": 647000000,
    "grossProfitRatio": 0.3421470122,
    "researchAndDevelopmentExpenses": 0,
    "generalAndAdministrativeExpenses": 384000000,
    "sellingAndMarketingExpenses": 0,
    "sellingGeneralAndAdministrativeExpenses": 384000000,
    "otherExpenses": 9000000,
    "operatingExpenses": 399000000,
    "costAndExpenses": 1643000000,
    "interestIncome": 1000000,
    "interestExpense": 45000000,
    "depreciationAndAmortization": 84000000,
    "ebitda": 342000000,
    "ebitdaratio": 0.1808566896,
    "operatingIncome": 248000000,
    "operatingIncomeRatio": 0.131147541,
    "totalOtherIncomeExpensesNet": -35000000,
    "incomeBeforeTax": 213000000,
    "incomeBeforeTaxRatio": 0.1126388154,
    "incomeTaxExpense": 50000000,
    "netIncome": 163000000,
    "netIncomeRatio": 0.086197779,
    "eps": 1.22,
    "epsdiluted": 1.2,
    "weightedAverageShsOut": 134000000,
    "weightedAverageShsOutDil": 136000000,
    "link": "https://www.sec.gov/Archives/edgar/data/1022079/000102207919000118/0001022079-19-000118-index.htm",
    "finalLink": "https://www.sec.gov/Archives/edgar/data/1022079/000102207919000118/dgx0331201910-q.htm"
  },
  {
    "date": "2018-12-31",
    "symbol": "DGX",
    "reportedCurrency": "USD",
    "cik": "0001022079",
    "fillingDate": "2019-02-21",
    "acceptedDate": "2019-02-21 16:15:34",
    "calendarYear": "2018",
    "period": "Q4",
    "revenue": 1839000000,
    "costOfRevenue": 1235000000,
    "grossProfit": 604000000,
    "grossProfitRatio": 0.3284393692,
    "researchAndDevelopmentExpenses": 0,
    "generalAndAdministrativeExpenses": 356000000,
    "sellingAndMarketingExpenses": 0,
    "sellingGeneralAndAdministrativeExpenses": 356000000,
    "otherExpenses": -10000000,
    "operatingExpenses": 380000000,
    "costAndExpenses": 1615000000,
    "interestIncome": 0,
    "interestExpense": 43000000,
    "depreciationAndAmortization": 81000000,
    "ebitda": 287000000,
    "ebitdaratio": 0.1560630778,
    "operatingIncome": 220000000,
    "operatingIncomeRatio": 0.1196302338,
    "totalOtherIncomeExpensesNet": -53000000,
    "incomeBeforeTax": 167000000,
    "incomeBeforeTaxRatio": 0.0908102229,
    "incomeTaxExpense": 40000000,
    "netIncome": 126000000,
    "netIncomeRatio": 0.0685154976,
    "eps": 0.93,
    "epsdiluted": 0.92,
    "weightedAverageShsOut": 136000000,
    "weightedAverageShsOutDil": 137000000,
    "link": "https://www.sec.gov/Archives/edgar/data/1022079/000102207919000030/0001022079-19-000030-index.htm",
    "finalLink": "https://www.sec.gov/Archives/edgar/data/1022079/000102207919000030/dgx1231201810-k.htm"
  },
  {
    "date": "2018-09-30",
    "symbol": "DGX",
    "reportedCurrency": "USD",
    "cik": "0001022079",
    "fillingDate": "2018-10-24",
    "acceptedDate": "2018-10-24 16:21:32",
    "calendarYear": "2018",
    "period": "Q3",
    "revenue": 1889000000,
    "costOfRevenue": 1222000000,
    "grossProfit": 667000000,
    "grossProfitRatio": 0.3530968767,
    "researchAndDevelopmentExpenses": 0,
    "generalAndAdministrativeExpenses": 354000000,
    "sellingAndMarketingExpenses": 0,
    "sellingGeneralAndAdministrativeExpenses": 354000000,
    "otherExpenses": 3000000,
    "operatingExpenses": 363000000,
    "costAndExpenses": 1585000000,
    "interestIncome": 1000000,
    "interestExpense": 42000000,
    "depreciationAndAmortization": 77000000,
    "ebitda": 384000000,
    "ebitdaratio": 0.2032821599,
    "operatingIncome": 304000000,
    "operatingIncomeRatio": 0.1609317099,
    "totalOtherIncomeExpensesNet": -38000000,
    "incomeBeforeTax": 266000000,
    "incomeBeforeTaxRatio": 0.1408152462,
    "incomeTaxExpense": 48000000,
    "netIncome": 212000000,
    "netIncomeRatio": 0.1122286924,
    "eps": 1.56,
    "epsdiluted": 1.53,
    "weightedAverageShsOut": 136000000,
    "weightedAverageShsOutDil": 139000000,
    "link": "https://www.sec.gov/Archives/edgar/data/1022079/000102207918000180/0001022079-18-000180-index.htm",
    "finalLink": "https://www.sec.gov/Archives/edgar/data/1022079/000102207918000180/dgx0930201810-q.htm"
  },
  {
    "date": "2018-06-30",
    "symbol": "DGX",
    "reportedCurrency": "USD",
    "cik": "0001022079",
    "fillingDate": "2018-07-25",
    "acceptedDate": "2018-07-25 16:46:07",
    "calendarYear": "2018",
    "period": "Q2",
    "revenue": 1919000000,
    "costOfRevenue": 1243000000,
    "grossProfit": 676000000,
    "grossProfitRatio": 0.3522668056,
    "researchAndDevelopmentExpenses": 0,
    "generalAndAdministrativeExpenses": 351000000,
    "sellingAndMarketingExpenses": 0,
    "sellingGeneralAndAdministrativeExpenses": 351000000,
    "otherExpenses": 1000000,
    "operatingExpenses": 371000000,
    "costAndExpenses": 1614000000,
    "interestIncome": 1000000,
    "interestExpense": 43000000,
    "depreciationAndAmortization": 77000000,
    "ebitda": 384000000,
    "ebitdaratio": 0.2001042209,
    "operatingIncome": 305000000,
    "operatingIncomeRatio": 0.1589369463,
    "totalOtherIncomeExpensesNet": -41000000,
    "incomeBeforeTax": 264000000,
    "incomeBeforeTaxRatio": 0.1375716519,
    "incomeTaxExpense": 42000000,
    "netIncome": 219000000,
    "netIncomeRatio": 0.1141219385,
    "eps": 1.6,
    "epsdiluted": 1.57,
    "weightedAverageShsOut": 136000000,
    "weightedAverageShsOutDil": 139000000,
    "link": "https://www.sec.gov/Archives/edgar/data/1022079/000102207918000163/0001022079-18-000163-index.htm",
    "finalLink": "https://www.sec.gov/Archives/edgar/data/1022079/000102207918000163/dgx0630201810-q.htm"
  },
  {
    "date": "2018-03-31",
    "symbol": "DGX",
    "reportedCurrency": "USD",
    "cik": "0001022079",
    "fillingDate": "2018-04-20",
    "acceptedDate": "2018-04-20 09:09:12",
    "calendarYear": "2018",
    "period": "Q1",
    "revenue": 1884000000,
    "costOfRevenue": 1226000000,
    "grossProfit": 658000000,
    "grossProfitRatio": 0.3492569002,
    "researchAndDevelopmentExpenses": 0,
    "generalAndAdministrativeExpenses": 363000000,
    "sellingAndMarketingExpenses": 0,
    "sellingGeneralAndAdministrativeExpenses": 363000000,
    "otherExpenses": -2000000,
    "operatingExpenses": 386000000,
    "costAndExpenses": 1612000000,
    "interestIncome": 0,
    "interestExpense": 41000000,
    "depreciationAndAmortization": 74000000,
    "ebitda": 344000000,
    "ebitdaratio": 0.1825902335,
    "operatingIncome": 272000000,
    "operatingIncomeRatio": 0.144373673,
    "totalOtherIncomeExpensesNet": -43000000,
    "incomeBeforeTax": 229000000,
    "incomeBeforeTaxRatio": 0.1215498938,
    "incomeTaxExpense": 52000000,
    "netIncome": 176000000,
    "netIncomeRatio": 0.093418259,
    "eps": 1.3,
    "epsdiluted": 1.27,
    "weightedAverageShsOut": 136000000,
    "weightedAverageShsOutDil": 139000000,
    "link": "https://www.sec.gov/Archives/edgar/data/1022079/000102207918000106/0001022079-18-000106-index.htm",
    "finalLink": "https://www.sec.gov/Archives/edgar/data/1022079/000102207918000106/dgx0331201810-q.htm"
  },
  {
    "date": "2017-12-31",
    "symbol": "DGX",
    "reportedCurrency": "USD",
    "cik": "0001022079",
    "fillingDate": "2018-02-23",
    "acceptedDate": "2018-02-23 16:19:47",
    "calendarYear": "2017",
    "period": "Q4",
    "revenue": 1936000000,
    "costOfRevenue": 1194000000,
    "grossProfit": 742000000,
    "grossProfitRatio": 0.3832644628,
    "researchAndDevelopmentExpenses": 0,
    "generalAndAdministrativeExpenses": 453000000,
    "sellingAndMarketingExpenses": 0,
    "sellingGeneralAndAdministrativeExpenses": 453000000,
    "otherExpenses": 4000000,
    "operatingExpenses": 473000000,
    "costAndExpenses": 1667000000,
    "interestIncome": 0,
    "interestExpense": 39000000,
    "depreciationAndAmortization": 73000000,
    "ebitda": 347000000,
    "ebitdaratio": 0.1792355372,
    "operatingIncome": 269000000,
    "operatingIncomeRatio": 0.138946281,
    "totalOtherIncomeExpensesNet": -35000000,
    "incomeBeforeTax": 234000000,
    "incomeBeforeTaxRatio": 0.1208677686,
    "incomeTaxExpense": -23000000,
    "netIncome": 253000000,
    "netIncomeRatio": 0.1306818182,
    "eps": 1.86,
    "epsdiluted": 1.82,
    "weightedAverageShsOut": 136000000,
    "weightedAverageShsOutDil": 139000000,
    "link": "https://www.sec.gov/Archives/edgar/data/1022079/000102207918000038/0001022079-18-000038-index.htm",
    "finalLink": "https://www.sec.gov/Archives/edgar/data/1022079/000102207918000038/dgx1231201710-k.htm"
  },
  {
    "date": "2017-09-30",
    "symbol": "DGX",
    "reportedCurrency": "USD",
    "cik": "0001022079",
    "fillingDate": "2017-10-19",
    "acceptedDate": "2017-10-19 16:42:48",
    "calendarYear": "2017",
    "period": "Q3",
    "revenue": 1931000000,
    "costOfRevenue": 1190000000,
    "grossProfit": 741000000,
    "grossProfitRatio": 0.3837389953,
    "researchAndDevelopmentExpenses": 0,
    "generalAndAdministrativeExpenses": 423000000,
    "sellingAndMarketingExpenses": 0,
    "sellingGeneralAndAdministrativeExpenses": 423000000,
    "otherExpenses": -2000000,
    "operatingExpenses": 443000000,
    "costAndExpenses": 1633000000,
    "interestIncome": 1000000,
    "interestExpense": 39000000,
    "depreciationAndAmortization": 19000000,
    "ebitda": 366000000,
    "ebitdaratio": 0.1895390989,
    "operatingIncome": 298000000,
    "operatingIncomeRatio": 0.1543241844,
    "totalOtherIncomeExpensesNet": -40000000,
    "incomeBeforeTax": 258000000,
    "incomeBeforeTaxRatio": 0.1336095287,
    "incomeTaxExpense": 92000000,
    "netIncome": 160000000,
    "netIncomeRatio": 0.0828586225,
    "eps": 1.18,
    "epsdiluted": 1.15,
    "weightedAverageShsOut": 137000000,
    "weightedAverageShsOutDil": 140000000,
    "link": "https://www.sec.gov/Archives/edgar/data/1022079/000102207917000194/0001022079-17-000194-index.htm",
    "finalLink": "https://www.sec.gov/Archives/edgar/data/1022079/000102207917000194/dgx0930201710-q.htm"
  },
  {
    "date": "2017-06-30",
    "symbol": "DGX",
    "reportedCurrency": "USD",
    "cik": "0001022079",
    "fillingDate": "2017-07-25",
    "acceptedDate": "2017-07-25 16:45:51",
    "calendarYear": "2017",
    "period": "Q2",
    "revenue": 1943000000,
    "costOfRevenue": 1170000000,
    "grossProfit": 773000000,
    "grossProfitRatio": 0.3978383942,
    "researchAndDevelopmentExpenses": 0,
    "generalAndAdministrativeExpenses": 437000000,
    "sellingAndMarketingExpenses": 0,
    "sellingGeneralAndAdministrativeExpenses": 437000000,
    "otherExpenses": 11000000,
    "operatingExpenses": 454000000,
    "costAndExpenses": 1624000000,
    "interestIncome": 0,
    "interestExpense": 38000000,
    "depreciationAndAmortization": 66000000,
    "ebitda": 396000000,
    "ebitdaratio": 0.2038085435,
    "operatingIncome": 319000000,
    "operatingIncomeRatio": 0.1641791045,
    "totalOtherIncomeExpensesNet": -27000000,
    "incomeBeforeTax": 292000000,
    "incomeBeforeTaxRatio": 0.1502830674,
    "incomeTaxExpense": 94000000,
    "netIncome": 193000000,
    "netIncomeRatio": 0.0993309315,
    "eps": 1.4,
    "epsdiluted": 1.37,
    "weightedAverageShsOut": 137000000,
    "weightedAverageShsOutDil": 140000000,
    "link": "https://www.sec.gov/Archives/edgar/data/1022079/000102207917000159/0001022079-17-000159-index.htm",
    "finalLink": "https://www.sec.gov/Archives/edgar/data/1022079/000102207917000159/dgx0630201710-q.htm"
  },
  {
    "date": "2017-03-31",
    "symbol": "DGX",
    "reportedCurrency": "USD",
    "cik": "0001022079",
    "fillingDate": "2017-04-21",
    "acceptedDate": "2017-04-21 16:47:45",
    "calendarYear": "2017",
    "period": "Q1",
    "revenue": 1899000000,
    "costOfRevenue": 1165000000,
    "grossProfit": 734000000,
    "grossProfitRatio": 0.3865192206,
    "researchAndDevelopmentExpenses": 0,
    "generalAndAdministrativeExpenses": 437000000,
    "sellingAndMarketingExpenses": 0,
    "sellingGeneralAndAdministrativeExpenses": 437000000,
    "otherExpenses": 3000000,
    "operatingExpenses": 455000000,
    "costAndExpenses": 1620000000,
    "interestIncome": 1000000,
    "interestExpense": 37000000,
    "depreciationAndAmortization": 62000000,
    "ebitda": 345000000,
    "ebitdaratio": 0.1816745656,
    "operatingIncome": 279000000,
    "operatingIncomeRatio": 0.1469194313,
    "totalOtherIncomeExpensesNet": -51000000,
    "incomeBeforeTax": 246000000,
    "incomeBeforeTaxRatio": 0.1295418641,
    "incomeTaxExpense": 78000000,
    "netIncome": 163000000,
    "netIncomeRatio": 0.0858346498,
    "eps": 1.19,
    "epsdiluted": 1.16,
    "weightedAverageShsOut": 137000000,
    "weightedAverageShsOutDil": 141000000,
    "link": "https://www.sec.gov/Archives/edgar/data/1022079/000102207917000118/0001022079-17-000118-index.htm",
    "finalLink": "https://www.sec.gov/Archives/edgar/data/1022079/000102207917000118/dgx0331201710-q.htm"
  },
  {
    "date": "2016-12-31",
    "symbol": "DGX",
    "reportedCurrency": "USD",
    "cik": "0001022079",
    "fillingDate": "2017-02-22",
    "acceptedDate": "2017-02-22 16:11:38",
    "calendarYear": "2016",
    "period": "Q4",
    "revenue": 1861000000,
    "costOfRevenue": 1160000000,
    "grossProfit": 701000000,
    "grossProfitRatio": 0.3766792047,
    "researchAndDevelopmentExpenses": 0,
    "generalAndAdministrativeExpenses": 400000000,
    "sellingAndMarketingExpenses": 0,
    "sellingGeneralAndAdministrativeExpenses": 400000000,
    "otherExpenses": 2000000,
    "operatingExpenses": 425000000,
    "costAndExpenses": 1585000000,
    "interestIncome": 0,
    "interestExpense": 36000000,
    "depreciationAndAmortization": 63000000,
    "ebitda": 341000000,
    "ebitdaratio": 0.18323482,
    "operatingIncome": 276000000,
    "operatingIncomeRatio": 0.1483073616,
    "totalOtherIncomeExpensesNet": -34000000,
    "incomeBeforeTax": 242000000,
    "incomeBeforeTaxRatio": 0.1300376142,
    "incomeTaxExpense": 84000000,
    "netIncome": 155000000,
    "netIncomeRatio": 0.0832885545,
    "eps": 1.11,
    "epsdiluted": 1.09,
    "weightedAverageShsOut": 138000000,
    "weightedAverageShsOutDil": 141000000,
    "link": "https://www.sec.gov/Archives/edgar/data/1022079/000102207917000032/0001022079-17-000032-index.htm",
    "finalLink": "https://www.sec.gov/Archives/edgar/data/1022079/000102207917000032/dgx1231201610-k.htm"
  },
  {
    "date": "2016-09-30",
    "symbol": "DGX",
    "reportedCurrency": "USD",
    "cik": "0001022079",
    "fillingDate": "2016-10-21",
    "acceptedDate": "2016-10-21 16:23:33",
    "calendarYear": "2016",
    "period": "Q3",
    "revenue": 1885000000,
    "costOfRevenue": 1157000000,
    "grossProfit": 728000000,
    "grossProfitRatio": 0.3862068966,
    "researchAndDevelopmentExpenses": 0,
    "generalAndAdministrativeExpenses": 409000000,
    "sellingAndMarketingExpenses": 0,
    "sellingGeneralAndAdministrativeExpenses": 409000000,
    "otherExpenses": 0,
    "operatingExpenses": 406000000,
    "costAndExpenses": 1563000000,
    "interestIncome": 0,
    "interestExpense": 37000000,
    "depreciationAndAmortization": 63000000,
    "ebitda": 389000000,
    "ebitdaratio": 0.2063660477,
    "operatingIncome": 322000000,
    "operatingIncomeRatio": 0.1708222812,
    "totalOtherIncomeExpensesNet": -33000000,
    "incomeBeforeTax": 289000000,
    "incomeBeforeTaxRatio": 0.1533156499,
    "incomeTaxExpense": 95000000,
    "netIncome": 190000000,
    "netIncomeRatio": 0.100795756,
    "eps": 1.37,
    "epsdiluted": 1.34,
    "weightedAverageShsOut": 139000000,
    "weightedAverageShsOutDil": 142000000,
    "link": "https://www.sec.gov/Archives/edgar/data/1022079/000102207916000332/0001022079-16-000332-index.htm",
    "finalLink": "https://www.sec.gov/Archives/edgar/data/1022079/000102207916000332/dgx0930201610-q.htm"
  },
  {
    "date": "2016-06-30",
    "symbol": "DGX",
    "reportedCurrency": "USD",
    "cik": "0001022079",
    "fillingDate": "2016-07-25",
    "acceptedDate": "2016-07-25 06:52:16",
    "calendarYear": "2016",
    "period": "Q2",
    "revenue": 1906000000,
    "costOfRevenue": 1155000000,
    "grossProfit": 751000000,
    "grossProfitRatio": 0.3940188877,
    "researchAndDevelopmentExpenses": 0,
    "generalAndAdministrativeExpenses": 430000000,
    "sellingAndMarketingExpenses": 0,
    "sellingGeneralAndAdministrativeExpenses": 430000000,
    "otherExpenses": -5000000,
    "operatingExpenses": 447000000,
    "costAndExpenses": 1602000000,
    "interestIncome": 1000000,
    "interestExpense": 34000000,
    "depreciationAndAmortization": 61000000,
    "ebitda": 479000000,
    "ebitdaratio": 0.2513116474,
    "operatingIncome": 422000000,
    "operatingIncomeRatio": 0.221406086,
    "totalOtherIncomeExpensesNet": -39000000,
    "incomeBeforeTax": 383000000,
    "incomeBeforeTaxRatio": 0.2009443861,
    "incomeTaxExpense": 183000000,
    "netIncome": 194000000,
    "netIncomeRatio": 0.1017838405,
    "eps": 1.38,
    "epsdiluted": 1.37,
    "weightedAverageShsOut": 140000000,
    "weightedAverageShsOutDil": 142000000,
    "link": "https://www.sec.gov/Archives/edgar/data/1022079/000102207916000308/0001022079-16-000308-index.htm",
    "finalLink": "https://www.sec.gov/Archives/edgar/data/1022079/000102207916000308/dgx0630201610-q.htm"
  },
  {
    "date": "2016-03-31",
    "symbol": "DGX",
    "reportedCurrency": "USD",
    "cik": "0001022079",
    "fillingDate": "2016-04-27",
    "acceptedDate": "2016-04-27 16:25:51",
    "calendarYear": "2016",
    "period": "Q1",
    "revenue": 1863000000,
    "costOfRevenue": 1144000000,
    "grossProfit": 719000000,
    "grossProfitRatio": 0.3859366613,
    "researchAndDevelopmentExpenses": 0,
    "generalAndAdministrativeExpenses": 442000000,
    "sellingAndMarketingExpenses": 0,
    "sellingGeneralAndAdministrativeExpenses": 442000000,
    "otherExpenses": -49000000,
    "operatingExpenses": 462000000,
    "costAndExpenses": 1606000000,
    "interestIncome": 0,
    "interestExpense": 36000000,
    "depreciationAndAmortization": 62000000,
    "ebitda": 270000000,
    "ebitdaratio": 0.1449275362,
    "operatingIncome": 257000000,
    "operatingIncomeRatio": 0.1379495437,
    "totalOtherIncomeExpensesNet": -85000000,
    "incomeBeforeTax": 172000000,
    "incomeBeforeTaxRatio": 0.0923242083,
    "incomeTaxExpense": 68000000,
    "netIncome": 103000000,
    "netIncomeRatio": 0.0552871712,
    "eps": 0.71,
    "epsdiluted": 0.7,
    "weightedAverageShsOut": 143000000,
    "weightedAverageShsOutDil": 144000000,
    "link": "https://www.sec.gov/Archives/edgar/data/1022079/000102207916000254/0001022079-16-000254-index.htm",
    "finalLink": "https://www.sec.gov/Archives/edgar/data/1022079/000102207916000254/dgx0331201610-q.htm"
  },
  {
    "date": "2015-12-31",
    "symbol": "DGX",
    "reportedCurrency": "USD",
    "cik": "0001022079",
    "fillingDate": "2016-02-26",
    "acceptedDate": "2016-02-26 16:05:35",
    "calendarYear": "2015",
    "period": "Q4",
    "revenue": 1849000000,
    "costOfRevenue": 1150000000,
    "grossProfit": 699000000,
    "grossProfitRatio": 0.378042185,
    "researchAndDevelopmentExpenses": 0,
    "generalAndAdministrativeExpenses": 429000000,
    "sellingAndMarketingExpenses": 0,
    "sellingGeneralAndAdministrativeExpenses": 429000000,
    "otherExpenses": 3000000,
    "operatingExpenses": 460000000,
    "costAndExpenses": 1610000000,
    "interestIncome": 0,
    "interestExpense": 36000000,
    "depreciationAndAmortization": 74000000,
    "ebitda": 316000000,
    "ebitdaratio": 0.1709031909,
    "operatingIncome": 239000000,
    "operatingIncomeRatio": 0.129259059,
    "totalOtherIncomeExpensesNet": -33000000,
    "incomeBeforeTax": 206000000,
    "incomeBeforeTaxRatio": 0.1114115738,
    "incomeTaxExpense": 14000000,
    "netIncome": 188000000,
    "netIncomeRatio": 0.1016765819,
    "eps": 1.31,
    "epsdiluted": 1.29,
    "weightedAverageShsOut": 143000000,
    "weightedAverageShsOutDil": 144000000,
    "link": "https://www.sec.gov/Archives/edgar/data/1022079/000102207916000195/0001022079-16-000195-index.htm",
    "finalLink": "https://www.sec.gov/Archives/edgar/data/1022079/000102207916000195/dgx1231201510-k.htm"
  },
  {
    "date": "2015-09-30",
    "symbol": "DGX",
    "reportedCurrency": "USD",
    "cik": "0001022079",
    "fillingDate": "2015-10-29",
    "acceptedDate": "2015-10-29 16:13:00",
    "calendarYear": "2015",
    "period": "Q3",
    "revenue": 1880000000,
    "costOfRevenue": 1162000000,
    "grossProfit": 718000000,
    "grossProfitRatio": 0.3819148936,
    "researchAndDevelopmentExpenses": 0,
    "generalAndAdministrativeExpenses": 402000000,
    "sellingAndMarketingExpenses": 0,
    "sellingGeneralAndAdministrativeExpenses": 402000000,
    "otherExpenses": -4000000,
    "operatingExpenses": 421000000,
    "costAndExpenses": 1583000000,
    "interestIncome": 0,
    "interestExpense": 35000000,
    "depreciationAndAmortization": 77000000,
    "ebitda": 704000000,
    "ebitdaratio": 0.3744680851,
    "operatingIncome": 631000000,
    "operatingIncomeRatio": 0.3356382979,
    "totalOtherIncomeExpensesNet": -39000000,
    "incomeBeforeTax": 592000000,
    "incomeBeforeTaxRatio": 0.314893617,
    "incomeTaxExpense": 239000000,
    "netIncome": 340000000,
    "netIncomeRatio": 0.1808510638,
    "eps": 2.37,
    "epsdiluted": 2.35,
    "weightedAverageShsOut": 144000000,
    "weightedAverageShsOutDil": 145000000,
    "link": "https://www.sec.gov/Archives/edgar/data/1022079/000102207915000152/0001022079-15-000152-index.htm",
    "finalLink": "https://www.sec.gov/Archives/edgar/data/1022079/000102207915000152/dgx0930201510-q.htm"
  },
  {
    "date": "2015-06-30",
    "symbol": "DGX",
    "reportedCurrency": "USD",
    "cik": "0001022079",
    "fillingDate": "2015-07-30",
    "acceptedDate": "2015-07-30 16:26:07",
    "calendarYear": "2015",
    "period": "Q2",
    "revenue": 1925000000,
    "costOfRevenue": 1182000000,
    "grossProfit": 743000000,
    "grossProfitRatio": 0.385974026,
    "researchAndDevelopmentExpenses": 0,
    "generalAndAdministrativeExpenses": 429000000,
    "sellingAndMarketingExpenses": 0,
    "sellingGeneralAndAdministrativeExpenses": 429000000,
    "otherExpenses": -64000000,
    "operatingExpenses": 442000000,
    "costAndExpenses": 1624000000,
    "interestIncome": 0,
    "interestExpense": 37000000,
    "depreciationAndAmortization": 75000000,
    "ebitda": 312000000,
    "ebitdaratio": 0.1620779221,
    "operatingIncome": 301000000,
    "operatingIncomeRatio": 0.1563636364,
    "totalOtherIncomeExpensesNet": -94000000,
    "incomeBeforeTax": 207000000,
    "incomeBeforeTaxRatio": 0.1075324675,
    "incomeTaxExpense": 78000000,
    "netIncome": 117000000,
    "netIncomeRatio": 0.0607792208,
    "eps": 0.82,
    "epsdiluted": 0.81,
    "weightedAverageShsOut": 144000000,
    "weightedAverageShsOutDil": 145000000,
    "link": "https://www.sec.gov/Archives/edgar/data/1022079/000102207915000127/0001022079-15-000127-index.htm",
    "finalLink": "https://www.sec.gov/Archives/edgar/data/1022079/000102207915000127/dgx0630201510-q.htm"
  },
  {
    "date": "2015-03-31",
    "symbol": "DGX",
    "reportedCurrency": "USD",
    "cik": "0001022079",
    "fillingDate": "2015-04-30",
    "acceptedDate": "2015-04-30 16:55:59",
    "calendarYear": "2015",
    "period": "Q1",
    "revenue": 1839000000,
    "costOfRevenue": 1163000000,
    "grossProfit": 676000000,
    "grossProfitRatio": 0.3675910821,
    "researchAndDevelopmentExpenses": 0,
    "generalAndAdministrativeExpenses": 419000000,
    "sellingAndMarketingExpenses": 0,
    "sellingGeneralAndAdministrativeExpenses": 419000000,
    "otherExpenses": -78000000,
    "operatingExpenses": 448000000,
    "costAndExpenses": 1611000000,
    "interestIncome": 0,
    "interestExpense": 45000000,
    "depreciationAndAmortization": 78000000,
    "ebitda": 228000000,
    "ebitdaratio": 0.1239804241,
    "operatingIncome": 228000000,
    "operatingIncomeRatio": 0.1239804241,
    "totalOtherIncomeExpensesNet": -116000000,
    "incomeBeforeTax": 112000000,
    "incomeBeforeTaxRatio": 0.0609026645,
    "incomeTaxExpense": 42000000,
    "netIncome": 61000000,
    "netIncomeRatio": 0.0331702012,
    "eps": 0.42,
    "epsdiluted": 0.42,
    "weightedAverageShsOut": 144000000,
    "weightedAverageShsOutDil": 146000000,
    "link": "https://www.sec.gov/Archives/edgar/data/1022079/000102207915000069/0001022079-15-000069-index.htm",
    "finalLink": "https://www.sec.gov/Archives/edgar/data/1022079/000102207915000069/dgx0331201510-q.htm"
  },
  {
    "date": "2014-12-31",
    "symbol": "DGX",
    "reportedCurrency": "USD",
    "cik": "0001022079",
    "fillingDate": "2015-02-24",
    "acceptedDate": "2015-02-24 16:33:19",
    "calendarYear": "2014",
    "period": "Q4",
    "revenue": 1883000000,
    "costOfRevenue": 1184000000,
    "grossProfit": 699000000,
    "grossProfitRatio": 0.3712161445,
    "researchAndDevelopmentExpenses": 0,
    "generalAndAdministrativeExpenses": 427000000,
    "sellingAndMarketingExpenses": 0,
    "sellingGeneralAndAdministrativeExpenses": 427000000,
    "otherExpenses": 1000000,
    "operatingExpenses": 442000000,
    "costAndExpenses": 1626000000,
    "interestIncome": 1000000,
    "interestExpense": 42000000,
    "depreciationAndAmortization": 79000000,
    "ebitda": 345000000,
    "ebitdaratio": 0.1832182687,
    "operatingIncome": 257000000,
    "operatingIncomeRatio": 0.1364843335,
    "totalOtherIncomeExpensesNet": -34000000,
    "incomeBeforeTax": 223000000,
    "incomeBeforeTaxRatio": 0.1184280404,
    "incomeTaxExpense": 28000000,
    "netIncome": 190000000,
    "netIncomeRatio": 0.1009028147,
    "eps": 1.3,
    "epsdiluted": 1.29,
    "weightedAverageShsOut": 145000000,
    "weightedAverageShsOutDil": 146000000,
    "link": "https://www.sec.gov/Archives/edgar/data/1022079/000102207915000034/0001022079-15-000034-index.htm",
    "finalLink": "https://www.sec.gov/Archives/edgar/data/1022079/000102207915000034/dgx1231201410-k.htm"
  },
  {
    "date": "2014-09-30",
    "symbol": "DGX",
    "reportedCurrency": "USD",
    "cik": "0001022079",
    "fillingDate": "2014-10-30",
    "acceptedDate": "2014-10-30 16:35:52",
    "calendarYear": "2014",
    "period": "Q3",
    "revenue": 1904000000,
    "costOfRevenue": 1178000000,
    "grossProfit": 726000000,
    "grossProfitRatio": 0.381302521,
    "researchAndDevelopmentExpenses": 0,
    "generalAndAdministrativeExpenses": 446000000,
    "sellingAndMarketingExpenses": 0,
    "sellingGeneralAndAdministrativeExpenses": 446000000,
    "otherExpenses": -1000000,
    "operatingExpenses": 470000000,
    "costAndExpenses": 1648000000,
    "interestIncome": 1000000,
    "interestExpense": 41000000,
    "depreciationAndAmortization": 79000000,
    "ebitda": 335000000,
    "ebitdaratio": 0.1759453782,
    "operatingIncome": 256000000,
    "operatingIncomeRatio": 0.1344537815,
    "totalOtherIncomeExpensesNet": -35000000,
    "incomeBeforeTax": 221000000,
    "incomeBeforeTaxRatio": 0.1160714286,
    "incomeTaxExpense": 82000000,
    "netIncome": 128000000,
    "netIncomeRatio": 0.0672268908,
    "eps": 0.89,
    "epsdiluted": 0.88,
    "weightedAverageShsOut": 145000000,
    "weightedAverageShsOutDil": 145000000,
    "link": "https://www.sec.gov/Archives/edgar/data/1022079/000102207914000052/0001022079-14-000052-index.htm",
    "finalLink": "https://www.sec.gov/Archives/edgar/data/1022079/000102207914000052/dgx0930201410-q.htm"
  },
  {
    "date": "2014-06-30",
    "symbol": "DGX",
    "reportedCurrency": "USD",
    "cik": "0001022079",
    "fillingDate": "2014-07-31",
    "acceptedDate": "2014-07-31 16:42:40",
    "calendarYear": "2014",
    "period": "Q2",
    "revenue": 1902000000,
    "costOfRevenue": 1174000000,
    "grossProfit": 728000000,
    "grossProfitRatio": 0.3827549947,
    "researchAndDevelopmentExpenses": 0,
    "generalAndAdministrativeExpenses": 440000000,
    "sellingAndMarketingExpenses": 0,
    "sellingGeneralAndAdministrativeExpenses": 440000000,
    "otherExpenses": 3000000,
    "operatingExpenses": 466000000,
    "costAndExpenses": 1640000000,
    "interestIncome": 0,
    "interestExpense": 42000000,
    "depreciationAndAmortization": 81000000,
    "ebitda": 352000000,
    "ebitdaratio": 0.1850683491,
    "operatingIncome": 262000000,
    "operatingIncomeRatio": 0.1377497371,
    "totalOtherIncomeExpensesNet": -33000000,
    "incomeBeforeTax": 229000000,
    "incomeBeforeTaxRatio": 0.1203995794,
    "incomeTaxExpense": 87000000,
    "netIncome": 133000000,
    "netIncomeRatio": 0.0699263933,
    "eps": 0.92,
    "epsdiluted": 0.92,
    "weightedAverageShsOut": 144000000,
    "weightedAverageShsOutDil": 145000000,
    "link": "https://www.sec.gov/Archives/edgar/data/1022079/000102207914000043/0001022079-14-000043-index.htm",
    "finalLink": "https://www.sec.gov/Archives/edgar/data/1022079/000102207914000043/dgx0630201410-q.htm"
  },
  {
    "date": "2014-03-31",
    "symbol": "DGX",
    "reportedCurrency": "USD",
    "cik": "0001022079",
    "fillingDate": "2014-05-01",
    "acceptedDate": "2014-05-01 17:16:44",
    "calendarYear": "2014",
    "period": "Q1",
    "revenue": 1746000000,
    "costOfRevenue": 1101000000,
    "grossProfit": 645000000,
    "grossProfitRatio": 0.3694158076,
    "researchAndDevelopmentExpenses": 0,
    "generalAndAdministrativeExpenses": 415000000,
    "sellingAndMarketingExpenses": 0,
    "sellingGeneralAndAdministrativeExpenses": 415000000,
    "otherExpenses": 1000000,
    "operatingExpenses": 437000000,
    "costAndExpenses": 1538000000,
    "interestIncome": 1000000,
    "interestExpense": 39000000,
    "depreciationAndAmortization": 75000000,
    "ebitda": 291000000,
    "ebitdaratio": 0.1666666667,
    "operatingIncome": 208000000,
    "operatingIncomeRatio": 0.1191294387,
    "totalOtherIncomeExpensesNet": -32000000,
    "incomeBeforeTax": 176000000,
    "incomeBeforeTaxRatio": 0.1008018328,
    "incomeTaxExpense": 65000000,
    "netIncome": 103000000,
    "netIncomeRatio": 0.0589919817,
    "eps": 0.72,
    "epsdiluted": 0.71,
    "weightedAverageShsOut": 144000000,
    "weightedAverageShsOutDil": 145000000,
    "link": "https://www.sec.gov/Archives/edgar/data/1022079/000102207914000021/0001022079-14-000021-index.htm",
    "finalLink": "https://www.sec.gov/Archives/edgar/data/1022079/000102207914000021/dgx0331201410-q.htm"
  },
  {
    "date": "2013-12-31",
    "symbol": "DGX",
    "reportedCurrency": "USD",
    "cik": "0001022079",
    "fillingDate": "2014-02-18",
    "acceptedDate": "2014-02-18 08:04:30",
    "calendarYear": "2013",
    "period": "Q4",
    "revenue": 1756000000,
    "costOfRevenue": 1051000000,
    "grossProfit": 705000000,
    "grossProfitRatio": 0.4014806378,
    "researchAndDevelopmentExpenses": 0,
    "generalAndAdministrativeExpenses": 414630000,
    "sellingAndMarketingExpenses": 370000,
    "sellingGeneralAndAdministrativeExpenses": 415000000,
    "otherExpenses": 1000000,
    "operatingExpenses": 435000000,
    "costAndExpenses": 1486000000,
    "interestIncome": 1032000,
    "interestExpense": 39000000,
    "depreciationAndAmortization": 72000000,
    "ebitda": 349983000,
    "ebitdaratio": 0.1993069476,
    "operatingIncome": 270000000,
    "operatingIncomeRatio": 0.1537585421,
    "totalOtherIncomeExpensesNet": -32120000,
    "incomeBeforeTax": 238000000,
    "incomeBeforeTaxRatio": 0.1355353075,
    "incomeTaxExpense": 87000000,
    "netIncome": 142020000,
    "netIncomeRatio": 0.0808769932,
    "eps": 0.97,
    "epsdiluted": 0.97,
    "weightedAverageShsOut": 146000000,
    "weightedAverageShsOutDil": 146000000,
    "link": "https://www.sec.gov/Archives/edgar/data/1022079/000102207914000013/0001022079-14-000013-index.htm",
    "finalLink": "https://www.sec.gov/Archives/edgar/data/1022079/000102207914000013/dgx1231201310-k.htm"
  },
  {
    "date": "2013-09-30",
    "symbol": "DGX",
    "reportedCurrency": "USD",
    "cik": "0001022079",
    "fillingDate": "2013-10-24",
    "acceptedDate": "2013-10-24 16:23:45",
    "calendarYear": "2013",
    "period": "Q3",
    "revenue": 1787100000,
    "costOfRevenue": 1088500000,
    "grossProfit": 698600000,
    "grossProfitRatio": 0.3909126518,
    "researchAndDevelopmentExpenses": 0,
    "generalAndAdministrativeExpenses": 422963000,
    "sellingAndMarketingExpenses": 37000,
    "sellingGeneralAndAdministrativeExpenses": 423000000,
    "otherExpenses": 3000000,
    "operatingExpenses": 483200000,
    "costAndExpenses": 1571700000,
    "interestIncome": 689000,
    "interestExpense": 40000000,
    "depreciationAndAmortization": 69000000,
    "ebitda": 767000000,
    "ebitdaratio": 0.4291869509,
    "operatingIncome": 689500000,
    "operatingIncomeRatio": 0.3858206032,
    "totalOtherIncomeExpensesNet": -32477000,
    "incomeBeforeTax": 657400000,
    "incomeBeforeTaxRatio": 0.3678585418,
    "incomeTaxExpense": 245900000,
    "netIncome": 404000000,
    "netIncomeRatio": 0.2260645739,
    "eps": 2.7,
    "epsdiluted": 2.68,
    "weightedAverageShsOut": 149600000,
    "weightedAverageShsOutDil": 150900000,
    "link": "https://www.sec.gov/Archives/edgar/data/1022079/000102207913000078/0001022079-13-000078-index.htm",
    "finalLink": "https://www.sec.gov/Archives/edgar/data/1022079/000102207913000078/dgx0930201310-q.htm"
  },
  {
    "date": "2013-06-30",
    "symbol": "DGX",
    "reportedCurrency": "USD",
    "cik": "0001022079",
    "fillingDate": "2013-07-25",
    "acceptedDate": "2013-07-25 17:07:20",
    "calendarYear": "2013",
    "period": "Q2",
    "revenue": 1815700000,
    "costOfRevenue": 1093700000,
    "grossProfit": 722000000,
    "grossProfitRatio": 0.3976427824,
    "researchAndDevelopmentExpenses": 0,
    "generalAndAdministrativeExpenses": 418548000,
    "sellingAndMarketingExpenses": -48000,
    "sellingGeneralAndAdministrativeExpenses": 418500000,
    "otherExpenses": 300000,
    "operatingExpenses": 433300000,
    "costAndExpenses": 1527000000,
    "interestIncome": 658000,
    "interestExpense": 39900000,
    "depreciationAndAmortization": 71800000,
    "ebitda": 368000000,
    "ebitdaratio": 0.2026766536,
    "operatingIncome": 288700000,
    "operatingIncomeRatio": 0.1590020378,
    "totalOtherIncomeExpensesNet": -33000000,
    "incomeBeforeTax": 256400000,
    "incomeBeforeTaxRatio": 0.1412127554,
    "incomeTaxExpense": 94500000,
    "netIncome": 165000000,
    "netIncomeRatio": 0.0908740431,
    "eps": 1.07,
    "epsdiluted": 1.07,
    "weightedAverageShsOut": 152700000,
    "weightedAverageShsOutDil": 154100000,
    "link": "https://www.sec.gov/Archives/edgar/data/1022079/000102207913000057/0001022079-13-000057-index.htm",
    "finalLink": "https://www.sec.gov/Archives/edgar/data/1022079/000102207913000057/dgx0630201310-q.htm"
  },
  {
    "date": "2013-03-31",
    "symbol": "DGX",
    "reportedCurrency": "USD",
    "cik": "0001022079",
    "fillingDate": "2013-04-24",
    "acceptedDate": "2013-04-24 16:34:40",
    "calendarYear": "2013",
    "period": "Q1",
    "revenue": 1786600000,
    "costOfRevenue": 1091800000,
    "grossProfit": 694800000,
    "grossProfitRatio": 0.388895108,
    "researchAndDevelopmentExpenses": 0,
    "generalAndAdministrativeExpenses": 447869000,
    "sellingAndMarketingExpenses": 31000,
    "sellingGeneralAndAdministrativeExpenses": 447900000,
    "otherExpenses": 3400000,
    "operatingExpenses": 467800000,
    "costAndExpenses": 1559600000,
    "interestIncome": 621000,
    "interestExpense": 39900000,
    "depreciationAndAmortization": 70200000,
    "ebitda": 308000000,
    "ebitdaratio": 0.1723944923,
    "operatingIncome": 227000000,
    "operatingIncomeRatio": 0.1270569797,
    "totalOtherIncomeExpensesNet": -30000000,
    "incomeBeforeTax": 196600000,
    "incomeBeforeTaxRatio": 0.1100414195,
    "incomeTaxExpense": 73300000,
    "netIncome": 135000000,
    "netIncomeRatio": 0.075562521,
    "eps": 0.86,
    "epsdiluted": 0.85,
    "weightedAverageShsOut": 158100000,
    "weightedAverageShsOutDil": 159400000,
    "link": "https://www.sec.gov/Archives/edgar/data/1022079/000102207913000024/0001022079-13-000024-index.htm",
    "finalLink": "https://www.sec.gov/Archives/edgar/data/1022079/000102207913000024/dgx0331201310-q.htm"
  },
  {
    "date": "2012-12-31",
    "symbol": "DGX",
    "reportedCurrency": "USD",
    "cik": "0001022079",
    "fillingDate": "2013-02-27",
    "acceptedDate": "2013-02-27 16:38:49",
    "calendarYear": "2012",
    "period": "Q4",
    "revenue": 1773800000,
    "costOfRevenue": 1072600000,
    "grossProfit": 701200000,
    "grossProfitRatio": 0.395309505,
    "researchAndDevelopmentExpenses": 0,
    "generalAndAdministrativeExpenses": 371144000,
    "sellingAndMarketingExpenses": 49856000,
    "sellingGeneralAndAdministrativeExpenses": 421000000,
    "otherExpenses": 600000,
    "operatingExpenses": 436200000,
    "costAndExpenses": 1508800000,
    "interestIncome": 991000,
    "interestExpense": 40000000,
    "depreciationAndAmortization": 71300000,
    "ebitda": 336689000,
    "ebitdaratio": 0.1898122674,
    "operatingIncome": 265000000,
    "operatingIncomeRatio": 0.1493967753,
    "totalOtherIncomeExpensesNet": -32715000,
    "incomeBeforeTax": 231600000,
    "incomeBeforeTaxRatio": 0.130567144,
    "incomeTaxExpense": 81600000,
    "netIncome": 55816000,
    "netIncomeRatio": 0.0314669072,
    "eps": 0.35,
    "epsdiluted": 0.34,
    "weightedAverageShsOut": 158700000,
    "weightedAverageShsOutDil": 160100000,
    "link": "https://www.sec.gov/Archives/edgar/data/1022079/000102207913000014/0001022079-13-000014-index.htm",
    "finalLink": "https://www.sec.gov/Archives/edgar/data/1022079/000102207913000014/dgx1231201210-k.htm"
  },
  {
    "date": "2012-09-30",
    "symbol": "DGX",
    "reportedCurrency": "USD",
    "cik": "0001022079",
    "fillingDate": "2012-10-24",
    "acceptedDate": "2012-10-24 16:19:14",
    "calendarYear": "2012",
    "period": "Q3",
    "revenue": 1851400000,
    "costOfRevenue": 1089700000,
    "grossProfit": 761700000,
    "grossProfitRatio": 0.4114183861,
    "researchAndDevelopmentExpenses": 0,
    "generalAndAdministrativeExpenses": 432627000,
    "sellingAndMarketingExpenses": -27000,
    "sellingGeneralAndAdministrativeExpenses": 432600000,
    "otherExpenses": 2502000,
    "operatingExpenses": 453000000,
    "costAndExpenses": 1542700000,
    "interestIncome": 657000,
    "interestExpense": 41685000,
    "depreciationAndAmortization": 71300000,
    "ebitda": 383697000,
    "ebitdaratio": 0.2072469483,
    "operatingIncome": 308700000,
    "operatingIncomeRatio": 0.1667386842,
    "totalOtherIncomeExpensesNet": -33645000,
    "incomeBeforeTax": 274900000,
    "incomeBeforeTaxRatio": 0.1484822297,
    "incomeTaxExpense": 103300000,
    "netIncome": 162437000,
    "netIncomeRatio": 0.0877373879,
    "eps": 1.02,
    "epsdiluted": 1.01,
    "weightedAverageShsOut": 158800000,
    "weightedAverageShsOutDil": 160700000,
    "link": "https://www.sec.gov/Archives/edgar/data/1022079/000102207912000032/0001022079-12-000032-index.htm",
    "finalLink": "https://www.sec.gov/Archives/edgar/data/1022079/000102207912000032/dgx0930201210-q.htm"
  },
  {
    "date": "2012-06-30",
    "symbol": "DGX",
    "reportedCurrency": "USD",
    "cik": "0001022079",
    "fillingDate": "2012-07-26",
    "acceptedDate": "2012-07-26 16:44:56",
    "calendarYear": "2012",
    "period": "Q2",
    "revenue": 1906800000,
    "costOfRevenue": 1110500000,
    "grossProfit": 796300000,
    "grossProfitRatio": 0.4176106566,
    "researchAndDevelopmentExpenses": 0,
    "generalAndAdministrativeExpenses": 440788000,
    "sellingAndMarketingExpenses": 12000,
    "sellingGeneralAndAdministrativeExpenses": 440800000,
    "otherExpenses": -1255000,
    "operatingExpenses": 461600000,
    "costAndExpenses": 1572100000,
    "interestIncome": 621000,
    "interestExpense": 41900000,
    "depreciationAndAmortization": 71800000,
    "ebitda": 411945000,
    "ebitdaratio": 0.2160399622,
    "operatingIncome": 334700000,
    "operatingIncomeRatio": 0.1755296832,
    "totalOtherIncomeExpensesNet": -34452000,
    "incomeBeforeTax": 298900000,
    "incomeBeforeTaxRatio": 0.1567547724,
    "incomeTaxExpense": 112400000,
    "netIncome": 176993000,
    "netIncomeRatio": 0.0928220055,
    "eps": 1.12,
    "epsdiluted": 1.11,
    "weightedAverageShsOut": 158500000,
    "weightedAverageShsOutDil": 159800000,
    "link": "https://www.sec.gov/Archives/edgar/data/1022079/000102207912000022/0001022079-12-000022-index.htm",
    "finalLink": "https://www.sec.gov/Archives/edgar/data/1022079/000102207912000022/dgx0630201210-q.htm"
  },
  {
    "date": "2012-03-31",
    "symbol": "DGX",
    "reportedCurrency": "USD",
    "cik": "0001022079",
    "fillingDate": "2012-04-27",
    "acceptedDate": "2012-04-27 16:32:36",
    "calendarYear": "2012",
    "period": "Q1",
    "revenue": 1936500000,
    "costOfRevenue": 1116500000,
    "grossProfit": 820000000,
    "grossProfitRatio": 0.4234443584,
    "researchAndDevelopmentExpenses": 0,
    "generalAndAdministrativeExpenses": 500641000,
    "sellingAndMarketingExpenses": -41000,
    "sellingGeneralAndAdministrativeExpenses": 500600000,
    "otherExpenses": 4756000,
    "operatingExpenses": 520400000,
    "costAndExpenses": 1636900000,
    "interestIncome": 654000,
    "interestExpense": 42300000,
    "depreciationAndAmortization": 72200000,
    "ebitda": 383017000,
    "ebitdaratio": 0.1977882778,
    "operatingIncome": 299600000,
    "operatingIncomeRatio": 0.1547121095,
    "totalOtherIncomeExpensesNet": -28219000,
    "incomeBeforeTax": 269600000,
    "incomeBeforeTaxRatio": 0.1392202427,
    "incomeTaxExpense": 101400000,
    "netIncome": 158524000,
    "netIncomeRatio": 0.0818610896,
    "eps": 1,
    "epsdiluted": 0.99,
    "weightedAverageShsOut": 158300000,
    "weightedAverageShsOutDil": 159700000,
    "link": "https://www.sec.gov/Archives/edgar/data/1022079/000102207912000005/0001022079-12-000005-index.htm",
    "finalLink": "https://www.sec.gov/Archives/edgar/data/1022079/000102207912000005/dgx0331201210-q.htm"
  },
  {
    "date": "2011-12-31",
    "symbol": "DGX",
    "reportedCurrency": "USD",
    "cik": "0001022079",
    "fillingDate": "2012-02-16",
    "acceptedDate": "2012-02-16 16:39:21",
    "calendarYear": "2011",
    "period": "Q4",
    "revenue": 1879307000,
    "costOfRevenue": 1077367000,
    "grossProfit": 801940000,
    "grossProfitRatio": 0.4267211265,
    "researchAndDevelopmentExpenses": 0,
    "generalAndAdministrativeExpenses": 457073000,
    "sellingAndMarketingExpenses": 0,
    "sellingGeneralAndAdministrativeExpenses": 457073000,
    "otherExpenses": 0,
    "operatingExpenses": 476759000,
    "costAndExpenses": 1554126000,
    "interestIncome": 1114000,
    "interestExpense": 43779000,
    "depreciationAndAmortization": 71671000,
    "ebitda": 407679000,
    "ebitdaratio": 0.2169304962,
    "operatingIncome": 325181000,
    "operatingIncomeRatio": 0.1730323997,
    "totalOtherIncomeExpensesNet": -32952000,
    "incomeBeforeTax": 292229000,
    "incomeBeforeTaxRatio": 0.1554982768,
    "incomeTaxExpense": 92886000,
    "netIncome": 189437000,
    "netIncomeRatio": 0.1008015189,
    "eps": 1.2,
    "epsdiluted": 1.2,
    "weightedAverageShsOut": 158300000,
    "weightedAverageShsOutDil": 158300000,
    "link": "https://www.sec.gov/Archives/edgar/data/1022079/000093041312000949/0000930413-12-000949-index.htm",
    "finalLink": "https://www.sec.gov/Archives/edgar/data/1022079/000093041312000949/c68209_10k.htm"
  },
  {
    "date": "2011-09-30",
    "symbol": "DGX",
    "reportedCurrency": "USD",
    "cik": "0001022079",
    "fillingDate": "2011-11-03",
    "acceptedDate": "2011-11-03 16:34:50",
    "calendarYear": "2011",
    "period": "Q3",
    "revenue": 1906400000,
    "costOfRevenue": 1116600000,
    "grossProfit": 789800000,
    "grossProfitRatio": 0.4142887117,
    "researchAndDevelopmentExpenses": 0,
    "generalAndAdministrativeExpenses": 446595000,
    "sellingAndMarketingExpenses": -95000,
    "sellingGeneralAndAdministrativeExpenses": 446500000,
    "otherExpenses": 0,
    "operatingExpenses": 467700000,
    "costAndExpenses": 1584300000,
    "interestIncome": 651000,
    "interestExpense": 44059000,
    "depreciationAndAmortization": 73300000,
    "ebitda": 400675000,
    "ebitdaratio": 0.2101736257,
    "operatingIncome": 322100000,
    "operatingIncomeRatio": 0.1689571968,
    "totalOtherIncomeExpensesNet": -38784000,
    "incomeBeforeTax": 283200000,
    "incomeBeforeTaxRatio": 0.1485522451,
    "incomeTaxExpense": 101100000,
    "netIncome": 171848000,
    "netIncomeRatio": 0.0901426773,
    "eps": 1.08,
    "epsdiluted": 1.07,
    "weightedAverageShsOut": 157800000,
    "weightedAverageShsOutDil": 159000000,
    "link": "https://www.sec.gov/Archives/edgar/data/1022079/000093041311006949/0000930413-11-006949-index.htm",
    "finalLink": "https://www.sec.gov/Archives/edgar/data/1022079/000093041311006949/c66991_10-q.htm"
  },
  {
    "date": "2011-06-30",
    "symbol": "DGX",
    "reportedCurrency": "USD",
    "cik": "0001022079",
    "fillingDate": "2011-07-27",
    "acceptedDate": "2011-07-27 17:24:11",
    "calendarYear": "2011",
    "period": "Q2",
    "revenue": 1903200000,
    "costOfRevenue": 1104400000,
    "grossProfit": 798800000,
    "grossProfitRatio": 0.4197141656,
    "researchAndDevelopmentExpenses": 0,
    "generalAndAdministrativeExpenses": 462789000,
    "sellingAndMarketingExpenses": 11000,
    "sellingGeneralAndAdministrativeExpenses": 462800000,
    "otherExpenses": 0,
    "operatingExpenses": 482000000,
    "costAndExpenses": 1586400000,
    "interestIncome": 650000,
    "interestExpense": 46600000,
    "depreciationAndAmortization": 72700000,
    "ebitda": 397096000,
    "ebitdaratio": 0.2086464901,
    "operatingIncome": 316800000,
    "operatingIncomeRatio": 0.1664564943,
    "totalOtherIncomeExpensesNet": -39058000,
    "incomeBeforeTax": 277800000,
    "incomeBeforeTaxRatio": 0.145964691,
    "incomeTaxExpense": 105800000,
    "netIncome": 163143000,
    "netIncomeRatio": 0.0857203657,
    "eps": 1.03,
    "epsdiluted": 1.02,
    "weightedAverageShsOut": 157600000,
    "weightedAverageShsOutDil": 159400000,
    "link": "https://www.sec.gov/Archives/edgar/data/1022079/000093041311004928/0000930413-11-004928-index.htm",
    "finalLink": "https://www.sec.gov/Archives/edgar/data/1022079/000093041311004928/c66349_10-q.htm"
  },
  {
    "date": "2011-03-31",
    "symbol": "DGX",
    "reportedCurrency": "USD",
    "cik": "0001022079",
    "fillingDate": "2011-05-10",
    "acceptedDate": "2011-05-09 18:09:16",
    "calendarYear": "2011",
    "period": "Q1",
    "revenue": 1821600000,
    "costOfRevenue": 1097000000,
    "grossProfit": 724600000,
    "grossProfitRatio": 0.3977821695,
    "researchAndDevelopmentExpenses": 0,
    "generalAndAdministrativeExpenses": 447858000,
    "sellingAndMarketingExpenses": 42000,
    "sellingGeneralAndAdministrativeExpenses": 447900000,
    "otherExpenses": 0,
    "operatingExpenses": 457600000,
    "costAndExpenses": 1554600000,
    "interestIncome": 351000,
    "interestExpense": 38280000,
    "depreciationAndAmortization": 63400000,
    "ebitda": 104583000,
    "ebitdaratio": 0.0574127141,
    "operatingIncome": 267000000,
    "operatingIncomeRatio": 0.1465744401,
    "totalOtherIncomeExpensesNet": -28022000,
    "incomeBeforeTax": 239000000,
    "incomeBeforeTaxRatio": 0.1312033377,
    "incomeTaxExpense": 90600000,
    "netIncome": 140800000,
    "netIncomeRatio": 0.077294686,
    "eps": 0.87,
    "epsdiluted": 0.86,
    "weightedAverageShsOut": 161500000,
    "weightedAverageShsOutDil": 163200000,
    "link": "https://www.sec.gov/Archives/edgar/data/1022079/000093041311003792/0000930413-11-003792-index.htm",
    "finalLink": "https://www.sec.gov/Archives/edgar/data/1022079/000093041311003792/c65633_10-q.htm"
  },
  {
    "date": "2010-12-31",
    "symbol": "DGX",
    "reportedCurrency": "USD",
    "cik": "0001022079",
    "fillingDate": "2011-02-16",
    "acceptedDate": "2011-02-16 16:10:16",
    "calendarYear": "2010",
    "period": "Q4",
    "revenue": 1824040000,
    "costOfRevenue": 1080438000,
    "grossProfit": 743602000,
    "grossProfitRatio": 0.407667595,
    "researchAndDevelopmentExpenses": 0,
    "generalAndAdministrativeExpenses": 430966000,
    "sellingAndMarketingExpenses": 0,
    "sellingGeneralAndAdministrativeExpenses": 430966000,
    "otherExpenses": 0,
    "operatingExpenses": 449390000,
    "costAndExpenses": 1529828000,
    "interestIncome": 294000,
    "interestExpense": 37860000,
    "depreciationAndAmortization": 63520000,
    "ebitda": 368321000,
    "ebitdaratio": 0.2019259446,
    "operatingIncome": 294212000,
    "operatingIncomeRatio": 0.1612969014,
    "totalOtherIncomeExpensesNet": -27271000,
    "incomeBeforeTax": 266941000,
    "incomeBeforeTaxRatio": 0.1463460231,
    "incomeTaxExpense": 91600000,
    "netIncome": 165756000,
    "netIncomeRatio": 0.0908730072,
    "eps": 1.03,
    "epsdiluted": 1.03,
    "weightedAverageShsOut": 161500000,
    "weightedAverageShsOutDil": 161500000,
    "link": "https://www.sec.gov/Archives/edgar/data/1022079/000093041311001115/0000930413-11-001115-index.htm",
    "finalLink": "https://www.sec.gov/Archives/edgar/data/1022079/000093041311001115/c64010_10-k.htm"
  },
  {
    "date": "2010-09-30",
    "symbol": "DGX",
    "reportedCurrency": "USD",
    "cik": "0001022079",
    "fillingDate": "2010-10-26",
    "acceptedDate": "2010-10-26 16:30:16",
    "calendarYear": "2010",
    "period": "Q3",
    "revenue": 1864700000,
    "costOfRevenue": 1091500000,
    "grossProfit": 773200000,
    "grossProfitRatio": 0.4146511503,
    "researchAndDevelopmentExpenses": 0,
    "generalAndAdministrativeExpenses": 426562000,
    "sellingAndMarketingExpenses": 38000,
    "sellingGeneralAndAdministrativeExpenses": 426600000,
    "otherExpenses": 0,
    "operatingExpenses": 436400000,
    "costAndExpenses": 1527900000,
    "interestIncome": 272000,
    "interestExpense": 36472000,
    "depreciationAndAmortization": 64100000,
    "ebitda": 397700000,
    "ebitdaratio": 0.2132782753,
    "operatingIncome": 336800000,
    "operatingIncomeRatio": 0.1806188663,
    "totalOtherIncomeExpensesNet": -25849000,
    "incomeBeforeTax": 311000000,
    "incomeBeforeTaxRatio": 0.1667828605,
    "incomeTaxExpense": 102900000,
    "netIncome": 198075000,
    "netIncomeRatio": 0.1062235212,
    "eps": 1.14,
    "epsdiluted": 1.13,
    "weightedAverageShsOut": 173200000,
    "weightedAverageShsOutDil": 174300000,
    "link": "https://www.sec.gov/Archives/edgar/data/1022079/000093041310005253/0000930413-10-005253-index.htm",
    "finalLink": "https://www.sec.gov/Archives/edgar/data/1022079/000093041310005253/c63112_10-q.htm"
  },
  {
    "date": "2010-06-30",
    "symbol": "DGX",
    "reportedCurrency": "USD",
    "cik": "0001022079",
    "fillingDate": "2010-07-27",
    "acceptedDate": "2010-07-27 17:24:10",
    "calendarYear": "2010",
    "period": "Q2",
    "revenue": 1874700000,
    "costOfRevenue": 1078900000,
    "grossProfit": 795800000,
    "grossProfitRatio": 0.4244945858,
    "researchAndDevelopmentExpenses": 0,
    "generalAndAdministrativeExpenses": 419412000,
    "sellingAndMarketingExpenses": -12000,
    "sellingGeneralAndAdministrativeExpenses": 419400000,
    "otherExpenses": 0,
    "operatingExpenses": 429900000,
    "costAndExpenses": 1508800000,
    "interestIncome": 273000,
    "interestExpense": 36640000,
    "depreciationAndAmortization": 63000000,
    "ebitda": 429407000,
    "ebitdaratio": 0.2290537153,
    "operatingIncome": 365900000,
    "operatingIncomeRatio": 0.1951778951,
    "totalOtherIncomeExpensesNet": -36101000,
    "incomeBeforeTax": 329800000,
    "incomeBeforeTaxRatio": 0.1759214808,
    "incomeTaxExpense": 125600000,
    "netIncome": 194615000,
    "netIncomeRatio": 0.1038112765,
    "eps": 1.08,
    "epsdiluted": 1.07,
    "weightedAverageShsOut": 178900000,
    "weightedAverageShsOutDil": 180800000,
    "link": "https://www.sec.gov/Archives/edgar/data/1022079/000093041310004093/0000930413-10-004093-index.htm",
    "finalLink": "https://www.sec.gov/Archives/edgar/data/1022079/000093041310004093/c61752_10-q.htm"
  },
  {
    "date": "2010-03-31",
    "symbol": "DGX",
    "reportedCurrency": "USD",
    "cik": "0001022079",
    "fillingDate": "2010-04-26",
    "acceptedDate": "2010-04-26 16:18:02",
    "calendarYear": "2010",
    "period": "Q1",
    "revenue": 1805500000,
    "costOfRevenue": 1066400000,
    "grossProfit": 739100000,
    "grossProfitRatio": 0.409360288,
    "researchAndDevelopmentExpenses": 0,
    "generalAndAdministrativeExpenses": 430733000,
    "sellingAndMarketingExpenses": -33000,
    "sellingGeneralAndAdministrativeExpenses": 430700000,
    "otherExpenses": 0,
    "operatingExpenses": 440500000,
    "costAndExpenses": 1506900000,
    "interestIncome": 575000,
    "interestExpense": 36000000,
    "depreciationAndAmortization": 63300000,
    "ebitda": 376446000,
    "ebitdaratio": 0.2084995846,
    "operatingIncome": 298600000,
    "operatingIncomeRatio": 0.1653835503,
    "totalOtherIncomeExpensesNet": -21979000,
    "incomeBeforeTax": 276600000,
    "incomeBeforeTaxRatio": 0.15319856,
    "incomeTaxExpense": 105400000,
    "netIncome": 162448000,
    "netIncomeRatio": 0.0899739684,
    "eps": 0.9,
    "epsdiluted": 0.89,
    "weightedAverageShsOut": 180200000,
    "weightedAverageShsOutDil": 182400000,
    "link": "https://www.sec.gov/Archives/edgar/data/1022079/000093041310002125/0000930413-10-002125-index.htm",
    "finalLink": "https://www.sec.gov/Archives/edgar/data/1022079/000093041310002125/c61116_10q.htm"
  },
  {
    "date": "2009-12-31",
    "symbol": "DGX",
    "reportedCurrency": "USD",
    "cik": "0001022079",
    "fillingDate": "2010-02-17",
    "acceptedDate": "2010-02-17 16:21:03",
    "calendarYear": "2009",
    "period": "Q4",
    "revenue": 1848273000,
    "costOfRevenue": 1070239000,
    "grossProfit": 778034000,
    "grossProfitRatio": 0.4209518832,
    "researchAndDevelopmentExpenses": 0,
    "generalAndAdministrativeExpenses": 432992000,
    "sellingAndMarketingExpenses": 0,
    "sellingGeneralAndAdministrativeExpenses": 432992000,
    "otherExpenses": 0,
    "operatingExpenses": 447641000,
    "costAndExpenses": 1517880000,
    "interestIncome": 275000,
    "interestExpense": 35024000,
    "depreciationAndAmortization": 63025000,
    "ebitda": 390412000,
    "ebitdaratio": 0.2112307002,
    "operatingIncome": 330393000,
    "operatingIncomeRatio": 0.1787576835,
    "totalOtherIncomeExpensesNet": -38030000,
    "incomeBeforeTax": 292363000,
    "incomeBeforeTaxRatio": 0.1581817188,
    "incomeTaxExpense": 101605000,
    "netIncome": 181590000,
    "netIncomeRatio": 0.098248473,
    "eps": 1.01,
    "epsdiluted": 1.01,
    "weightedAverageShsOut": 180200000,
    "weightedAverageShsOutDil": 180200000,
    "link": "https://www.sec.gov/Archives/edgar/data/1022079/000093041310000862/0000930413-10-000862-index.htm",
    "finalLink": "https://www.sec.gov/Archives/edgar/data/1022079/000093041310000862/c60319_10k.htm"
  },
  {
    "date": "2009-09-30",
    "symbol": "DGX",
    "reportedCurrency": "USD",
    "cik": "0001022079",
    "fillingDate": "2009-10-27",
    "acceptedDate": "2009-10-27 07:33:19",
    "calendarYear": "2009",
    "period": "Q3",
    "revenue": 1897200000,
    "costOfRevenue": 1097500000,
    "grossProfit": 799700000,
    "grossProfitRatio": 0.4215159182,
    "researchAndDevelopmentExpenses": 0,
    "generalAndAdministrativeExpenses": 441569000,
    "sellingAndMarketingExpenses": 31000,
    "sellingGeneralAndAdministrativeExpenses": 441600000,
    "otherExpenses": 0,
    "operatingExpenses": 451400000,
    "costAndExpenses": 1548900000,
    "interestIncome": 1693000,
    "interestExpense": 33000000,
    "depreciationAndAmortization": 9200000,
    "ebitda": 366100000,
    "ebitdaratio": 0.1929685853,
    "operatingIncome": 348300000,
    "operatingIncomeRatio": 0.1835863378,
    "totalOtherIncomeExpensesNet": -22043000,
    "incomeBeforeTax": 326300000,
    "incomeBeforeTaxRatio": 0.1719903015,
    "incomeTaxExpense": 125200000,
    "netIncome": 192219000,
    "netIncomeRatio": 0.1013172043,
    "eps": 1.03,
    "epsdiluted": 1.02,
    "weightedAverageShsOut": 185100000,
    "weightedAverageShsOutDil": 187200000,
    "link": "https://www.sec.gov/Archives/edgar/data/1022079/000093041309005367/0000930413-09-005367-index.htm",
    "finalLink": "https://www.sec.gov/Archives/edgar/data/1022079/000093041309005367/c59138_10-q.htm"
  },
  {
    "date": "2009-06-30",
    "symbol": "DGX",
    "reportedCurrency": "USD",
    "cik": "0001022079",
    "fillingDate": "2009-07-28",
    "acceptedDate": "2009-07-28 17:08:24",
    "calendarYear": "2009",
    "period": "Q2",
    "revenue": 1901818000,
    "costOfRevenue": 1100212000,
    "grossProfit": 801606000,
    "grossProfitRatio": 0.421494591,
    "researchAndDevelopmentExpenses": 0,
    "generalAndAdministrativeExpenses": 448756000,
    "sellingAndMarketingExpenses": 0,
    "sellingGeneralAndAdministrativeExpenses": 448756000,
    "otherExpenses": 0,
    "operatingExpenses": 442231000,
    "costAndExpenses": 1542443000,
    "interestIncome": 115000,
    "interestExpense": 36961000,
    "depreciationAndAmortization": 65187000,
    "ebitda": 423964000,
    "ebitdaratio": 0.2229256427,
    "operatingIncome": 359375000,
    "operatingIncomeRatio": 0.1889639282,
    "totalOtherIncomeExpensesNet": -37559000,
    "incomeBeforeTax": 321816000,
    "incomeBeforeTaxRatio": 0.1692149301,
    "incomeTaxExpense": 123535000,
    "netIncome": 188200000,
    "netIncomeRatio": 0.0989579445,
    "eps": 1.01,
    "epsdiluted": 1,
    "weightedAverageShsOut": 185266000,
    "weightedAverageShsOutDil": 187003000,
    "link": "https://www.sec.gov/Archives/edgar/data/1022079/000093041309003869/0000930413-09-003869-index.htm",
    "finalLink": "https://www.sec.gov/Archives/edgar/data/1022079/000093041309003869/c58300_10-q.htm"
  },
  {
    "date": "2009-03-31",
    "symbol": "DGX",
    "reportedCurrency": "USD",
    "cik": "0001022079",
    "fillingDate": "2009-04-24",
    "acceptedDate": "2009-04-24 16:37:36",
    "calendarYear": "2009",
    "period": "Q1",
    "revenue": 1808006000,
    "costOfRevenue": 1053489000,
    "grossProfit": 754517000,
    "grossProfitRatio": 0.4173199646,
    "researchAndDevelopmentExpenses": 0,
    "generalAndAdministrativeExpenses": 424301000,
    "sellingAndMarketingExpenses": 0,
    "sellingGeneralAndAdministrativeExpenses": 424301000,
    "otherExpenses": 0,
    "operatingExpenses": 433454000,
    "costAndExpenses": 1486943000,
    "interestIncome": 436000,
    "interestExpense": 39844000,
    "depreciationAndAmortization": 64860000,
    "ebitda": 392220000,
    "ebitdaratio": 0.2169351208,
    "operatingIncome": 321063000,
    "operatingIncomeRatio": 0.1775785036,
    "totalOtherIncomeExpensesNet": -33547000,
    "incomeBeforeTax": 287516000,
    "incomeBeforeTaxRatio": 0.1590238085,
    "incomeTaxExpense": 110189000,
    "netIncome": 167102000,
    "netIncomeRatio": 0.0924233659,
    "eps": 0.88,
    "epsdiluted": 0.88,
    "weightedAverageShsOut": 189370000,
    "weightedAverageShsOutDil": 190698000,
    "link": "https://www.sec.gov/Archives/edgar/data/1022079/000093041309002189/0000930413-09-002189-index.htm",
    "finalLink": "https://www.sec.gov/Archives/edgar/data/1022079/000093041309002189/c57323_10q.htm"
  },
  {
    "date": "2008-12-31",
    "symbol": "DGX",
    "reportedCurrency": "USD",
    "cik": "0001022079",
    "fillingDate": "2009-02-17",
    "acceptedDate": "2009-02-17 16:22:26",
    "calendarYear": "2008",
    "period": "Q4",
    "revenue": 1800306000,
    "costOfRevenue": 1040925000,
    "grossProfit": 759381000,
    "grossProfitRatio": 0.4218066262,
    "researchAndDevelopmentExpenses": 0,
    "generalAndAdministrativeExpenses": 435640000,
    "sellingAndMarketingExpenses": 0,
    "sellingGeneralAndAdministrativeExpenses": 435640000,
    "otherExpenses": 0,
    "operatingExpenses": 442324000,
    "costAndExpenses": 1483249000,
    "interestIncome": 0,
    "interestExpense": 0,
    "depreciationAndAmortization": 65765000,
    "ebitda": 364874000,
    "ebitdaratio": 0.2026733233,
    "operatingIncome": 317057000,
    "operatingIncomeRatio": 0.1761128386,
    "totalOtherIncomeExpensesNet": -53980000,
    "incomeBeforeTax": 263077000,
    "incomeBeforeTaxRatio": 0.146129047,
    "incomeTaxExpense": 93481000,
    "netIncome": 169813000,
    "netIncomeRatio": 0.0943245204,
    "eps": 0.9,
    "epsdiluted": 0.9,
    "weightedAverageShsOut": 189370000,
    "weightedAverageShsOutDil": 189370000,
    "link": "https://www.sec.gov/Archives/edgar/data/1022079/000093041309000848/0000930413-09-000848-index.htm",
    "finalLink": "https://www.sec.gov/Archives/edgar/data/1022079/000093041309000848/c56618_10-k.htm"
  },
  {
    "date": "2008-09-30",
    "symbol": "DGX",
    "reportedCurrency": "USD",
    "cik": "0001022079",
    "fillingDate": "2008-10-23",
    "acceptedDate": "2008-10-23 16:32:33",
    "calendarYear": "2008",
    "period": "Q3",
    "revenue": 1826603000,
    "costOfRevenue": 1073123000,
    "grossProfit": 753480000,
    "grossProfitRatio": 0.4125034285,
    "researchAndDevelopmentExpenses": 0,
    "generalAndAdministrativeExpenses": 428179000,
    "sellingAndMarketingExpenses": 0,
    "sellingGeneralAndAdministrativeExpenses": 428179000,
    "otherExpenses": 0,
    "operatingExpenses": 436545000,
    "costAndExpenses": 1509668000,
    "interestIncome": 0,
    "interestExpense": 0,
    "depreciationAndAmortization": 66144000,
    "ebitda": 316935000,
    "ebitdaratio": 0.1735106096,
    "operatingIncome": 316935000,
    "operatingIncomeRatio": 0.1735106096,
    "totalOtherIncomeExpensesNet": -56617000,
    "incomeBeforeTax": 260318000,
    "incomeBeforeTaxRatio": 0.1425148212,
    "incomeTaxExpense": 100642000,
    "netIncome": 110742000,
    "netIncomeRatio": 0.0606272956,
    "eps": 0.57,
    "epsdiluted": 0.56,
    "weightedAverageShsOut": 194971000,
    "weightedAverageShsOutDil": 197190000,
    "link": "https://www.sec.gov/Archives/edgar/data/1022079/000093041308006118/0000930413-08-006118-index.htm",
    "finalLink": "https://www.sec.gov/Archives/edgar/data/1022079/000093041308006118/c55354_10q.htm"
  },
  {
    "date": "2008-06-30",
    "symbol": "DGX",
    "reportedCurrency": "USD",
    "cik": "0001022079",
    "fillingDate": "2008-07-24",
    "acceptedDate": "2008-07-24 16:29:45",
    "calendarYear": "2008",
    "period": "Q2",
    "revenue": 1837901000,
    "costOfRevenue": 1083481000,
    "grossProfit": 754420000,
    "grossProfitRatio": 0.4104791281,
    "researchAndDevelopmentExpenses": 0,
    "generalAndAdministrativeExpenses": 438037000,
    "sellingAndMarketingExpenses": 0,
    "sellingGeneralAndAdministrativeExpenses": 438037000,
    "otherExpenses": 0,
    "operatingExpenses": 446297000,
    "costAndExpenses": 1529778000,
    "interestIncome": 1444000,
    "interestExpense": 46876000,
    "depreciationAndAmortization": 67425000,
    "ebitda": 385132000,
    "ebitdaratio": 0.2095499159,
    "operatingIncome": 308123000,
    "operatingIncomeRatio": 0.1676494,
    "totalOtherIncomeExpensesNet": -37292000,
    "incomeBeforeTax": 263005000,
    "incomeBeforeTaxRatio": 0.1431007437,
    "incomeTaxExpense": 100787000,
    "netIncome": 161328000,
    "netIncomeRatio": 0.087778395,
    "eps": 0.83,
    "epsdiluted": 0.82,
    "weightedAverageShsOut": 194527000,
    "weightedAverageShsOutDil": 196119000,
    "link": "https://www.sec.gov/Archives/edgar/data/1022079/000093041308004422/0000930413-08-004422-index.htm",
    "finalLink": "https://www.sec.gov/Archives/edgar/data/1022079/000093041308004422/c54355_10-q.htm"
  },
  {
    "date": "2008-03-31",
    "symbol": "DGX",
    "reportedCurrency": "USD",
    "cik": "0001022079",
    "fillingDate": "2008-04-24",
    "acceptedDate": "2008-04-24 16:14:31",
    "calendarYear": "2008",
    "period": "Q1",
    "revenue": 1784637000,
    "costOfRevenue": 1058627000,
    "grossProfit": 726010000,
    "grossProfitRatio": 0.406811021,
    "researchAndDevelopmentExpenses": 0,
    "generalAndAdministrativeExpenses": 436485000,
    "sellingAndMarketingExpenses": 0,
    "sellingGeneralAndAdministrativeExpenses": 436485000,
    "otherExpenses": 0,
    "operatingExpenses": 445749000,
    "costAndExpenses": 1504376000,
    "interestIncome": 0,
    "interestExpense": 0,
    "depreciationAndAmortization": 65259000,
    "ebitda": 280261000,
    "ebitdaratio": 0.1570408996,
    "operatingIncome": 280261000,
    "operatingIncomeRatio": 0.1570408996,
    "totalOtherIncomeExpensesNet": -47709000,
    "incomeBeforeTax": 232552000,
    "incomeBeforeTaxRatio": 0.130307732,
    "incomeTaxExpense": 91858000,
    "netIncome": 139607000,
    "netIncomeRatio": 0.0782271129,
    "eps": 0.72,
    "epsdiluted": 0.71,
    "weightedAverageShsOut": 194143000,
    "weightedAverageShsOutDil": 195783000,
    "link": "https://www.sec.gov/Archives/edgar/data/1022079/000093041308002571/0000930413-08-002571-index.htm",
    "finalLink": "https://www.sec.gov/Archives/edgar/data/1022079/000093041308002571/c53221_10-q.htm"
  },
  {
    "date": "2007-12-31",
    "symbol": "DGX",
    "reportedCurrency": "USD",
    "cik": "0001022079",
    "fillingDate": "2008-02-22",
    "acceptedDate": "2008-02-22 16:59:24",
    "calendarYear": "2007",
    "period": "Q4",
    "revenue": 1770473000,
    "costOfRevenue": 1042723000,
    "grossProfit": 727750000,
    "grossProfitRatio": 0.411048347,
    "researchAndDevelopmentExpenses": 0,
    "generalAndAdministrativeExpenses": 408626000,
    "sellingAndMarketingExpenses": 0,
    "sellingGeneralAndAdministrativeExpenses": 408626000,
    "otherExpenses": 0,
    "operatingExpenses": 415685000,
    "costAndExpenses": 1458408000,
    "interestIncome": 0,
    "interestExpense": 0,
    "depreciationAndAmortization": 68622000,
    "ebitda": 380687000,
    "ebitdaratio": 0.215019941,
    "operatingIncome": 312065000,
    "operatingIncomeRatio": 0.1762608071,
    "totalOtherIncomeExpensesNet": -58345000,
    "incomeBeforeTax": 253720000,
    "incomeBeforeTaxRatio": 0.1433063368,
    "incomeTaxExpense": 99711000,
    "netIncome": -5251000,
    "netIncomeRatio": -0.0029658741,
    "eps": -0.0271,
    "epsdiluted": -0.027,
    "weightedAverageShsOut": 193556000,
    "weightedAverageShsOutDil": 194143000,
    "link": "https://www.sec.gov/Archives/edgar/data/1022079/000093041308001152/0000930413-08-001152-index.htm",
    "finalLink": "https://www.sec.gov/Archives/edgar/data/1022079/000093041308001152/c52267_10-k.htm"
  },
  {
    "date": "2007-09-30",
    "symbol": "DGX",
    "reportedCurrency": "USD",
    "cik": "0001022079",
    "fillingDate": "2007-10-25",
    "acceptedDate": "2007-10-25 16:20:27",
    "calendarYear": "2007",
    "period": "Q3",
    "revenue": 1767070000,
    "costOfRevenue": 1026598000,
    "grossProfit": 740472000,
    "grossProfitRatio": 0.4190394268,
    "researchAndDevelopmentExpenses": 0,
    "generalAndAdministrativeExpenses": 424334000,
    "sellingAndMarketingExpenses": 0,
    "sellingGeneralAndAdministrativeExpenses": 424334000,
    "otherExpenses": 0,
    "operatingExpenses": 434480000,
    "costAndExpenses": 1461078000,
    "interestIncome": 0,
    "interestExpense": 0,
    "depreciationAndAmortization": 64024000,
    "ebitda": 305992000,
    "ebitdaratio": 0.1731634853,
    "operatingIncome": 305992000,
    "operatingIncomeRatio": 0.1731634853,
    "totalOtherIncomeExpensesNet": -58267000,
    "incomeBeforeTax": 247725000,
    "incomeBeforeTaxRatio": 0.1401896925,
    "incomeTaxExpense": 97400000,
    "netIncome": 97965000,
    "netIncomeRatio": 0.0554392299,
    "eps": 0.51,
    "epsdiluted": 0.5,
    "weightedAverageShsOut": 193377000,
    "weightedAverageShsOutDil": 195589000,
    "link": "https://www.sec.gov/Archives/edgar/data/1022079/000093041307008167/0000930413-07-008167-index.htm",
    "finalLink": "https://www.sec.gov/Archives/edgar/data/1022079/000093041307008167/c50699_10-q.htm"
  },
  {
    "date": "2007-06-30",
    "symbol": "DGX",
    "reportedCurrency": "USD",
    "cik": "0001022079",
    "fillingDate": "2007-07-31",
    "acceptedDate": "2007-07-31 06:41:14",
    "calendarYear": "2007",
    "period": "Q2",
    "revenue": 1641156000,
    "costOfRevenue": 968742000,
    "grossProfit": 672414000,
    "grossProfitRatio": 0.4097197341,
    "researchAndDevelopmentExpenses": 0,
    "generalAndAdministrativeExpenses": 395105000,
    "sellingAndMarketingExpenses": 0,
    "sellingGeneralAndAdministrativeExpenses": 395105000,
    "otherExpenses": 0,
    "operatingExpenses": 400005000,
    "costAndExpenses": 1368747000,
    "interestIncome": 0,
    "interestExpense": 0,
    "depreciationAndAmortization": 54898000,
    "ebitda": 272409000,
    "ebitdaratio": 0.1659860489,
    "operatingIncome": 272409000,
    "operatingIncomeRatio": 0.1659860489,
    "totalOtherIncomeExpensesNet": -38577000,
    "incomeBeforeTax": 233832000,
    "incomeBeforeTaxRatio": 0.1424800567,
    "incomeTaxExpense": 91853000,
    "netIncome": 141332000,
    "netIncomeRatio": 0.0861173466,
    "eps": 0.74,
    "epsdiluted": 0.73,
    "weightedAverageShsOut": 192651000,
    "weightedAverageShsOutDil": 194476000,
    "link": "https://www.sec.gov/Archives/edgar/data/1022079/000093041307006329/0000930413-07-006329-index.htm",
    "finalLink": "https://www.sec.gov/Archives/edgar/data/1022079/000093041307006329/c49589_10-q.htm"
  },
  {
    "date": "2007-03-31",
    "symbol": "DGX",
    "reportedCurrency": "USD",
    "cik": "0001022079",
    "fillingDate": "2007-04-30",
    "acceptedDate": "2007-04-27 20:16:20",
    "calendarYear": "2007",
    "period": "Q1",
    "revenue": 1526208000,
    "costOfRevenue": 931785000,
    "grossProfit": 594423000,
    "grossProfitRatio": 0.3894770569,
    "researchAndDevelopmentExpenses": 0,
    "generalAndAdministrativeExpenses": 389093000,
    "sellingAndMarketingExpenses": 0,
    "sellingGeneralAndAdministrativeExpenses": 389093000,
    "otherExpenses": 0,
    "operatingExpenses": 393553000,
    "costAndExpenses": 1325338000,
    "interestIncome": 0,
    "interestExpense": 0,
    "depreciationAndAmortization": 50335000,
    "ebitda": 200870000,
    "ebitdaratio": 0.1316137774,
    "operatingIncome": 200870000,
    "operatingIncomeRatio": 0.1316137774,
    "totalOtherIncomeExpensesNet": -23745000,
    "incomeBeforeTax": 177125000,
    "incomeBeforeTaxRatio": 0.1160556097,
    "incomeTaxExpense": 69610000,
    "netIncome": 105893000,
    "netIncomeRatio": 0.0693830723,
    "eps": 0.55,
    "epsdiluted": 0.54,
    "weightedAverageShsOut": 193379000,
    "weightedAverageShsOutDil": 195263000,
    "link": "https://www.sec.gov/Archives/edgar/data/1022079/000093041307003866/0000930413-07-003866-index.htm",
    "finalLink": "https://www.sec.gov/Archives/edgar/data/1022079/000093041307003866/c48206_10-q.htm"
  },
  {
    "date": "2006-12-31",
    "symbol": "DGX",
    "reportedCurrency": "USD",
    "cik": "0001022079",
    "fillingDate": "2007-03-01",
    "acceptedDate": "2007-03-01 13:34:18",
    "calendarYear": "2006",
    "period": "Q4",
    "revenue": 1549270000,
    "costOfRevenue": 919414000,
    "grossProfit": 629856000,
    "grossProfitRatio": 0.4065501817,
    "researchAndDevelopmentExpenses": 0,
    "generalAndAdministrativeExpenses": 372726000,
    "sellingAndMarketingExpenses": 0,
    "sellingGeneralAndAdministrativeExpenses": 372726000,
    "otherExpenses": 0,
    "operatingExpenses": 350754000,
    "costAndExpenses": 1270168000,
    "interestIncome": 0,
    "interestExpense": 0,
    "depreciationAndAmortization": 49390000,
    "ebitda": 328492000,
    "ebitdaratio": 0.212030182,
    "operatingIncome": 279102000,
    "operatingIncomeRatio": 0.1801506516,
    "totalOtherIncomeExpensesNet": -31153000,
    "incomeBeforeTax": 247949000,
    "incomeBeforeTaxRatio": 0.1600424716,
    "incomeTaxExpense": 96674000,
    "netIncome": 149286000,
    "netIncomeRatio": 0.0963589303,
    "eps": 0.77,
    "epsdiluted": 0.77,
    "weightedAverageShsOut": 193379000,
    "weightedAverageShsOutDil": 193379000,
    "link": "https://www.sec.gov/Archives/edgar/data/1022079/000093041307001855/0000930413-07-001855-index.htm",
    "finalLink": "https://www.sec.gov/Archives/edgar/data/1022079/000093041307001855/c46960_10k.htm"
  },
  {
    "date": "2006-09-30",
    "symbol": "DGX",
    "reportedCurrency": "USD",
    "cik": "0001022079",
    "fillingDate": "2006-10-27",
    "acceptedDate": "2006-10-27 17:11:57",
    "calendarYear": "2006",
    "period": "Q3",
    "revenue": 1583202000,
    "costOfRevenue": 933735000,
    "grossProfit": 649467000,
    "grossProfitRatio": 0.4102237112,
    "researchAndDevelopmentExpenses": 0,
    "generalAndAdministrativeExpenses": 354631000,
    "sellingAndMarketingExpenses": 0,
    "sellingGeneralAndAdministrativeExpenses": 354631000,
    "otherExpenses": 0,
    "operatingExpenses": 356606000,
    "costAndExpenses": 1290341000,
    "interestIncome": 0,
    "interestExpense": 0,
    "depreciationAndAmortization": 49388000,
    "ebitda": 292861000,
    "ebitdaratio": 0.1849801857,
    "operatingIncome": 292861000,
    "operatingIncomeRatio": 0.1849801857,
    "totalOtherIncomeExpensesNet": -25595000,
    "incomeBeforeTax": 267266000,
    "incomeBeforeTaxRatio": 0.1688135816,
    "incomeTaxExpense": 103413000,
    "netIncome": 160522000,
    "netIncomeRatio": 0.1013907259,
    "eps": 0.81,
    "epsdiluted": 0.8,
    "weightedAverageShsOut": 197164000,
    "weightedAverageShsOutDil": 200129000,
    "link": "https://www.sec.gov/Archives/edgar/data/1022079/000095011706004409/0000950117-06-004409-index.htm",
    "finalLink": "https://www.sec.gov/Archives/edgar/data/1022079/000095011706004409/a44938.htm"
  },
  {
    "date": "2006-06-30",
    "symbol": "DGX",
    "reportedCurrency": "USD",
    "cik": "0001022079",
    "fillingDate": "2006-07-31",
    "acceptedDate": "2006-07-31 17:27:21",
    "calendarYear": "2006",
    "period": "Q2",
    "revenue": 1584335000,
    "costOfRevenue": 936432000,
    "grossProfit": 647903000,
    "grossProfitRatio": 0.4089431844,
    "researchAndDevelopmentExpenses": 0,
    "generalAndAdministrativeExpenses": 383021000,
    "sellingAndMarketingExpenses": 0,
    "sellingGeneralAndAdministrativeExpenses": 383021000,
    "otherExpenses": 0,
    "operatingExpenses": 385278000,
    "costAndExpenses": 1321710000,
    "interestIncome": 0,
    "interestExpense": 0,
    "depreciationAndAmortization": 49560000,
    "ebitda": 346886000,
    "ebitdaratio": 0.2189473817,
    "operatingIncome": 262625000,
    "operatingIncomeRatio": 0.1657635538,
    "totalOtherIncomeExpensesNet": -34566000,
    "incomeBeforeTax": 228059000,
    "incomeBeforeTaxRatio": 0.1439461982,
    "incomeTaxExpense": 96082000,
    "netIncome": 131977000,
    "netIncomeRatio": 0.0833011958,
    "eps": 0.67,
    "epsdiluted": 0.66,
    "weightedAverageShsOut": 198013000,
    "weightedAverageShsOutDil": 200586000,
    "link": "https://www.sec.gov/Archives/edgar/data/1022079/000095011706003240/0000950117-06-003240-index.htm",
    "finalLink": "https://www.sec.gov/Archives/edgar/data/1022079/000095011706003240/a42417.htm"
  },
  {
    "date": "2006-03-31",
    "symbol": "DGX",
    "reportedCurrency": "USD",
    "cik": "0001022079",
    "fillingDate": "2006-04-28",
    "acceptedDate": "2006-04-28 16:25:48",
    "calendarYear": "2006",
    "period": "Q1",
    "revenue": 1555408000,
    "costOfRevenue": 922984000,
    "grossProfit": 632424000,
    "grossProfitRatio": 0.4065968543,
    "researchAndDevelopmentExpenses": 0,
    "generalAndAdministrativeExpenses": 358190000,
    "sellingAndMarketingExpenses": 0,
    "sellingGeneralAndAdministrativeExpenses": 358190000,
    "otherExpenses": 0,
    "operatingExpenses": 387883000,
    "costAndExpenses": 1310867000,
    "interestIncome": 0,
    "interestExpense": 0,
    "depreciationAndAmortization": 49060000,
    "ebitda": 307778000,
    "ebitdaratio": 0.1978760557,
    "operatingIncome": 244541000,
    "operatingIncomeRatio": 0.157219842,
    "totalOtherIncomeExpensesNet": -3480000,
    "incomeBeforeTax": 241061000,
    "incomeBeforeTaxRatio": 0.1549824869,
    "incomeTaxExpense": 96425000,
    "netIncome": 144636000,
    "netIncomeRatio": 0.0929891064,
    "eps": 0.73,
    "epsdiluted": 0.72,
    "weightedAverageShsOut": 198395000,
    "weightedAverageShsOutDil": 201034000,
    "link": "https://www.sec.gov/Archives/edgar/data/1022079/000095011706001951/0000950117-06-001951-index.htm",
    "finalLink": "https://www.sec.gov/Archives/edgar/data/1022079/000095011706001951/a41877.htm"
  },
  {
    "date": "2005-12-31",
    "symbol": "DGX",
    "reportedCurrency": "USD",
    "cik": "0001022079",
    "fillingDate": "2006-02-28",
    "acceptedDate": "2006-02-28 16:17:28",
    "calendarYear": "2005",
    "period": "Q4",
    "revenue": 1434876000,
    "costOfRevenue": 871555000,
    "grossProfit": 563321000,
    "grossProfitRatio": 0.3925921125,
    "researchAndDevelopmentExpenses": 0,
    "generalAndAdministrativeExpenses": 320327000,
    "sellingAndMarketingExpenses": 0,
    "sellingGeneralAndAdministrativeExpenses": 320327000,
    "otherExpenses": 0,
    "operatingExpenses": 329472000,
    "costAndExpenses": 1201027000,
    "interestIncome": 0,
    "interestExpense": 0,
    "depreciationAndAmortization": 47138000,
    "ebitda": 280987000,
    "ebitdaratio": 0.1958266777,
    "operatingIncome": 233849000,
    "operatingIncomeRatio": 0.1629750585,
    "totalOtherIncomeExpensesNet": -18857000,
    "incomeBeforeTax": 214992000,
    "incomeBeforeTaxRatio": 0.1498331563,
    "incomeTaxExpense": 84663000,
    "netIncome": 130329000,
    "netIncomeRatio": 0.0908294515,
    "eps": 0.66,
    "epsdiluted": 0.66,
    "weightedAverageShsOut": 198395000,
    "weightedAverageShsOutDil": 198395000,
    "link": "https://www.sec.gov/Archives/edgar/data/1022079/000095011706000951/0000950117-06-000951-index.htm",
    "finalLink": "https://www.sec.gov/Archives/edgar/data/1022079/000095011706000951/a41430.htm"
  },
  {
    "date": "2005-09-30",
    "symbol": "DGX",
    "reportedCurrency": "USD",
    "cik": "0001022079",
    "fillingDate": "2005-10-28",
    "acceptedDate": "2005-10-28 16:57:20",
    "calendarYear": "2005",
    "period": "Q3",
    "revenue": 1371821000,
    "costOfRevenue": 807020000,
    "grossProfit": 564801000,
    "grossProfitRatio": 0.4117162516,
    "researchAndDevelopmentExpenses": 0,
    "generalAndAdministrativeExpenses": 313426000,
    "sellingAndMarketingExpenses": 0,
    "sellingGeneralAndAdministrativeExpenses": 313426000,
    "otherExpenses": 0,
    "operatingExpenses": 321605000,
    "costAndExpenses": 1128625000,
    "interestIncome": 0,
    "interestExpense": 0,
    "depreciationAndAmortization": 43455000,
    "ebitda": 293810000,
    "ebitdaratio": 0.214175173,
    "operatingIncome": 243196000,
    "operatingIncomeRatio": 0.1772796888,
    "totalOtherIncomeExpensesNet": -24316000,
    "incomeBeforeTax": 226039000,
    "incomeBeforeTaxRatio": 0.1647729551,
    "incomeTaxExpense": 90791000,
    "netIncome": 135248000,
    "netIncomeRatio": 0.0985901222,
    "eps": 0.67,
    "epsdiluted": 0.66,
    "weightedAverageShsOut": 202681000,
    "weightedAverageShsOutDil": 206126000,
    "link": "https://www.sec.gov/Archives/edgar/data/1022079/000095011705004117/0000950117-05-004117-index.htm",
    "finalLink": "https://www.sec.gov/Archives/edgar/data/1022079/000095011705004117/a40726.htm"
  },
  {
    "date": "2005-06-30",
    "symbol": "DGX",
    "reportedCurrency": "USD",
    "cik": "0001022079",
    "fillingDate": "2005-07-28",
    "acceptedDate": "2005-07-28 16:22:11",
    "calendarYear": "2005",
    "period": "Q2",
    "revenue": 1377529000,
    "costOfRevenue": 798678000,
    "grossProfit": 578851000,
    "grossProfitRatio": 0.4202096653,
    "researchAndDevelopmentExpenses": 0,
    "generalAndAdministrativeExpenses": 316765000,
    "sellingAndMarketingExpenses": 0,
    "sellingGeneralAndAdministrativeExpenses": 316765000,
    "otherExpenses": 0,
    "operatingExpenses": 317651000,
    "costAndExpenses": 1116329000,
    "interestIncome": 0,
    "interestExpense": 0,
    "depreciationAndAmortization": 43003000,
    "ebitda": 304203000,
    "ebitdaratio": 0.2208323745,
    "operatingIncome": 261200000,
    "operatingIncomeRatio": 0.1896148829,
    "totalOtherIncomeExpensesNet": -11863000,
    "incomeBeforeTax": 249337000,
    "incomeBeforeTaxRatio": 0.181003086,
    "incomeTaxExpense": 100248000,
    "netIncome": 149089000,
    "netIncomeRatio": 0.1082293004,
    "eps": 0.74,
    "epsdiluted": 0.72,
    "weightedAverageShsOut": 202597000,
    "weightedAverageShsOutDil": 206554000,
    "link": "https://www.sec.gov/Archives/edgar/data/1022079/000095011705002972/0000950117-05-002972-index.htm",
    "finalLink": "https://www.sec.gov/Archives/edgar/data/1022079/000095011705002972/a40252.htm"
  },
  {
    "date": "2005-03-31",
    "symbol": "DGX",
    "reportedCurrency": "USD",
    "cik": "0001022079",
    "fillingDate": "2005-04-29",
    "acceptedDate": "2005-04-29 08:08:22",
    "calendarYear": "2005",
    "period": "Q1",
    "revenue": 1319485000,
    "costOfRevenue": 780082000,
    "grossProfit": 539403000,
    "grossProfitRatio": 0.4087981296,
    "researchAndDevelopmentExpenses": 0,
    "generalAndAdministrativeExpenses": 308348000,
    "sellingAndMarketingExpenses": 0,
    "sellingGeneralAndAdministrativeExpenses": 308348000,
    "otherExpenses": 0,
    "operatingExpenses": 309490000,
    "costAndExpenses": 1089572000,
    "interestIncome": 0,
    "interestExpense": 0,
    "depreciationAndAmortization": 42528000,
    "ebitda": 229913000,
    "ebitdaratio": 0.1742444969,
    "operatingIncome": 229913000,
    "operatingIncomeRatio": 0.1742444969,
    "totalOtherIncomeExpensesNet": -9827000,
    "incomeBeforeTax": 220086000,
    "incomeBeforeTaxRatio": 0.1667968942,
    "incomeTaxExpense": 88475000,
    "netIncome": 131611000,
    "netIncomeRatio": 0.0997442184,
    "eps": 0.65,
    "epsdiluted": 0.64,
    "weightedAverageShsOut": 201719000,
    "weightedAverageShsOutDil": 206142000,
    "link": "https://www.sec.gov/Archives/edgar/data/1022079/000095011705001656/0000950117-05-001656-index.htm",
    "finalLink": "https://www.sec.gov/Archives/edgar/data/1022079/000095011705001656/a39688.htm"
  },
  {
    "date": "2004-12-31",
    "symbol": "DGX",
    "reportedCurrency": "USD",
    "cik": "0001022079",
    "fillingDate": "2005-03-10",
    "acceptedDate": "2005-03-10 16:53:17",
    "calendarYear": "2004",
    "period": "Q4",
    "revenue": 1283288000,
    "costOfRevenue": 757430000,
    "grossProfit": 525858000,
    "grossProfitRatio": 0.4097739557,
    "researchAndDevelopmentExpenses": 0,
    "generalAndAdministrativeExpenses": 304551000,
    "sellingAndMarketingExpenses": 0,
    "sellingGeneralAndAdministrativeExpenses": 304551000,
    "otherExpenses": 0,
    "operatingExpenses": 295019000,
    "costAndExpenses": 1052449000,
    "interestIncome": 0,
    "interestExpense": 0,
    "depreciationAndAmortization": 42271000,
    "ebitda": 273110000,
    "ebitdaratio": 0.2128205048,
    "operatingIncome": 230839000,
    "operatingIncomeRatio": 0.1798808997,
    "totalOtherIncomeExpensesNet": -22809000,
    "incomeBeforeTax": 208030000,
    "incomeBeforeTaxRatio": 0.1621070251,
    "incomeTaxExpense": 81957000,
    "netIncome": 126073000,
    "netIncomeRatio": 0.0982421717,
    "eps": 0.62,
    "epsdiluted": 0.62,
    "weightedAverageShsOut": 200222245,
    "weightedAverageShsOutDil": 201718000,
    "link": "https://www.sec.gov/Archives/edgar/data/1022079/000095011705000922/0000950117-05-000922-index.htm",
    "finalLink": "https://www.sec.gov/Archives/edgar/data/1022079/000095011705000922/a39336.txt"
  },
  {
    "date": "2004-09-30",
    "symbol": "DGX",
    "reportedCurrency": "USD",
    "cik": "0001022079",
    "fillingDate": "2004-10-29",
    "acceptedDate": "2004-10-29 08:01:38",
    "calendarYear": "2004",
    "period": "Q3",
    "revenue": 1289897000,
    "costOfRevenue": 748424000,
    "grossProfit": 541473000,
    "grossProfitRatio": 0.4197800289,
    "researchAndDevelopmentExpenses": 0,
    "generalAndAdministrativeExpenses": 308248000,
    "sellingAndMarketingExpenses": 0,
    "sellingGeneralAndAdministrativeExpenses": 308248000,
    "otherExpenses": 0,
    "operatingExpenses": 309773000,
    "costAndExpenses": 1058197000,
    "interestIncome": 0,
    "interestExpense": 0,
    "depreciationAndAmortization": 42538000,
    "ebitda": 274238000,
    "ebitdaratio": 0.2126045723,
    "operatingIncome": 231700000,
    "operatingIncomeRatio": 0.1796267454,
    "totalOtherIncomeExpensesNet": -12969000,
    "incomeBeforeTax": 218731000,
    "incomeBeforeTaxRatio": 0.1695724542,
    "incomeTaxExpense": 88587000,
    "netIncome": 130144000,
    "netIncomeRatio": 0.1008948777,
    "eps": 0.65,
    "epsdiluted": 0.63,
    "weightedAverageShsOut": 202488000,
    "weightedAverageShsOutDil": 206544000,
    "link": "https://www.sec.gov/Archives/edgar/data/1022079/000095011704003722/0000950117-04-003722-index.htm",
    "finalLink": "https://www.sec.gov/Archives/edgar/data/1022079/000095011704003722/a38595.txt"
  },
  {
    "date": "2004-06-30",
    "symbol": "DGX",
    "reportedCurrency": "USD",
    "cik": "0001022079",
    "fillingDate": "2004-07-30",
    "acceptedDate": "2004-07-30 16:36:51",
    "calendarYear": "2004",
    "period": "Q2",
    "revenue": 1297674000,
    "costOfRevenue": 758195000,
    "grossProfit": 539479000,
    "grossProfitRatio": 0.4157276789,
    "researchAndDevelopmentExpenses": 0,
    "generalAndAdministrativeExpenses": 307402000,
    "sellingAndMarketingExpenses": 0,
    "sellingGeneralAndAdministrativeExpenses": 307402000,
    "otherExpenses": 0,
    "operatingExpenses": 309460000,
    "costAndExpenses": 1067655000,
    "interestIncome": 0,
    "interestExpense": 0,
    "depreciationAndAmortization": 42847000,
    "ebitda": 272866000,
    "ebitdaratio": 0.2102731503,
    "operatingIncome": 230019000,
    "operatingIncomeRatio": 0.1772548421,
    "totalOtherIncomeExpensesNet": -17191000,
    "incomeBeforeTax": 212828000,
    "incomeBeforeTaxRatio": 0.164007293,
    "incomeTaxExpense": 85999000,
    "netIncome": 126829000,
    "netIncomeRatio": 0.0977356408,
    "eps": 0.62,
    "epsdiluted": 0.6,
    "weightedAverageShsOut": 206018000,
    "weightedAverageShsOutDil": 210794000,
    "link": "https://www.sec.gov/Archives/edgar/data/1022079/000095011704002750/0000950117-04-002750-index.htm",
    "finalLink": "https://www.sec.gov/Archives/edgar/data/1022079/000095011704002750/a38099.txt"
  },
  {
    "date": "2004-03-31",
    "symbol": "DGX",
    "reportedCurrency": "USD",
    "cik": "0001022079",
    "fillingDate": "2004-04-30",
    "acceptedDate": "2004-04-30 16:06:48",
    "calendarYear": "2004",
    "period": "Q1",
    "revenue": 1255742000,
    "costOfRevenue": 737281000,
    "grossProfit": 518461000,
    "grossProfitRatio": 0.4128722301,
    "researchAndDevelopmentExpenses": 0,
    "generalAndAdministrativeExpenses": 307545000,
    "sellingAndMarketingExpenses": 0,
    "sellingGeneralAndAdministrativeExpenses": 307545000,
    "otherExpenses": 0,
    "operatingExpenses": 309582000,
    "costAndExpenses": 1046863000,
    "interestIncome": 0,
    "interestExpense": 0,
    "depreciationAndAmortization": 41070000,
    "ebitda": 249949000,
    "ebitdaratio": 0.1990448675,
    "operatingIncome": 208879000,
    "operatingIncomeRatio": 0.1663391047,
    "totalOtherIncomeExpensesNet": -13342000,
    "incomeBeforeTax": 195537000,
    "incomeBeforeTaxRatio": 0.1557143107,
    "incomeTaxExpense": 79388000,
    "netIncome": 116149000,
    "netIncomeRatio": 0.0924943181,
    "eps": 0.56,
    "epsdiluted": 0.54,
    "weightedAverageShsOut": 206284000,
    "weightedAverageShsOutDil": 217198000,
    "link": "https://www.sec.gov/Archives/edgar/data/1022079/000095011704001657/0000950117-04-001657-index.htm",
    "finalLink": "https://www.sec.gov/Archives/edgar/data/1022079/000095011704001657/a37551.txt"
  },
  {
    "date": "2003-12-31",
    "symbol": "DGX",
    "reportedCurrency": "USD",
    "cik": "0001022079",
    "fillingDate": "2004-02-27",
    "acceptedDate": "2004-02-27 17:21:27",
    "calendarYear": "2003",
    "period": "Q4",
    "revenue": 1204005000,
    "costOfRevenue": 706222000,
    "grossProfit": 497783000,
    "grossProfitRatio": 0.413439313,
    "researchAndDevelopmentExpenses": 0,
    "generalAndAdministrativeExpenses": 298026000,
    "sellingAndMarketingExpenses": 0,
    "sellingGeneralAndAdministrativeExpenses": 298026000,
    "otherExpenses": 0,
    "operatingExpenses": 301798000,
    "costAndExpenses": 1008020000,
    "interestIncome": 0,
    "interestExpense": 0,
    "depreciationAndAmortization": 40403000,
    "ebitda": 236388000,
    "ebitdaratio": 0.1963347328,
    "operatingIncome": 195985000,
    "operatingIncomeRatio": 0.1627775632,
    "totalOtherIncomeExpensesNet": -13139000,
    "incomeBeforeTax": 182846000,
    "incomeBeforeTaxRatio": 0.1518648178,
    "incomeTaxExpense": 74601000,
    "netIncome": 108245000,
    "netIncomeRatio": 0.0899041117,
    "eps": 0.52,
    "epsdiluted": 0.52,
    "weightedAverageShsOut": 206284000,
    "weightedAverageShsOutDil": 206284000,
    "link": "https://www.sec.gov/Archives/edgar/data/1022079/000095011704000798/0000950117-04-000798-index.htm",
    "finalLink": "https://www.sec.gov/Archives/edgar/data/1022079/000095011704000798/a37115.txt"
  },
  {
    "date": "2003-09-30",
    "symbol": "DGX",
    "reportedCurrency": "USD",
    "cik": "0001022079",
    "fillingDate": "2003-10-31",
    "acceptedDate": "2003-10-31 07:59:56",
    "calendarYear": "2003",
    "period": "Q3",
    "revenue": 1221221000,
    "costOfRevenue": 711180000,
    "grossProfit": 510041000,
    "grossProfitRatio": 0.4176484027,
    "researchAndDevelopmentExpenses": 0,
    "generalAndAdministrativeExpenses": 292413000,
    "sellingAndMarketingExpenses": 0,
    "sellingGeneralAndAdministrativeExpenses": 292413000,
    "otherExpenses": 0,
    "operatingExpenses": 292518000,
    "costAndExpenses": 1003698000,
    "interestIncome": 0,
    "interestExpense": 0,
    "depreciationAndAmortization": 38528000,
    "ebitda": 256051000,
    "ebitdaratio": 0.209668029,
    "operatingIncome": 217523000,
    "operatingIncomeRatio": 0.1781192757,
    "totalOtherIncomeExpensesNet": -14770000,
    "incomeBeforeTax": 202753000,
    "incomeBeforeTaxRatio": 0.1660248227,
    "incomeTaxExpense": 82729000,
    "netIncome": 120024000,
    "netIncomeRatio": 0.0982819653,
    "eps": 0.57,
    "epsdiluted": 0.56,
    "weightedAverageShsOut": 209574000,
    "weightedAverageShsOutDil": 214556000,
    "link": "https://www.sec.gov/Archives/edgar/data/1022079/000095011703004623/0000950117-03-004623-index.htm",
    "finalLink": "https://www.sec.gov/Archives/edgar/data/1022079/000095011703004623/a36348.txt"
  },
  {
    "date": "2003-06-30",
    "symbol": "DGX",
    "reportedCurrency": "USD",
    "cik": "0001022079",
    "fillingDate": "2003-07-31",
    "acceptedDate": "2003-07-31 16:29:08",
    "calendarYear": "2003",
    "period": "Q2",
    "revenue": 1219935000,
    "costOfRevenue": 703124000,
    "grossProfit": 516811000,
    "grossProfitRatio": 0.4236381447,
    "researchAndDevelopmentExpenses": 0,
    "generalAndAdministrativeExpenses": 296062000,
    "sellingAndMarketingExpenses": 0,
    "sellingGeneralAndAdministrativeExpenses": 296062000,
    "otherExpenses": 0,
    "operatingExpenses": 298130000,
    "costAndExpenses": 1001254000,
    "interestIncome": 0,
    "interestExpense": 0,
    "depreciationAndAmortization": 38271000,
    "ebitda": 256952000,
    "ebitdaratio": 0.2106276154,
    "operatingIncome": 218681000,
    "operatingIncomeRatio": 0.1792562719,
    "totalOtherIncomeExpensesNet": -15276000,
    "incomeBeforeTax": 203405000,
    "incomeBeforeTaxRatio": 0.1667342932,
    "incomeTaxExpense": 82993000,
    "netIncome": 120412000,
    "netIncomeRatio": 0.0987036195,
    "eps": 0.57,
    "epsdiluted": 0.56,
    "weightedAverageShsOut": 210098000,
    "weightedAverageShsOutDil": 215354000,
    "link": "https://www.sec.gov/Archives/edgar/data/1022079/000095011703003382/0000950117-03-003382-index.htm",
    "finalLink": "https://www.sec.gov/Archives/edgar/data/1022079/000095011703003382/a35846.txt"
  },
  {
    "date": "2003-03-31",
    "symbol": "DGX",
    "reportedCurrency": "USD",
    "cik": "0001022079",
    "fillingDate": "2003-04-30",
    "acceptedDate": "2003-04-30 16:05:55",
    "calendarYear": "2003",
    "period": "Q1",
    "revenue": 1092797000,
    "costOfRevenue": 648097000,
    "grossProfit": 444700000,
    "grossProfitRatio": 0.4069374275,
    "researchAndDevelopmentExpenses": 0,
    "generalAndAdministrativeExpenses": 279199000,
    "sellingAndMarketingExpenses": 0,
    "sellingGeneralAndAdministrativeExpenses": 279199000,
    "otherExpenses": 0,
    "operatingExpenses": 281222000,
    "costAndExpenses": 929319000,
    "interestIncome": 0,
    "interestExpense": 0,
    "depreciationAndAmortization": 36701000,
    "ebitda": 200179000,
    "ebitdaratio": 0.1831804077,
    "operatingIncome": 163478000,
    "operatingIncomeRatio": 0.1495959451,
    "totalOtherIncomeExpensesNet": -14684000,
    "incomeBeforeTax": 148794000,
    "incomeBeforeTaxRatio": 0.1361588657,
    "incomeTaxExpense": 60758000,
    "netIncome": 88036000,
    "netIncomeRatio": 0.0805602504,
    "eps": 0.44,
    "epsdiluted": 0.43,
    "weightedAverageShsOut": 200074000,
    "weightedAverageShsOutDil": 204910000,
    "link": "https://www.sec.gov/Archives/edgar/data/1022079/000095011703001797/0000950117-03-001797-index.htm",
    "finalLink": "https://www.sec.gov/Archives/edgar/data/1022079/000095011703001797/a35137.txt"
  },
  {
    "date": "2002-12-31",
    "symbol": "DGX",
    "reportedCurrency": "USD",
    "cik": "0001022079",
    "fillingDate": "2003-02-28",
    "acceptedDate": "2003-02-28 16:33:38",
    "calendarYear": "2002",
    "period": "Q4",
    "revenue": 1033765000,
    "costOfRevenue": 619317000,
    "grossProfit": 414448000,
    "grossProfitRatio": 0.4009112322,
    "researchAndDevelopmentExpenses": 0,
    "generalAndAdministrativeExpenses": 267030000,
    "sellingAndMarketingExpenses": 0,
    "sellingGeneralAndAdministrativeExpenses": 267030000,
    "otherExpenses": 0,
    "operatingExpenses": 269160000,
    "costAndExpenses": 888477000,
    "interestIncome": 0,
    "interestExpense": 0,
    "depreciationAndAmortization": 34694000,
    "ebitda": 179982000,
    "ebitdaratio": 0.1741033987,
    "operatingIncome": 145288000,
    "operatingIncomeRatio": 0.1405425798,
    "totalOtherIncomeExpensesNet": -8051000,
    "incomeBeforeTax": 137237000,
    "incomeBeforeTaxRatio": 0.1327545429,
    "incomeTaxExpense": 55540000,
    "netIncome": 81697000,
    "netIncomeRatio": 0.0790285993,
    "eps": 0.41,
    "epsdiluted": 0.41,
    "weightedAverageShsOut": 194198347,
    "weightedAverageShsOutDil": 200074000,
    "link": "https://www.sec.gov/Archives/edgar/data/1022079/000095011703000883/0000950117-03-000883-index.htm",
    "finalLink": "https://www.sec.gov/Archives/edgar/data/1022079/000095011703000883/a34631.txt"
  },
  {
    "date": "2002-09-30",
    "symbol": "DGX",
    "reportedCurrency": "USD",
    "cik": "0001022079",
    "fillingDate": "2002-10-31",
    "acceptedDate": "2002-10-31 09:04:44",
    "calendarYear": "2002",
    "period": "Q3",
    "revenue": 1058714000,
    "costOfRevenue": 625075000,
    "grossProfit": 433639000,
    "grossProfitRatio": 0.4095903143,
    "researchAndDevelopmentExpenses": 0,
    "generalAndAdministrativeExpenses": 272587000,
    "sellingAndMarketingExpenses": 0,
    "sellingGeneralAndAdministrativeExpenses": 272587000,
    "otherExpenses": 0,
    "operatingExpenses": 274610000,
    "costAndExpenses": 899685000,
    "interestIncome": 0,
    "interestExpense": 0,
    "depreciationAndAmortization": 32882000,
    "ebitda": 191911000,
    "ebitdaratio": 0.1812680289,
    "operatingIncome": 159029000,
    "operatingIncomeRatio": 0.1502095939,
    "totalOtherIncomeExpensesNet": -12884000,
    "incomeBeforeTax": 146145000,
    "incomeBeforeTaxRatio": 0.1380401128,
    "incomeTaxExpense": 59528000,
    "netIncome": 86617000,
    "netIncomeRatio": 0.0818134076,
    "eps": 0.45,
    "epsdiluted": 0.44,
    "weightedAverageShsOut": 193800000,
    "weightedAverageShsOutDil": 199424000,
    "link": "https://www.sec.gov/Archives/edgar/data/1022079/000095011702002530/0000950117-02-002530-index.htm",
    "finalLink": "https://www.sec.gov/Archives/edgar/data/1022079/000095011702002530/a33594.txt"
  },
  {
    "date": "2002-06-30",
    "symbol": "DGX",
    "reportedCurrency": "USD",
    "cik": "0001022079",
    "fillingDate": "2002-08-13",
    "acceptedDate": "2002-08-12 21:49:52",
    "calendarYear": "2002",
    "period": "Q2",
    "revenue": 1068810000,
    "costOfRevenue": 630258000,
    "grossProfit": 438552000,
    "grossProfitRatio": 0.4103180172,
    "researchAndDevelopmentExpenses": 0,
    "generalAndAdministrativeExpenses": 276821000,
    "sellingAndMarketingExpenses": 0,
    "sellingGeneralAndAdministrativeExpenses": 276821000,
    "otherExpenses": 0,
    "operatingExpenses": 278886000,
    "costAndExpenses": 909144000,
    "interestIncome": 0,
    "interestExpense": 0,
    "depreciationAndAmortization": 33505000,
    "ebitda": 193171000,
    "ebitdaratio": 0.1807346488,
    "operatingIncome": 159666000,
    "operatingIncomeRatio": 0.1493867011,
    "totalOtherIncomeExpensesNet": -13194000,
    "incomeBeforeTax": 146472000,
    "incomeBeforeTaxRatio": 0.137042131,
    "incomeTaxExpense": 59321000,
    "netIncome": 87151000,
    "netIncomeRatio": 0.0815402176,
    "eps": 0.45,
    "epsdiluted": 0.44,
    "weightedAverageShsOut": 192786000,
    "weightedAverageShsOutDil": 200594000,
    "link": "https://www.sec.gov/Archives/edgar/data/1022079/000095011702001837/0000950117-02-001837-index.htm",
    "finalLink": "https://www.sec.gov/Archives/edgar/data/1022079/000095011702001837/a33151.txt"
  },
  {
    "date": "2002-03-31",
    "symbol": "DGX",
    "reportedCurrency": "USD",
    "cik": "0001022079",
    "fillingDate": "2002-05-13",
    "acceptedDate": "2002-05-13 16:55:48",
    "calendarYear": "2002",
    "period": "Q1",
    "revenue": 946762000,
    "costOfRevenue": 557738000,
    "grossProfit": 389024000,
    "grossProfitRatio": 0.4108994658,
    "researchAndDevelopmentExpenses": 0,
    "generalAndAdministrativeExpenses": 258403000,
    "sellingAndMarketingExpenses": 0,
    "sellingGeneralAndAdministrativeExpenses": 258403000,
    "otherExpenses": 0,
    "operatingExpenses": 260558000,
    "costAndExpenses": 818296000,
    "interestIncome": 0,
    "interestExpense": 0,
    "depreciationAndAmortization": 30310000,
    "ebitda": 158776000,
    "ebitdaratio": 0.1677042382,
    "operatingIncome": 128466000,
    "operatingIncomeRatio": 0.1356898566,
    "totalOtherIncomeExpensesNet": -15943000,
    "incomeBeforeTax": 112523000,
    "incomeBeforeTaxRatio": 0.1188503552,
    "incomeTaxExpense": 45834000,
    "netIncome": 66689000,
    "netIncomeRatio": 0.0704390333,
    "eps": 0.35,
    "epsdiluted": 0.34,
    "weightedAverageShsOut": 190844000,
    "weightedAverageShsOutDil": 198614000,
    "link": "https://www.sec.gov/Archives/edgar/data/1022079/000095011702001184/0000950117-02-001184-index.htm",
    "finalLink": "https://www.sec.gov/Archives/edgar/data/1022079/000095011702001184/a32670.txt"
  },
  {
    "date": "2001-12-31",
    "symbol": "DGX",
    "reportedCurrency": "USD",
    "cik": "0001022079",
    "fillingDate": "2002-03-04",
    "acceptedDate": "2002-03-04 00:00:00",
    "calendarYear": "2001",
    "period": "Q4",
    "revenue": 910440000,
    "costOfRevenue": 537574000,
    "grossProfit": 372866000,
    "grossProfitRatio": 0.4095448355,
    "researchAndDevelopmentExpenses": 0,
    "generalAndAdministrativeExpenses": 258356000,
    "sellingAndMarketingExpenses": 0,
    "sellingGeneralAndAdministrativeExpenses": 258356000,
    "otherExpenses": 0,
    "operatingExpenses": 269782000,
    "costAndExpenses": 807356000,
    "interestIncome": 0,
    "interestExpense": 0,
    "depreciationAndAmortization": 39727000,
    "ebitda": 142811000,
    "ebitdaratio": 0.1568593208,
    "operatingIncome": 103084000,
    "operatingIncomeRatio": 0.113224375,
    "totalOtherIncomeExpensesNet": -11549000,
    "incomeBeforeTax": 91535000,
    "incomeBeforeTaxRatio": 0.1005392997,
    "incomeTaxExpense": 40597000,
    "netIncome": 50938000,
    "netIncomeRatio": 0.055948772,
    "eps": 0.27,
    "epsdiluted": 0.27,
    "weightedAverageShsOut": 190548690,
    "weightedAverageShsOutDil": 190844000,
    "link": "https://www.sec.gov/Archives/edgar/data/1022079/000095011702000464/0000950117-02-000464-index.htm",
    "finalLink": "https://www.sec.gov/Archives/edgar/data/1022079/000095011702000464/a32159.txt"
  },
  {
    "date": "2001-09-30",
    "symbol": "DGX",
    "reportedCurrency": "USD",
    "cik": "0001022079",
    "fillingDate": "2001-10-31",
    "acceptedDate": "2001-10-31 00:00:00",
    "calendarYear": "2001",
    "period": "Q3",
    "revenue": 903189000,
    "costOfRevenue": 535564000,
    "grossProfit": 367625000,
    "grossProfitRatio": 0.4070299793,
    "researchAndDevelopmentExpenses": 0,
    "generalAndAdministrativeExpenses": 251048000,
    "sellingAndMarketingExpenses": 0,
    "sellingGeneralAndAdministrativeExpenses": 251048000,
    "otherExpenses": 0,
    "operatingExpenses": 262490000,
    "costAndExpenses": 798054000,
    "interestIncome": 0,
    "interestExpense": 0,
    "depreciationAndAmortization": 37097000,
    "ebitda": 142232000,
    "ebitdaratio": 0.1574775601,
    "operatingIncome": 105135000,
    "operatingIncomeRatio": 0.1164042078,
    "totalOtherIncomeExpensesNet": -15249000,
    "incomeBeforeTax": 89886000,
    "incomeBeforeTaxRatio": 0.0995206983,
    "incomeTaxExpense": 39764000,
    "netIncome": 50122000,
    "netIncomeRatio": 0.0554944757,
    "eps": 0.27,
    "epsdiluted": 0.26,
    "weightedAverageShsOut": 186764000,
    "weightedAverageShsOutDil": 196092000,
    "link": "https://www.sec.gov/Archives/edgar/data/1022079/000095012301507710/0000950123-01-507710-index.htm",
    "finalLink": "https://www.sec.gov/Archives/edgar/data/1022079/000095012301507710/y54386e10-q.txt"
  },
  {
    "date": "2001-06-30",
    "symbol": "DGX",
    "reportedCurrency": "USD",
    "cik": "0001022079",
    "fillingDate": "2001-08-09",
    "acceptedDate": "2001-08-09 00:00:00",
    "calendarYear": "2001",
    "period": "Q2",
    "revenue": 931589000,
    "costOfRevenue": 549391000,
    "grossProfit": 382198000,
    "grossProfitRatio": 0.4102646124,
    "researchAndDevelopmentExpenses": 0,
    "generalAndAdministrativeExpenses": 256474000,
    "sellingAndMarketingExpenses": 0,
    "sellingGeneralAndAdministrativeExpenses": 256474000,
    "otherExpenses": 0,
    "operatingExpenses": 268613000,
    "costAndExpenses": 818004000,
    "interestIncome": 0,
    "interestExpense": 0,
    "depreciationAndAmortization": 36638000,
    "ebitda": 150223000,
    "ebitdaratio": 0.1612545876,
    "operatingIncome": 113585000,
    "operatingIncomeRatio": 0.1219260854,
    "totalOtherIncomeExpensesNet": -27874000,
    "incomeBeforeTax": 85711000,
    "incomeBeforeTaxRatio": 0.0920051654,
    "incomeTaxExpense": 38607000,
    "netIncome": 25495000,
    "netIncomeRatio": 0.0273672188,
    "eps": 0.14,
    "epsdiluted": 0.13,
    "weightedAverageShsOut": 185132000,
    "weightedAverageShsOutDil": 194608000,
    "link": "https://www.sec.gov/Archives/edgar/data/1022079/000095012301505212/0000950123-01-505212-index.htm",
    "finalLink": "https://www.sec.gov/Archives/edgar/data/1022079/000095012301505212/y52201e10-q.txt"
  },
  {
    "date": "2001-03-31",
    "symbol": "DGX",
    "reportedCurrency": "USD",
    "cik": "0001022079",
    "fillingDate": "2001-05-03",
    "acceptedDate": "2001-05-03 00:00:00",
    "calendarYear": "2001",
    "period": "Q1",
    "revenue": 882553000,
    "costOfRevenue": 494800000,
    "grossProfit": 387753000,
    "grossProfitRatio": 0.4393537839,
    "researchAndDevelopmentExpenses": 0,
    "generalAndAdministrativeExpenses": 252802000,
    "sellingAndMarketingExpenses": 0,
    "sellingGeneralAndAdministrativeExpenses": 252802000,
    "otherExpenses": 0,
    "operatingExpenses": 298167000,
    "costAndExpenses": 792967000,
    "interestIncome": 0,
    "interestExpense": 0,
    "depreciationAndAmortization": 34265000,
    "ebitda": 123851000,
    "ebitdaratio": 0.1403326486,
    "operatingIncome": 89586000,
    "operatingIncomeRatio": 0.1015077848,
    "totalOtherIncomeExpensesNet": -24114000,
    "incomeBeforeTax": 65472000,
    "incomeBeforeTaxRatio": 0.0741847798,
    "incomeTaxExpense": 29724000,
    "netIncome": 35748000,
    "netIncomeRatio": 0.0405052161,
    "eps": 0.2,
    "epsdiluted": 0.19,
    "weightedAverageShsOut": 183778000,
    "weightedAverageShsOutDil": 193238000,
    "link": "https://www.sec.gov/Archives/edgar/data/1022079/000095012301501769/0000950123-01-501769-index.htm",
    "finalLink": "https://www.sec.gov/Archives/edgar/data/1022079/000095012301501769/y48616e10-q.txt"
  },
  {
    "date": "2000-12-31",
    "symbol": "DGX",
    "reportedCurrency": "USD",
    "cik": "0001022079",
    "fillingDate": "2001-04-02",
    "acceptedDate": "2001-04-02 00:00:00",
    "calendarYear": "2000",
    "period": "Q4",
    "revenue": 836334000,
    "costOfRevenue": 496382000,
    "grossProfit": 339952000,
    "grossProfitRatio": 0.4064787513,
    "researchAndDevelopmentExpenses": 0,
    "generalAndAdministrativeExpenses": 247543000,
    "sellingAndMarketingExpenses": 0,
    "sellingGeneralAndAdministrativeExpenses": 247543000,
    "otherExpenses": 0,
    "operatingExpenses": 263467000,
    "costAndExpenses": 759849000,
    "interestIncome": 0,
    "interestExpense": 0,
    "depreciationAndAmortization": 15924000,
    "ebitda": 92409000,
    "ebitdaratio": 0.110492937,
    "operatingIncome": 76485000,
    "operatingIncomeRatio": 0.0914526971,
    "totalOtherIncomeExpensesNet": -22932000,
    "incomeBeforeTax": 53553000,
    "incomeBeforeTaxRatio": 0.0640330299,
    "incomeTaxExpense": 25294000,
    "netIncome": 25363000,
    "netIncomeRatio": 0.0303264007,
    "eps": 0.14,
    "epsdiluted": 0.14,
    "weightedAverageShsOut": 181434386,
    "weightedAverageShsOutDil": 183780000,
    "link": "https://www.sec.gov/Archives/edgar/data/1022079/000095012301500486/0000950123-01-500486-index.htm",
    "finalLink": "https://www.sec.gov/Archives/edgar/data/1022079/000095012301500486/y47180e10-k.txt"
  },
  {
    "date": "2000-09-30",
    "symbol": "DGX",
    "reportedCurrency": "USD",
    "cik": "0001022079",
    "fillingDate": "2000-11-14",
    "acceptedDate": "2000-11-14 00:00:00",
    "calendarYear": "2000",
    "period": "Q3",
    "revenue": 850236000,
    "costOfRevenue": 474230000,
    "grossProfit": 376006000,
    "grossProfitRatio": 0.4422372141,
    "researchAndDevelopmentExpenses": 0,
    "generalAndAdministrativeExpenses": 251219000,
    "sellingAndMarketingExpenses": 0,
    "sellingGeneralAndAdministrativeExpenses": 251219000,
    "otherExpenses": 0,
    "operatingExpenses": 293217000,
    "costAndExpenses": 767447000,
    "interestIncome": 0,
    "interestExpense": 0,
    "depreciationAndAmortization": 41998000,
    "ebitda": 124787000,
    "ebitdaratio": 0.1467674857,
    "operatingIncome": 82789000,
    "operatingIncomeRatio": 0.0973717885,
    "totalOtherIncomeExpensesNet": -28770000,
    "incomeBeforeTax": 54019000,
    "incomeBeforeTaxRatio": 0.0635341246,
    "incomeTaxExpense": 25307000,
    "netIncome": 28712000,
    "netIncomeRatio": 0.0337694475,
    "eps": 0.16,
    "epsdiluted": 0.15,
    "weightedAverageShsOut": 179888000,
    "weightedAverageShsOutDil": 191540000,
    "link": "https://www.sec.gov/Archives/edgar/data/1022079/000091205700049772/0000912057-00-049772-index.htm",
    "finalLink": "https://www.sec.gov/Archives/edgar/data/1022079/000091205700049772/a2030896z10-q.txt"
  },
  {
    "date": "2000-06-30",
    "symbol": "DGX",
    "reportedCurrency": "USD",
    "cik": "0001022079",
    "fillingDate": "2000-08-03",
    "acceptedDate": "2000-08-03 00:00:00",
    "calendarYear": "2000",
    "period": "Q2",
    "revenue": 877113000,
    "costOfRevenue": 489202000,
    "grossProfit": 387911000,
    "grossProfitRatio": 0.4422588652,
    "researchAndDevelopmentExpenses": 0,
    "generalAndAdministrativeExpenses": 252846000,
    "sellingAndMarketingExpenses": 0,
    "sellingGeneralAndAdministrativeExpenses": 252846000,
    "otherExpenses": 0,
    "operatingExpenses": 296035000,
    "costAndExpenses": 785237000,
    "interestIncome": 0,
    "interestExpense": 0,
    "depreciationAndAmortization": 43189000,
    "ebitda": 135065000,
    "ebitdaratio": 0.1539881406,
    "operatingIncome": 91876000,
    "operatingIncomeRatio": 0.1047481909,
    "totalOtherIncomeExpensesNet": -33663000,
    "incomeBeforeTax": 58213000,
    "incomeBeforeTaxRatio": 0.0663688715,
    "incomeTaxExpense": 28045000,
    "netIncome": 30168000,
    "netIncomeRatio": 0.0343946561,
    "eps": 0.17,
    "epsdiluted": 0.16,
    "weightedAverageShsOut": 178308000,
    "weightedAverageShsOutDil": 187924000,
    "link": "https://www.sec.gov/Archives/edgar/data/1022079/000091205700034406/0000912057-00-034406-index.htm",
    "finalLink": "https://www.sec.gov/Archives/edgar/data/1022079/000091205700034406/a10-q.txt"
  },
  {
    "date": "2000-03-31",
    "symbol": "DGX",
    "reportedCurrency": "USD",
    "cik": "0001022079",
    "fillingDate": "2000-04-27",
    "acceptedDate": "2000-04-27 00:00:00",
    "calendarYear": "2000",
    "period": "Q1",
    "revenue": 857479000,
    "costOfRevenue": 507792000,
    "grossProfit": 349687000,
    "grossProfitRatio": 0.4078082379,
    "researchAndDevelopmentExpenses": 0,
    "generalAndAdministrativeExpenses": 249835000,
    "sellingAndMarketingExpenses": 0,
    "sellingGeneralAndAdministrativeExpenses": 249835000,
    "otherExpenses": 0,
    "operatingExpenses": 283020000,
    "costAndExpenses": 790812000,
    "interestIncome": 0,
    "interestExpense": 0,
    "depreciationAndAmortization": 33185000,
    "ebitda": 99852000,
    "ebitdaratio": 0.1164483328,
    "operatingIncome": 66667000,
    "operatingIncomeRatio": 0.0777476766,
    "totalOtherIncomeExpensesNet": -31471000,
    "incomeBeforeTax": 35196000,
    "incomeBeforeTaxRatio": 0.0410459032,
    "incomeTaxExpense": 17387000,
    "netIncome": 17809000,
    "netIncomeRatio": 0.0207690217,
    "eps": 0.1,
    "epsdiluted": 0.0975,
    "weightedAverageShsOut": 176524000,
    "weightedAverageShsOutDil": 182464000,
    "link": "https://www.sec.gov/Archives/edgar/data/1022079/000091205700020092/0000912057-00-020092-index.html",
    "finalLink": "https://www.sec.gov/Archives/edgar/data/1022079/000091205700020092/"
  },
  {
    "date": "1999-12-31",
    "symbol": "DGX",
    "reportedCurrency": "USD",
    "cik": "0001022079",
    "fillingDate": "2000-03-30",
    "acceptedDate": "2000-03-30 00:00:00",
    "calendarYear": "1999",
    "period": "Q4",
    "revenue": 814500000,
    "costOfRevenue": 536000000,
    "grossProfit": 278500000,
    "grossProfitRatio": 0.3419275629,
    "researchAndDevelopmentExpenses": 0,
    "generalAndAdministrativeExpenses": 192000000,
    "sellingAndMarketingExpenses": 0,
    "sellingGeneralAndAdministrativeExpenses": 192000000,
    "otherExpenses": 0,
    "operatingExpenses": 225600000,
    "costAndExpenses": 761600000,
    "interestIncome": 0,
    "interestExpense": 0,
    "depreciationAndAmortization": 33600000,
    "ebitda": 86500000,
    "ebitdaratio": 0.1062001228,
    "operatingIncome": 52900000,
    "operatingIncomeRatio": 0.0649478207,
    "totalOtherIncomeExpensesNet": -71500000,
    "incomeBeforeTax": -18600000,
    "incomeBeforeTaxRatio": -0.0228360958,
    "incomeTaxExpense": -4100000,
    "netIncome": -14500000,
    "netIncomeRatio": -0.0178023327,
    "eps": -0.0821,
    "epsdiluted": -0.0821,
    "weightedAverageShsOut": 176524000,
    "weightedAverageShsOutDil": 176524000,
    "link": "https://www.sec.gov/Archives/edgar/data/1022079/000091205700014960/0000912057-00-014960-index.html",
    "finalLink": "https://www.sec.gov/Archives/edgar/data/1022079/000091205700014960/"
  },
  {
    "date": "1999-09-30",
    "symbol": "DGX",
    "reportedCurrency": "USD",
    "cik": "0001022079",
    "fillingDate": "1999-11-15",
    "acceptedDate": "1999-11-15 00:00:00",
    "calendarYear": "1999",
    "period": "Q3",
    "revenue": 614800000,
    "costOfRevenue": 353100000,
    "grossProfit": 261700000,
    "grossProfitRatio": 0.4256668835,
    "researchAndDevelopmentExpenses": 0,
    "generalAndAdministrativeExpenses": 192700000,
    "sellingAndMarketingExpenses": 0,
    "sellingGeneralAndAdministrativeExpenses": 192700000,
    "otherExpenses": 0,
    "operatingExpenses": 216800000,
    "costAndExpenses": 569900000,
    "interestIncome": 0,
    "interestExpense": 0,
    "depreciationAndAmortization": 24100000,
    "ebitda": 69000000,
    "ebitdaratio": 0.11223162,
    "operatingIncome": 44900000,
    "operatingIncomeRatio": 0.0730318803,
    "totalOtherIncomeExpensesNet": -50500000,
    "incomeBeforeTax": -5600000,
    "incomeBeforeTaxRatio": -0.0091086532,
    "incomeTaxExpense": 1700000,
    "netIncome": -9400000,
    "netIncomeRatio": -0.015289525,
    "eps": -0.065,
    "epsdiluted": -0.065,
    "weightedAverageShsOut": 144615385,
    "weightedAverageShsOutDil": 144615385,
    "link": "https://www.sec.gov/Archives/edgar/data/1022079/000091205799006043/0000912057-99-006043-index.html",
    "finalLink": "https://www.sec.gov/Archives/edgar/data/1022079/000091205799006043/"
  },
  {
    "date": "1999-06-30",
    "symbol": "DGX",
    "reportedCurrency": "USD",
    "cik": "0001022079",
    "fillingDate": "1999-08-13",
    "acceptedDate": "1999-08-13 00:00:00",
    "calendarYear": "1999",
    "period": "Q2",
    "revenue": 394000000,
    "costOfRevenue": 214300000,
    "grossProfit": 179700000,
    "grossProfitRatio": 0.4560913706,
    "researchAndDevelopmentExpenses": 0,
    "generalAndAdministrativeExpenses": 131600000,
    "sellingAndMarketingExpenses": 0,
    "sellingGeneralAndAdministrativeExpenses": 131600000,
    "otherExpenses": 0,
    "operatingExpenses": 148200000,
    "costAndExpenses": 362500000,
    "interestIncome": 0,
    "interestExpense": 0,
    "depreciationAndAmortization": 16600000,
    "ebitda": 48151000,
    "ebitdaratio": 0.1222106599,
    "operatingIncome": 31500000,
    "operatingIncomeRatio": 0.0799492386,
    "totalOtherIncomeExpensesNet": -7034000,
    "incomeBeforeTax": 24500000,
    "incomeBeforeTaxRatio": 0.0621827411,
    "incomeTaxExpense": 11400000,
    "netIncome": 13100000,
    "netIncomeRatio": 0.033248731,
    "eps": 0.11,
    "epsdiluted": 0.11,
    "weightedAverageShsOut": 119090909,
    "weightedAverageShsOutDil": 121860465,
    "link": "https://www.sec.gov/Archives/edgar/data/1022079/000104746999032015/0001047469-99-032015-index.html",
    "finalLink": "https://www.sec.gov/Archives/edgar/data/1022079/000104746999032015/"
  },
  {
    "date": "1999-03-31",
    "symbol": "DGX",
    "reportedCurrency": "USD",
    "cik": "0001022079",
    "fillingDate": "1999-05-17",
    "acceptedDate": "1999-05-17 00:00:00",
    "calendarYear": "1999",
    "period": "Q1",
    "revenue": 381800000,
    "costOfRevenue": 215600000,
    "grossProfit": 166200000,
    "grossProfitRatio": 0.4353064432,
    "researchAndDevelopmentExpenses": 0,
    "generalAndAdministrativeExpenses": 127000000,
    "sellingAndMarketingExpenses": 0,
    "sellingGeneralAndAdministrativeExpenses": 127000000,
    "otherExpenses": 0,
    "operatingExpenses": 143500000,
    "costAndExpenses": 359100000,
    "interestIncome": 0,
    "interestExpense": 0,
    "depreciationAndAmortization": 16500000,
    "ebitda": 39222000,
    "ebitdaratio": 0.1027291776,
    "operatingIncome": 22700000,
    "operatingIncomeRatio": 0.0594552122,
    "totalOtherIncomeExpensesNet": -8661000,
    "incomeBeforeTax": 14000000,
    "incomeBeforeTaxRatio": 0.0366684128,
    "incomeTaxExpense": 6600000,
    "netIncome": 7433000,
    "netIncomeRatio": 0.019468308,
    "eps": 0.0625,
    "epsdiluted": 0.06,
    "weightedAverageShsOut": 118864000,
    "weightedAverageShsOutDil": 121120000,
    "link": "https://www.sec.gov/Archives/edgar/data/1022079/000095014699001154/0000950146-99-001154-index.html",
    "finalLink": "https://www.sec.gov/Archives/edgar/data/1022079/"
  },
  {
    "date": "1998-12-31",
    "symbol": "DGX",
    "reportedCurrency": "USD",
    "cik": "0001022079",
    "fillingDate": "1999-03-31",
    "acceptedDate": "1999-03-31 00:00:00",
    "calendarYear": "1998",
    "period": "Q4",
    "revenue": 363300000,
    "costOfRevenue": 202600000,
    "grossProfit": 160700000,
    "grossProfitRatio": 0.4423341591,
    "researchAndDevelopmentExpenses": 0,
    "generalAndAdministrativeExpenses": 122200000,
    "sellingAndMarketingExpenses": 0,
    "sellingGeneralAndAdministrativeExpenses": 122200000,
    "otherExpenses": 0,
    "operatingExpenses": 139300000,
    "costAndExpenses": 341900000,
    "interestIncome": 0,
    "interestExpense": 0,
    "depreciationAndAmortization": 17100000,
    "ebitda": 38500000,
    "ebitdaratio": 0.105973025,
    "operatingIncome": 21400000,
    "operatingIncomeRatio": 0.0589044867,
    "totalOtherIncomeExpensesNet": -11400000,
    "incomeBeforeTax": 10000000,
    "incomeBeforeTaxRatio": 0.0275254611,
    "incomeTaxExpense": 4600000,
    "netIncome": 5400000,
    "netIncomeRatio": 0.014863749,
    "eps": 0.0456,
    "epsdiluted": 0.0456,
    "weightedAverageShsOut": 118400000,
    "weightedAverageShsOutDil": 118400000,
    "link": "https://www.sec.gov/Archives/edgar/data/1022079/000095014699000670/0000950146-99-000670-index.html",
    "finalLink": "https://www.sec.gov/Archives/edgar/data/1022079/"
  },
  {
    "date": "1998-09-30",
    "symbol": "DGX",
    "reportedCurrency": "USD",
    "cik": "0001022079",
    "fillingDate": "1998-11-13",
    "acceptedDate": "1998-11-13 00:00:00",
    "calendarYear": "1998",
    "period": "Q3",
    "revenue": 360700000,
    "costOfRevenue": 199200000,
    "grossProfit": 161500000,
    "grossProfitRatio": 0.4477405046,
    "researchAndDevelopmentExpenses": 0,
    "generalAndAdministrativeExpenses": 122800000,
    "sellingAndMarketingExpenses": 0,
    "sellingGeneralAndAdministrativeExpenses": 122800000,
    "otherExpenses": 0,
    "operatingExpenses": 140000000,
    "costAndExpenses": 339200000,
    "interestIncome": 0,
    "interestExpense": 0,
    "depreciationAndAmortization": 17200000,
    "ebitda": 38700000,
    "ebitdaratio": 0.1072913779,
    "operatingIncome": 21500000,
    "operatingIncomeRatio": 0.059606321,
    "totalOtherIncomeExpensesNet": -9400000,
    "incomeBeforeTax": 12100000,
    "incomeBeforeTaxRatio": 0.033545883,
    "incomeTaxExpense": 6000000,
    "netIncome": 6100000,
    "netIncomeRatio": 0.0169115609,
    "eps": 0.05,
    "epsdiluted": 0.05,
    "weightedAverageShsOut": 122000000,
    "weightedAverageShsOutDil": 122000000,
    "link": "https://www.sec.gov/Archives/edgar/data/1022079/000095014698001944/0000950146-98-001944-index.html",
    "finalLink": "https://www.sec.gov/Archives/edgar/data/1022079/"
  },
  {
    "date": "1998-06-30",
    "symbol": "DGX",
    "reportedCurrency": "USD",
    "cik": "0001022079",
    "fillingDate": "1998-08-12",
    "acceptedDate": "1998-08-12 00:00:00",
    "calendarYear": "1998",
    "period": "Q2",
    "revenue": 366700000,
    "costOfRevenue": 206000000,
    "grossProfit": 160700000,
    "grossProfitRatio": 0.4382328879,
    "researchAndDevelopmentExpenses": 0,
    "generalAndAdministrativeExpenses": 116100000,
    "sellingAndMarketingExpenses": 0,
    "sellingGeneralAndAdministrativeExpenses": 116100000,
    "otherExpenses": 0,
    "operatingExpenses": 133300000,
    "costAndExpenses": 339300000,
    "interestIncome": 0,
    "interestExpense": 0,
    "depreciationAndAmortization": 17200000,
    "ebitda": 44600000,
    "ebitdaratio": 0.1216253068,
    "operatingIncome": 27400000,
    "operatingIncomeRatio": 0.07472048,
    "totalOtherIncomeExpensesNet": -9100000,
    "incomeBeforeTax": 18300000,
    "incomeBeforeTaxRatio": 0.0499045541,
    "incomeTaxExpense": 9400000,
    "netIncome": 8900000,
    "netIncomeRatio": 0.0242705209,
    "eps": 0.075,
    "epsdiluted": 0.0725,
    "weightedAverageShsOut": 118666667,
    "weightedAverageShsOutDil": 122758621,
    "link": "https://www.sec.gov/Archives/edgar/data/1022079/000095014698001362/0000950146-98-001362-index.html",
    "finalLink": "https://www.sec.gov/Archives/edgar/data/1022079/"
  },
  {
    "date": "1998-03-31",
    "symbol": "DGX",
    "reportedCurrency": "USD",
    "cik": "0001022079",
    "fillingDate": "1998-05-11",
    "acceptedDate": "1998-05-11 00:00:00",
    "calendarYear": "1998",
    "period": "Q1",
    "revenue": 367900000,
    "costOfRevenue": 206100000,
    "grossProfit": 161800000,
    "grossProfitRatio": 0.4397934221,
    "researchAndDevelopmentExpenses": 0,
    "generalAndAdministrativeExpenses": 120400000,
    "sellingAndMarketingExpenses": 0,
    "sellingGeneralAndAdministrativeExpenses": 120400000,
    "otherExpenses": 0,
    "operatingExpenses": 137700000,
    "costAndExpenses": 343800000,
    "interestIncome": 0,
    "interestExpense": 0,
    "depreciationAndAmortization": 17300000,
    "ebitda": 41400000,
    "ebitdaratio": 0.112530579,
    "operatingIncome": 24100000,
    "operatingIncomeRatio": 0.0655069312,
    "totalOtherIncomeExpensesNet": -10500000,
    "incomeBeforeTax": 13600000,
    "incomeBeforeTaxRatio": 0.036966567,
    "incomeTaxExpense": 7000000,
    "netIncome": 6600000,
    "netIncomeRatio": 0.0179396575,
    "eps": 0.055,
    "epsdiluted": 0.055,
    "weightedAverageShsOut": 120000000,
    "weightedAverageShsOutDil": 120000000,
    "link": "https://www.sec.gov/Archives/edgar/data/1022079/000095014698000811/0000950146-98-000811-index.html",
    "finalLink": "https://www.sec.gov/Archives/edgar/data/1022079/"
  },
  {
    "date": "1997-12-31",
    "symbol": "DGX",
    "reportedCurrency": "USD",
    "cik": "0001022079",
    "fillingDate": "1998-03-20",
    "acceptedDate": "1998-03-20 00:00:00",
    "calendarYear": "1997",
    "period": "Q4",
    "revenue": 365400000,
    "costOfRevenue": 207100000,
    "grossProfit": 158300000,
    "grossProfitRatio": 0.4332238643,
    "researchAndDevelopmentExpenses": 0,
    "generalAndAdministrativeExpenses": 130600000,
    "sellingAndMarketingExpenses": 0,
    "sellingGeneralAndAdministrativeExpenses": 130600000,
    "otherExpenses": 0,
    "operatingExpenses": 149200000,
    "costAndExpenses": 356300000,
    "interestIncome": 0,
    "interestExpense": 0,
    "depreciationAndAmortization": 18600000,
    "ebitda": 27700000,
    "ebitdaratio": 0.0758073344,
    "operatingIncome": 9100000,
    "operatingIncomeRatio": 0.0249042146,
    "totalOtherIncomeExpensesNet": -59300000,
    "incomeBeforeTax": -50200000,
    "incomeBeforeTaxRatio": -0.1373836891,
    "incomeTaxExpense": -12800000,
    "netIncome": -37400000,
    "netIncomeRatio": -0.1023535851,
    "eps": -0.33,
    "epsdiluted": -0.31,
    "weightedAverageShsOut": 114915085,
    "weightedAverageShsOutDil": 120000000,
    "link": "https://www.sec.gov/Archives/edgar/data/1022079/000095014698000451/0000950146-98-000451-index.html",
    "finalLink": "https://www.sec.gov/Archives/edgar/data/1022079/"
  },
  {
    "date": "1997-09-30",
    "symbol": "DGX",
    "reportedCurrency": "USD",
    "cik": "0001022079",
    "fillingDate": "1997-11-12",
    "acceptedDate": "1997-11-12 00:00:00",
    "calendarYear": "1997",
    "period": "Q3",
    "revenue": 373600000,
    "costOfRevenue": 216300000,
    "grossProfit": 157300000,
    "grossProfitRatio": 0.4210385439,
    "researchAndDevelopmentExpenses": 0,
    "generalAndAdministrativeExpenses": 119700000,
    "sellingAndMarketingExpenses": 0,
    "sellingGeneralAndAdministrativeExpenses": 119700000,
    "otherExpenses": 0,
    "operatingExpenses": 138700000,
    "costAndExpenses": 355000000,
    "interestIncome": 0,
    "interestExpense": 0,
    "depreciationAndAmortization": 19000000,
    "ebitda": 37600000,
    "ebitdaratio": 0.1006423983,
    "operatingIncome": 18600000,
    "operatingIncomeRatio": 0.0497858672,
    "totalOtherIncomeExpensesNet": -12300000,
    "incomeBeforeTax": 6300000,
    "incomeBeforeTaxRatio": 0.016862955,
    "incomeTaxExpense": 3300000,
    "netIncome": 3000000,
    "netIncomeRatio": 0.0080299786,
    "eps": 0.025,
    "epsdiluted": 0.025,
    "weightedAverageShsOut": 120000000,
    "weightedAverageShsOutDil": 120000000,
    "link": "https://www.sec.gov/Archives/edgar/data/1022079/000095014697001649/0000950146-97-001649-index.html",
    "finalLink": "https://www.sec.gov/Archives/edgar/data/1022079/"
  },
  {
    "date": "1997-06-30",
    "symbol": "DGX",
    "reportedCurrency": "USD",
    "cik": "0001022079",
    "fillingDate": "1997-08-08",
    "acceptedDate": "1997-08-08 00:00:00",
    "calendarYear": "1997",
    "period": "Q2",
    "revenue": 401500000,
    "costOfRevenue": 226400000,
    "grossProfit": 175100000,
    "grossProfitRatio": 0.4361145704,
    "researchAndDevelopmentExpenses": 0,
    "generalAndAdministrativeExpenses": 127900000,
    "sellingAndMarketingExpenses": 0,
    "sellingGeneralAndAdministrativeExpenses": 127900000,
    "otherExpenses": 0,
    "operatingExpenses": 147100000,
    "costAndExpenses": 373500000,
    "interestIncome": 0,
    "interestExpense": 0,
    "depreciationAndAmortization": 19200000,
    "ebitda": 47200000,
    "ebitdaratio": 0.1175591532,
    "operatingIncome": 28000000,
    "operatingIncomeRatio": 0.0697384807,
    "totalOtherIncomeExpensesNet": -11500000,
    "incomeBeforeTax": 16500000,
    "incomeBeforeTaxRatio": 0.0410958904,
    "incomeTaxExpense": 8400000,
    "netIncome": 8100000,
    "netIncomeRatio": 0.0201743462,
    "eps": 0.07,
    "epsdiluted": 0.07,
    "weightedAverageShsOut": 115714286,
    "weightedAverageShsOutDil": 115714286,
    "link": "https://www.sec.gov/Archives/edgar/data/1022079/000095014697001180/0000950146-97-001180-index.html",
    "finalLink": "https://www.sec.gov/Archives/edgar/data/1022079/"
  },
  {
    "date": "1997-03-31",
    "symbol": "DGX",
    "reportedCurrency": "USD",
    "cik": "0001022079",
    "fillingDate": "1997-04-29",
    "acceptedDate": "1997-04-29 00:00:00",
    "calendarYear": "1997",
    "period": "Q1",
    "revenue": 388100000,
    "costOfRevenue": 225700000,
    "grossProfit": 162400000,
    "grossProfitRatio": 0.4184488534,
    "researchAndDevelopmentExpenses": 0,
    "generalAndAdministrativeExpenses": 124000000,
    "sellingAndMarketingExpenses": 0,
    "sellingGeneralAndAdministrativeExpenses": 124000000,
    "otherExpenses": 0,
    "operatingExpenses": 143600000,
    "costAndExpenses": 369300000,
    "interestIncome": 0,
    "interestExpense": 0,
    "depreciationAndAmortization": 19600000,
    "ebitda": 38400000,
    "ebitdaratio": 0.0989435712,
    "operatingIncome": 18800000,
    "operatingIncomeRatio": 0.0484411234,
    "totalOtherIncomeExpensesNet": -10400000,
    "incomeBeforeTax": 8400000,
    "incomeBeforeTaxRatio": 0.0216439062,
    "incomeTaxExpense": 4400000,
    "netIncome": 4000000,
    "netIncomeRatio": 0.010306622,
    "eps": 0.035,
    "epsdiluted": 0.035,
    "weightedAverageShsOut": 114285714,
    "weightedAverageShsOutDil": 114285714,
    "link": "https://www.sec.gov/Archives/edgar/data/1022079/000095014697000661/0000950146-97-000661-index.html",
    "finalLink": "https://www.sec.gov/Archives/edgar/data/1022079/"
  },
  {
    "date": "1996-12-31",
    "symbol": "DGX",
    "reportedCurrency": "USD",
    "cik": "0001022079",
    "fillingDate": "1997-03-19",
    "acceptedDate": "1997-03-19 00:00:00",
    "calendarYear": "1996",
    "period": "Q4",
    "revenue": 385000000,
    "costOfRevenue": 242100000,
    "grossProfit": 142900000,
    "grossProfitRatio": 0.3711688312,
    "researchAndDevelopmentExpenses": 0,
    "generalAndAdministrativeExpenses": 123900000,
    "sellingAndMarketingExpenses": 478000000,
    "sellingGeneralAndAdministrativeExpenses": 601900000,
    "otherExpenses": 0,
    "operatingExpenses": 601900000,
    "costAndExpenses": 844000000,
    "interestIncome": 0,
    "interestExpense": -15000000,
    "depreciationAndAmortization": 23900000,
    "ebitda": -465200000,
    "ebitdaratio": -1.2083116883,
    "operatingIncome": -459000000,
    "operatingIncomeRatio": -1.1922077922,
    "totalOtherIncomeExpensesNet": -15100000,
    "incomeBeforeTax": -474100000,
    "incomeBeforeTaxRatio": -1.2314285714,
    "incomeTaxExpense": -7000000,
    "netIncome": -467100000,
    "netIncomeRatio": -1.2132467532,
    "eps": -4.04,
    "epsdiluted": -4.04,
    "weightedAverageShsOut": 115600000,
    "weightedAverageShsOutDil": 115600000,
    "link": "https://www.sec.gov/Archives/edgar/data/1022079/000095014697000404/0000950146-97-000404-index.html",
    "finalLink": "https://www.sec.gov/Archives/edgar/data/1022079/"
  },
  {
    "date": "1996-09-30",
    "symbol": "DGX",
    "reportedCurrency": "USD",
    "cik": "0001022079",
    "fillingDate": "1996-09-30",
    "acceptedDate": "1996-09-29 20:00:00",
    "calendarYear": "1996",
    "period": "Q3",
    "revenue": 405400000,
    "costOfRevenue": 255400000,
    "grossProfit": 150000000,
    "grossProfitRatio": 0.3700049334,
    "researchAndDevelopmentExpenses": 0,
    "generalAndAdministrativeExpenses": 125200000,
    "sellingAndMarketingExpenses": 167900000,
    "sellingGeneralAndAdministrativeExpenses": 293100000,
    "otherExpenses": 0,
    "operatingExpenses": 293100000,
    "costAndExpenses": 548500000,
    "interestIncome": 0,
    "interestExpense": -19900000,
    "depreciationAndAmortization": 25000000,
    "ebitda": -157900000,
    "ebitdaratio": -0.3894918599,
    "operatingIncome": -143100000,
    "operatingIncomeRatio": -0.3529847065,
    "totalOtherIncomeExpensesNet": -19900000,
    "incomeBeforeTax": -163000000,
    "incomeBeforeTaxRatio": -0.4020720276,
    "incomeTaxExpense": -43600000,
    "netIncome": -119400000,
    "netIncomeRatio": -0.294523927,
    "eps": -1.03,
    "epsdiluted": -1.03,
    "weightedAverageShsOut": 115600000,
    "weightedAverageShsOutDil": 115600000,
    "link": "",
    "finalLink": ""
  }
]