[
  {
    "date": "2025-06-30",
    "symbol": "DHI",
    "reportedCurrency": "USD",
    "cik": "0000882184",
    "fillingDate": "2025-07-23",
    "acceptedDate": "2025-07-23 17:20:41",
    "calendarYear": "2025",
    "period": "Q3",
    "revenue": 9225700000,
    "costOfRevenue": 7016500000,
    "grossProfit": 2209200000,
    "grossProfitRatio": 0.2394615043,
    "researchAndDevelopmentExpenses": 0,
    "generalAndAdministrativeExpenses": 0,
    "sellingAndMarketingExpenses": 0,
    "sellingGeneralAndAdministrativeExpenses": 899100000,
    "otherExpenses": 0,
    "operatingExpenses": 899100000,
    "costAndExpenses": 7915600000,
    "interestIncome": 0,
    "interestExpense": 0,
    "depreciationAndAmortization": 25200000,
    "ebitda": 1383300000,
    "ebitdaratio": 0.149939842,
    "operatingIncome": 1310100000,
    "operatingIncomeRatio": 0.1420054847,
    "totalOtherIncomeExpensesNet": 48000000,
    "incomeBeforeTax": 1358100000,
    "incomeBeforeTaxRatio": 0.1472083419,
    "incomeTaxExpense": 325000000,
    "netIncome": 1024600000,
    "netIncomeRatio": 0.1110593234,
    "eps": 3.37,
    "epsdiluted": 3.36,
    "weightedAverageShsOut": 304100000,
    "weightedAverageShsOutDil": 304900000,
    "link": "https://www.sec.gov/Archives/edgar/data/882184/000088218425000040/0000882184-25-000040-index.htm",
    "finalLink": "https://www.sec.gov/Archives/edgar/data/882184/000088218425000040/dhi-20250630.htm"
  },
  {
    "date": "2025-03-31",
    "symbol": "DHI",
    "reportedCurrency": "USD",
    "cik": "0000882184",
    "fillingDate": "2025-04-23",
    "acceptedDate": "2025-04-23 14:08:57",
    "calendarYear": "2025",
    "period": "Q2",
    "revenue": 7734000000,
    "costOfRevenue": 5833800000,
    "grossProfit": 1900200000,
    "grossProfitRatio": 0.2456943367,
    "researchAndDevelopmentExpenses": 0,
    "generalAndAdministrativeExpenses": 0,
    "sellingAndMarketingExpenses": 0,
    "sellingGeneralAndAdministrativeExpenses": 841400000,
    "otherExpenses": 0,
    "operatingExpenses": 841400000,
    "costAndExpenses": 6675200000,
    "interestIncome": 0,
    "interestExpense": 0,
    "depreciationAndAmortization": 24600000,
    "ebitda": 1091700000,
    "ebitdaratio": 0.1411559348,
    "operatingIncome": 1058800000,
    "operatingIncomeRatio": 0.1369019912,
    "totalOtherIncomeExpensesNet": 8299999,
    "incomeBeforeTax": 1067099999,
    "incomeBeforeTaxRatio": 0.1379751744,
    "incomeTaxExpense": 248000000,
    "netIncome": 810400000,
    "netIncomeRatio": 0.1047840703,
    "eps": 2.59,
    "epsdiluted": 2.58,
    "weightedAverageShsOut": 312500000,
    "weightedAverageShsOutDil": 314000000,
    "link": "https://www.sec.gov/Archives/edgar/data/882184/000088218425000024/0000882184-25-000024-index.htm",
    "finalLink": "https://www.sec.gov/Archives/edgar/data/882184/000088218425000024/dhi-20250331.htm"
  },
  {
    "date": "2024-12-31",
    "symbol": "DHI",
    "reportedCurrency": "USD",
    "cik": "0000882184",
    "fillingDate": "2025-01-23",
    "acceptedDate": "2025-01-23 14:29:04",
    "calendarYear": "2025",
    "period": "Q1",
    "revenue": 7613000000,
    "costOfRevenue": 5702800000,
    "grossProfit": 1910200000,
    "grossProfitRatio": 0.2509129121,
    "researchAndDevelopmentExpenses": 0,
    "generalAndAdministrativeExpenses": 0,
    "sellingAndMarketingExpenses": 0,
    "sellingGeneralAndAdministrativeExpenses": 838100000,
    "otherExpenses": 0,
    "operatingExpenses": 838100000,
    "costAndExpenses": 6540900000,
    "interestIncome": 0,
    "interestExpense": 0,
    "depreciationAndAmortization": 24100000,
    "ebitda": 1134000000,
    "ebitdaratio": 0.1489557336,
    "operatingIncome": 1072099999,
    "operatingIncomeRatio": 0.1408249046,
    "totalOtherIncomeExpensesNet": 37800000,
    "incomeBeforeTax": 1109900000,
    "incomeBeforeTaxRatio": 0.1457900959,
    "incomeTaxExpense": 258000000,
    "netIncome": 844900000,
    "netIncomeRatio": 0.1109812163,
    "eps": 2.63,
    "epsdiluted": 2.61,
    "weightedAverageShsOut": 321500000,
    "weightedAverageShsOutDil": 323300000,
    "link": "https://www.sec.gov/Archives/edgar/data/882184/000088218425000014/0000882184-25-000014-index.htm",
    "finalLink": "https://www.sec.gov/Archives/edgar/data/882184/000088218425000014/dhi-20241231.htm"
  },
  {
    "date": "2024-09-30",
    "symbol": "DHI",
    "reportedCurrency": "USD",
    "cik": "0000882184",
    "fillingDate": "2024-11-19",
    "acceptedDate": "2024-11-19 15:47:02",
    "calendarYear": "2024",
    "period": "Q4",
    "revenue": 10002600000,
    "costOfRevenue": 7448300000,
    "grossProfit": 2554300000,
    "grossProfitRatio": 0.2553636055,
    "researchAndDevelopmentExpenses": 0,
    "generalAndAdministrativeExpenses": 0,
    "sellingAndMarketingExpenses": 0,
    "sellingGeneralAndAdministrativeExpenses": 895800000,
    "otherExpenses": 0,
    "operatingExpenses": 895800000,
    "costAndExpenses": 8344100000,
    "interestIncome": 0,
    "interestExpense": 0,
    "depreciationAndAmortization": 23600000,
    "ebitda": 1733300000,
    "ebitdaratio": 0.1732849459,
    "operatingIncome": 1658500000,
    "operatingIncomeRatio": 0.1658068902,
    "totalOtherIncomeExpensesNet": 51200000,
    "incomeBeforeTax": 1709700000,
    "incomeBeforeTaxRatio": 0.1709255594,
    "incomeTaxExpense": 409900000,
    "netIncome": 1283400000,
    "netIncomeRatio": 0.1283066403,
    "eps": 3.95,
    "epsdiluted": 3.92,
    "weightedAverageShsOut": 325200000,
    "weightedAverageShsOutDil": 327300000,
    "link": "https://www.sec.gov/Archives/edgar/data/882184/000088218424000057/0000882184-24-000057-index.htm",
    "finalLink": "https://www.sec.gov/Archives/edgar/data/882184/000088218424000057/dhi-20240930.htm"
  },
  {
    "date": "2024-06-30",
    "symbol": "DHI",
    "reportedCurrency": "USD",
    "cik": "0000882184",
    "fillingDate": "2024-07-23",
    "acceptedDate": "2024-07-23 13:50:19",
    "calendarYear": "2024",
    "period": "Q3",
    "revenue": 9965700000,
    "costOfRevenue": 7323700000,
    "grossProfit": 2642000000,
    "grossProfitRatio": 0.265109325,
    "researchAndDevelopmentExpenses": 0,
    "generalAndAdministrativeExpenses": 0,
    "sellingAndMarketingExpenses": 0,
    "sellingGeneralAndAdministrativeExpenses": 879300000,
    "otherExpenses": 0,
    "operatingExpenses": 879300000,
    "costAndExpenses": 8203000000,
    "interestIncome": 0,
    "interestExpense": 0,
    "depreciationAndAmortization": 22400000,
    "ebitda": 1821400000,
    "ebitdaratio": 0.1827668904,
    "operatingIncome": 1762700000,
    "operatingIncomeRatio": 0.176876687,
    "totalOtherIncomeExpensesNet": 36300000,
    "incomeBeforeTax": 1799000000,
    "incomeBeforeTaxRatio": 0.1805191808,
    "incomeTaxExpense": 432200000,
    "netIncome": 1353600000,
    "netIncomeRatio": 0.1358258828,
    "eps": 4.12,
    "epsdiluted": 4.1,
    "weightedAverageShsOut": 328400000,
    "weightedAverageShsOutDil": 330100000,
    "link": "https://www.sec.gov/Archives/edgar/data/882184/000088218424000039/0000882184-24-000039-index.htm",
    "finalLink": "https://www.sec.gov/Archives/edgar/data/882184/000088218424000039/dhi-20240630.htm"
  },
  {
    "date": "2024-03-31",
    "symbol": "DHI",
    "reportedCurrency": "USD",
    "cik": "0000882184",
    "fillingDate": "2024-04-23",
    "acceptedDate": "2024-04-23 14:55:21",
    "calendarYear": "2024",
    "period": "Q2",
    "revenue": 9107200000,
    "costOfRevenue": 6774300000,
    "grossProfit": 2332900000,
    "grossProfitRatio": 0.2561599613,
    "researchAndDevelopmentExpenses": 0,
    "generalAndAdministrativeExpenses": 0,
    "sellingAndMarketingExpenses": 0,
    "sellingGeneralAndAdministrativeExpenses": 843400000,
    "otherExpenses": 0,
    "operatingExpenses": 843400000,
    "costAndExpenses": 7617700000,
    "interestIncome": 0,
    "interestExpense": 0,
    "depreciationAndAmortization": 21100000,
    "ebitda": 1549600000,
    "ebitdaratio": 0.1701510892,
    "operatingIncome": 1489500000,
    "operatingIncomeRatio": 0.163551915,
    "totalOtherIncomeExpensesNet": 39000000,
    "incomeBeforeTax": 1528500000,
    "incomeBeforeTaxRatio": 0.167834241,
    "incomeTaxExpense": 344800000,
    "netIncome": 1172100000,
    "netIncomeRatio": 0.1287003689,
    "eps": 3.54,
    "epsdiluted": 3.52,
    "weightedAverageShsOut": 330900000,
    "weightedAverageShsOutDil": 333300000,
    "link": "https://www.sec.gov/Archives/edgar/data/882184/000088218424000027/0000882184-24-000027-index.htm",
    "finalLink": "https://www.sec.gov/Archives/edgar/data/882184/000088218424000027/dhi-20240331.htm"
  },
  {
    "date": "2023-12-31",
    "symbol": "DHI",
    "reportedCurrency": "USD",
    "cik": "0000882184",
    "fillingDate": "2024-01-24",
    "acceptedDate": "2024-01-24 14:50:01",
    "calendarYear": "2024",
    "period": "Q1",
    "revenue": 7726000000,
    "costOfRevenue": 5719800000,
    "grossProfit": 2006200000,
    "grossProfitRatio": 0.2596686513,
    "researchAndDevelopmentExpenses": 0,
    "generalAndAdministrativeExpenses": 0,
    "sellingAndMarketingExpenses": 0,
    "sellingGeneralAndAdministrativeExpenses": 808600000,
    "otherExpenses": 0,
    "operatingExpenses": 808600000,
    "costAndExpenses": 6528400000,
    "interestIncome": 0,
    "interestExpense": 0,
    "depreciationAndAmortization": 20000000,
    "ebitda": 1267500000,
    "ebitdaratio": 0.1640564328,
    "operatingIncome": 1197600000,
    "operatingIncomeRatio": 0.1550090603,
    "totalOtherIncomeExpensesNet": 49900000,
    "incomeBeforeTax": 1247500000,
    "incomeBeforeTaxRatio": 0.1614677712,
    "incomeTaxExpense": 291800000,
    "netIncome": 947400000,
    "netIncomeRatio": 0.1226249029,
    "eps": 2.84,
    "epsdiluted": 2.82,
    "weightedAverageShsOut": 333300000,
    "weightedAverageShsOutDil": 335700000,
    "link": "https://www.sec.gov/Archives/edgar/data/882184/000088218424000014/0000882184-24-000014-index.htm",
    "finalLink": "https://www.sec.gov/Archives/edgar/data/882184/000088218424000014/dhi-20231231.htm"
  },
  {
    "date": "2023-09-30",
    "symbol": "DHI",
    "reportedCurrency": "USD",
    "cik": "0000882184",
    "fillingDate": "2023-11-17",
    "acceptedDate": "2023-11-17 17:10:34",
    "calendarYear": "2023",
    "period": "Q4",
    "revenue": 10504000000,
    "costOfRevenue": 7680700000,
    "grossProfit": 2823300000,
    "grossProfitRatio": 0.2687833206,
    "researchAndDevelopmentExpenses": 0,
    "generalAndAdministrativeExpenses": 0,
    "sellingAndMarketingExpenses": 0,
    "sellingGeneralAndAdministrativeExpenses": 839100000,
    "otherExpenses": 0,
    "operatingExpenses": 839100000,
    "costAndExpenses": 8519799999,
    "interestIncome": 0,
    "interestExpense": 0,
    "depreciationAndAmortization": 21400000,
    "ebitda": 2039700000,
    "ebitdaratio": 0.1941831683,
    "operatingIncome": 1984200000,
    "operatingIncomeRatio": 0.1888994669,
    "totalOtherIncomeExpensesNet": 34100000,
    "incomeBeforeTax": 2018300000,
    "incomeBeforeTaxRatio": 0.1921458492,
    "incomeTaxExpense": 492700000,
    "netIncome": 1509700000,
    "netIncomeRatio": 0.1437261995,
    "eps": 4.49,
    "epsdiluted": 4.45,
    "weightedAverageShsOut": 336600000,
    "weightedAverageShsOutDil": 339300000,
    "link": "https://www.sec.gov/Archives/edgar/data/882184/000088218423000115/0000882184-23-000115-index.htm",
    "finalLink": "https://www.sec.gov/Archives/edgar/data/882184/000088218423000115/dhi-20230930.htm"
  },
  {
    "date": "2023-06-30",
    "symbol": "DHI",
    "reportedCurrency": "USD",
    "cik": "0000882184",
    "fillingDate": "2023-07-24",
    "acceptedDate": "2023-07-24 17:12:44",
    "calendarYear": "2023",
    "period": "Q3",
    "revenue": 9725600000,
    "costOfRevenue": 7141800000,
    "grossProfit": 2583800000,
    "grossProfitRatio": 0.2656699844,
    "researchAndDevelopmentExpenses": 0,
    "generalAndAdministrativeExpenses": 0,
    "sellingAndMarketingExpenses": 0,
    "sellingGeneralAndAdministrativeExpenses": 852100000,
    "otherExpenses": 0,
    "operatingExpenses": 852100000,
    "costAndExpenses": 7993900000,
    "interestIncome": 0,
    "interestExpense": 0,
    "depreciationAndAmortization": 23700000,
    "ebitda": 1807600000,
    "ebitdaratio": 0.1858599984,
    "operatingIncome": 1731700000,
    "operatingIncomeRatio": 0.1780558526,
    "totalOtherIncomeExpensesNet": 52200000,
    "incomeBeforeTax": 1783900000,
    "incomeBeforeTaxRatio": 0.1834231307,
    "incomeTaxExpense": 432200000,
    "netIncome": 1335100000,
    "netIncomeRatio": 0.1372768775,
    "eps": 3.93,
    "epsdiluted": 3.9,
    "weightedAverageShsOut": 339900000,
    "weightedAverageShsOutDil": 342300000,
    "link": "https://www.sec.gov/Archives/edgar/data/882184/000088218423000093/0000882184-23-000093-index.htm",
    "finalLink": "https://www.sec.gov/Archives/edgar/data/882184/000088218423000093/dhi-20230630.htm"
  },
  {
    "date": "2023-03-31",
    "symbol": "DHI",
    "reportedCurrency": "USD",
    "cik": "0000882184",
    "fillingDate": "2023-04-24",
    "acceptedDate": "2023-04-24 17:13:34",
    "calendarYear": "2023",
    "period": "Q2",
    "revenue": 7972900000,
    "costOfRevenue": 5996200000,
    "grossProfit": 1976700000,
    "grossProfitRatio": 0.2479273539,
    "researchAndDevelopmentExpenses": 0,
    "generalAndAdministrativeExpenses": 0,
    "sellingAndMarketingExpenses": 0,
    "sellingGeneralAndAdministrativeExpenses": 739100000,
    "otherExpenses": 0,
    "operatingExpenses": 739100000,
    "costAndExpenses": 6735300000,
    "interestIncome": 0,
    "interestExpense": 0,
    "depreciationAndAmortization": 26700000,
    "ebitda": 1272000000,
    "ebitdaratio": 0.1595404433,
    "operatingIncome": 1237600000,
    "operatingIncomeRatio": 0.1552258275,
    "totalOtherIncomeExpensesNet": 7700000,
    "incomeBeforeTax": 1245300000,
    "incomeBeforeTaxRatio": 0.156191599,
    "incomeTaxExpense": 295700000,
    "netIncome": 942200000,
    "netIncomeRatio": 0.1181753189,
    "eps": 2.75,
    "epsdiluted": 2.73,
    "weightedAverageShsOut": 342100000,
    "weightedAverageShsOutDil": 344900000,
    "link": "https://www.sec.gov/Archives/edgar/data/882184/000088218423000084/0000882184-23-000084-index.htm",
    "finalLink": "https://www.sec.gov/Archives/edgar/data/882184/000088218423000084/dhi-20230331.htm"
  },
  {
    "date": "2022-12-31",
    "symbol": "DHI",
    "reportedCurrency": "USD",
    "cik": "0000882184",
    "fillingDate": "2023-01-25",
    "acceptedDate": "2023-01-25 16:24:16",
    "calendarYear": "2023",
    "period": "Q1",
    "revenue": 7257800000,
    "costOfRevenue": 5291300000,
    "grossProfit": 1966500000,
    "grossProfitRatio": 0.2709498746,
    "researchAndDevelopmentExpenses": 0,
    "generalAndAdministrativeExpenses": 0,
    "sellingAndMarketingExpenses": 0,
    "sellingGeneralAndAdministrativeExpenses": 718200000,
    "otherExpenses": 0,
    "operatingExpenses": 718200000,
    "costAndExpenses": 6009500000,
    "interestIncome": 0,
    "interestExpense": 0,
    "depreciationAndAmortization": 19800000,
    "ebitda": 1287000000,
    "ebitdaratio": 0.1773264626,
    "operatingIncome": 1248300000,
    "operatingIncomeRatio": 0.1719942682,
    "totalOtherIncomeExpensesNet": 18900000,
    "incomeBeforeTax": 1267200000,
    "incomeBeforeTaxRatio": 0.1745983631,
    "incomeTaxExpense": 298900000,
    "netIncome": 958700000,
    "netIncomeRatio": 0.1320923696,
    "eps": 2.79,
    "epsdiluted": 2.76,
    "weightedAverageShsOut": 344200000,
    "weightedAverageShsOutDil": 346900000,
    "link": "https://www.sec.gov/Archives/edgar/data/882184/000088218423000015/0000882184-23-000015-index.htm",
    "finalLink": "https://www.sec.gov/Archives/edgar/data/882184/000088218423000015/dhi-20221231.htm"
  },
  {
    "date": "2022-09-30",
    "symbol": "DHI",
    "reportedCurrency": "USD",
    "cik": "0000882184",
    "fillingDate": "2022-11-18",
    "acceptedDate": "2022-11-18 17:07:16",
    "calendarYear": "2022",
    "period": "Q4",
    "revenue": 9639400000,
    "costOfRevenue": 6760900000,
    "grossProfit": 2878500000,
    "grossProfitRatio": 0.2986181713,
    "researchAndDevelopmentExpenses": 0,
    "generalAndAdministrativeExpenses": 0,
    "sellingAndMarketingExpenses": 0,
    "sellingGeneralAndAdministrativeExpenses": 784700000,
    "otherExpenses": 0,
    "operatingExpenses": 784700000,
    "costAndExpenses": 7545600000,
    "interestIncome": 0,
    "interestExpense": 0,
    "depreciationAndAmortization": 21200000,
    "ebitda": 2087100000,
    "ebitdaratio": 0.2165176256,
    "operatingIncome": 2093800000,
    "operatingIncomeRatio": 0.2172126896,
    "totalOtherIncomeExpensesNet": -27900000,
    "incomeBeforeTax": 2065900000,
    "incomeBeforeTaxRatio": 0.2143183186,
    "incomeTaxExpense": 417600000,
    "netIncome": 1631900000,
    "netIncomeRatio": 0.1692947694,
    "eps": 4.7,
    "epsdiluted": 4.67,
    "weightedAverageShsOut": 346900000,
    "weightedAverageShsOutDil": 349700000,
    "link": "https://www.sec.gov/Archives/edgar/data/882184/000088218422000184/0000882184-22-000184-index.htm",
    "finalLink": "https://www.sec.gov/Archives/edgar/data/882184/000088218422000184/dhi-20220930.htm"
  },
  {
    "date": "2022-06-30",
    "symbol": "DHI",
    "reportedCurrency": "USD",
    "cik": "0000882184",
    "fillingDate": "2022-07-22",
    "acceptedDate": "2022-07-22 16:21:30",
    "calendarYear": "2022",
    "period": "Q3",
    "revenue": 8788100000,
    "costOfRevenue": 5879300000,
    "grossProfit": 2908800000,
    "grossProfitRatio": 0.3309930474,
    "researchAndDevelopmentExpenses": 0,
    "generalAndAdministrativeExpenses": 0,
    "sellingAndMarketingExpenses": 0,
    "sellingGeneralAndAdministrativeExpenses": 694000000,
    "otherExpenses": 0,
    "operatingExpenses": 694000000,
    "costAndExpenses": 6573300000,
    "interestIncome": 0,
    "interestExpense": 0,
    "depreciationAndAmortization": 20900000,
    "ebitda": 2204200000,
    "ebitdaratio": 0.250816445,
    "operatingIncome": 2214800000,
    "operatingIncomeRatio": 0.2520226215,
    "totalOtherIncomeExpensesNet": -31500000,
    "incomeBeforeTax": 2183300000,
    "incomeBeforeTaxRatio": 0.248438229,
    "incomeTaxExpense": 524000000,
    "netIncome": 1647800000,
    "netIncomeRatio": 0.1875035559,
    "eps": 4.7,
    "epsdiluted": 4.67,
    "weightedAverageShsOut": 350800000,
    "weightedAverageShsOutDil": 353100000,
    "link": "https://www.sec.gov/Archives/edgar/data/882184/000088218422000152/0000882184-22-000152-index.htm",
    "finalLink": "https://www.sec.gov/Archives/edgar/data/882184/000088218422000152/dhi-20220630.htm"
  },
  {
    "date": "2022-03-31",
    "symbol": "DHI",
    "reportedCurrency": "USD",
    "cik": "0000882184",
    "fillingDate": "2022-04-27",
    "acceptedDate": "2022-04-27 14:48:14",
    "calendarYear": "2022",
    "period": "Q2",
    "revenue": 7999000000,
    "costOfRevenue": 5429900000,
    "grossProfit": 2569100000,
    "grossProfitRatio": 0.3211776472,
    "researchAndDevelopmentExpenses": 0,
    "generalAndAdministrativeExpenses": 0,
    "sellingAndMarketingExpenses": 0,
    "sellingGeneralAndAdministrativeExpenses": 663900000,
    "otherExpenses": 0,
    "operatingExpenses": 663900000,
    "costAndExpenses": 6093800000,
    "interestIncome": 0,
    "interestExpense": 0,
    "depreciationAndAmortization": 19900000,
    "ebitda": 1903200000,
    "ebitdaratio": 0.2379297412,
    "operatingIncome": 1905200000,
    "operatingIncomeRatio": 0.2381797725,
    "totalOtherIncomeExpensesNet": -21900000,
    "incomeBeforeTax": 1883300000,
    "incomeBeforeTaxRatio": 0.2354419302,
    "incomeTaxExpense": 441000000,
    "netIncome": 1436300000,
    "netIncomeRatio": 0.179559945,
    "eps": 4.07,
    "epsdiluted": 4.03,
    "weightedAverageShsOut": 353100000,
    "weightedAverageShsOutDil": 356300000,
    "link": "https://www.sec.gov/Archives/edgar/data/882184/000088218422000115/0000882184-22-000115-index.htm",
    "finalLink": "https://www.sec.gov/Archives/edgar/data/882184/000088218422000115/dhi-20220331.htm"
  },
  {
    "date": "2021-12-31",
    "symbol": "DHI",
    "reportedCurrency": "USD",
    "cik": "0000882184",
    "fillingDate": "2022-02-02",
    "acceptedDate": "2022-02-02 16:34:10",
    "calendarYear": "2022",
    "period": "Q1",
    "revenue": 7053400000,
    "costOfRevenue": 4905700000,
    "grossProfit": 2147700000,
    "grossProfitRatio": 0.3044914509,
    "researchAndDevelopmentExpenses": 0,
    "generalAndAdministrativeExpenses": 0,
    "sellingAndMarketingExpenses": 0,
    "sellingGeneralAndAdministrativeExpenses": 653000000,
    "otherExpenses": 0,
    "operatingExpenses": 653000000,
    "costAndExpenses": 5558700000,
    "interestIncome": 0,
    "interestExpense": 0,
    "depreciationAndAmortization": 19400000,
    "ebitda": 1516700000,
    "ebitdaratio": 0.2150310489,
    "operatingIncome": 1494700000,
    "operatingIncomeRatio": 0.2119119857,
    "totalOtherIncomeExpensesNet": 2600000,
    "incomeBeforeTax": 1497300000,
    "incomeBeforeTaxRatio": 0.2122806023,
    "incomeTaxExpense": 351500000,
    "netIncome": 1141600000,
    "netIncomeRatio": 0.1618510222,
    "eps": 3.21,
    "epsdiluted": 3.17,
    "weightedAverageShsOut": 356100000,
    "weightedAverageShsOutDil": 360100000,
    "link": "https://www.sec.gov/Archives/edgar/data/882184/000088218422000024/0000882184-22-000024-index.htm",
    "finalLink": "https://www.sec.gov/Archives/edgar/data/882184/000088218422000024/dhi-20211231.htm"
  },
  {
    "date": "2021-09-30",
    "symbol": "DHI",
    "reportedCurrency": "USD",
    "cik": "0000882184",
    "fillingDate": "2021-11-18",
    "acceptedDate": "2021-11-18 17:13:33",
    "calendarYear": "2021",
    "period": "Q4",
    "revenue": 8109300000,
    "costOfRevenue": 5703200000,
    "grossProfit": 2406100000,
    "grossProfitRatio": 0.2967087172,
    "researchAndDevelopmentExpenses": 0,
    "generalAndAdministrativeExpenses": 0,
    "sellingAndMarketingExpenses": 0,
    "sellingGeneralAndAdministrativeExpenses": 666800000,
    "otherExpenses": 0,
    "operatingExpenses": 666800000,
    "costAndExpenses": 6370000000,
    "interestIncome": 0,
    "interestExpense": 0,
    "depreciationAndAmortization": 17200000,
    "ebitda": 1743800000,
    "ebitdaratio": 0.2150370562,
    "operatingIncome": 1739300000,
    "operatingIncomeRatio": 0.2144821378,
    "totalOtherIncomeExpensesNet": -12700000,
    "incomeBeforeTax": 1726600000,
    "incomeBeforeTaxRatio": 0.2129160347,
    "incomeTaxExpense": 381000000,
    "netIncome": 1339000000,
    "netIncomeRatio": 0.1651190608,
    "eps": 3.74,
    "epsdiluted": 3.7,
    "weightedAverageShsOut": 357900000,
    "weightedAverageShsOutDil": 362100000,
    "link": "https://www.sec.gov/Archives/edgar/data/882184/000088218421000190/0000882184-21-000190-index.htm",
    "finalLink": "https://www.sec.gov/Archives/edgar/data/882184/000088218421000190/dhi-20210930.htm"
  },
  {
    "date": "2021-06-30",
    "symbol": "DHI",
    "reportedCurrency": "USD",
    "cik": "0000882184",
    "fillingDate": "2021-07-23",
    "acceptedDate": "2021-07-23 15:57:54",
    "calendarYear": "2021",
    "period": "Q3",
    "revenue": 7284600000,
    "costOfRevenue": 5212600000,
    "grossProfit": 2072000000,
    "grossProfitRatio": 0.2844356588,
    "researchAndDevelopmentExpenses": 0,
    "generalAndAdministrativeExpenses": 0,
    "sellingAndMarketingExpenses": 0,
    "sellingGeneralAndAdministrativeExpenses": 646800000,
    "otherExpenses": 0,
    "operatingExpenses": 646800000,
    "costAndExpenses": 5859400000,
    "interestIncome": 0,
    "interestExpense": 0,
    "depreciationAndAmortization": 17400000,
    "ebitda": 1433000000,
    "ebitdaratio": 0.1967163605,
    "operatingIncome": 1425200000,
    "operatingIncomeRatio": 0.1956456085,
    "totalOtherIncomeExpensesNet": -9600000,
    "incomeBeforeTax": 1415600000,
    "incomeBeforeTaxRatio": 0.1943277599,
    "incomeTaxExpense": 299100000,
    "netIncome": 1115500000,
    "netIncomeRatio": 0.1531312632,
    "eps": 3.1,
    "epsdiluted": 3.06,
    "weightedAverageShsOut": 359700000,
    "weightedAverageShsOutDil": 364000000,
    "link": "https://www.sec.gov/Archives/edgar/data/882184/000088218421000152/0000882184-21-000152-index.htm",
    "finalLink": "https://www.sec.gov/Archives/edgar/data/882184/000088218421000152/dhi-20210630.htm"
  },
  {
    "date": "2021-03-31",
    "symbol": "DHI",
    "reportedCurrency": "USD",
    "cik": "0000882184",
    "fillingDate": "2021-04-26",
    "acceptedDate": "2021-04-26 16:41:13",
    "calendarYear": "2021",
    "period": "Q2",
    "revenue": 6446900000,
    "costOfRevenue": 4650900000,
    "grossProfit": 1796000000,
    "grossProfitRatio": 0.2785835053,
    "researchAndDevelopmentExpenses": 0,
    "generalAndAdministrativeExpenses": 0,
    "sellingAndMarketingExpenses": 0,
    "sellingGeneralAndAdministrativeExpenses": 601600000,
    "otherExpenses": 0,
    "operatingExpenses": 601600000,
    "costAndExpenses": 5252500000,
    "interestIncome": 0,
    "interestExpense": 0,
    "depreciationAndAmortization": 18900000,
    "ebitda": 1198800000,
    "ebitdaratio": 0.1859498364,
    "operatingIncome": 1194400000,
    "operatingIncomeRatio": 0.1852673378,
    "totalOtherIncomeExpensesNet": -14500000,
    "incomeBeforeTax": 1179900000,
    "incomeBeforeTaxRatio": 0.1830181948,
    "incomeTaxExpense": 246000000,
    "netIncome": 929500000,
    "netIncomeRatio": 0.1441778219,
    "eps": 2.57,
    "epsdiluted": 2.53,
    "weightedAverageShsOut": 362300000,
    "weightedAverageShsOutDil": 367200000,
    "link": "https://www.sec.gov/Archives/edgar/data/882184/000088218421000126/0000882184-21-000126-index.htm",
    "finalLink": "https://www.sec.gov/Archives/edgar/data/882184/000088218421000126/dhi-20210331.htm"
  },
  {
    "date": "2020-12-31",
    "symbol": "DHI",
    "reportedCurrency": "USD",
    "cik": "0000882184",
    "fillingDate": "2021-01-27",
    "acceptedDate": "2021-01-27 16:42:01",
    "calendarYear": "2021",
    "period": "Q1",
    "revenue": 5933400000,
    "costOfRevenue": 4332500000,
    "grossProfit": 1600900000,
    "grossProfitRatio": 0.2698115752,
    "researchAndDevelopmentExpenses": 0,
    "generalAndAdministrativeExpenses": 0,
    "sellingAndMarketingExpenses": 0,
    "sellingGeneralAndAdministrativeExpenses": 568500000,
    "otherExpenses": 0,
    "operatingExpenses": 568500000,
    "costAndExpenses": 4901000000,
    "interestIncome": 0,
    "interestExpense": 0,
    "depreciationAndAmortization": 20400000,
    "ebitda": 1054700000,
    "ebitdaratio": 0.1777564297,
    "operatingIncome": 1032400000,
    "operatingIncomeRatio": 0.173998045,
    "totalOtherIncomeExpensesNet": 1899999,
    "incomeBeforeTax": 1034300000,
    "incomeBeforeTaxRatio": 0.1743182661,
    "incomeTaxExpense": 239100000,
    "netIncome": 791800000,
    "netIncomeRatio": 0.1334479388,
    "eps": 2.17,
    "epsdiluted": 2.14,
    "weightedAverageShsOut": 364400000,
    "weightedAverageShsOutDil": 370000000,
    "link": "https://www.sec.gov/Archives/edgar/data/882184/000088218421000021/0000882184-21-000021-index.htm",
    "finalLink": "https://www.sec.gov/Archives/edgar/data/882184/000088218421000021/dhi-20201231.htm"
  },
  {
    "date": "2020-09-30",
    "symbol": "DHI",
    "reportedCurrency": "USD",
    "cik": "0000882184",
    "fillingDate": "2020-11-20",
    "acceptedDate": "2020-11-19 18:04:43",
    "calendarYear": "2020",
    "period": "Q4",
    "revenue": 6400400000,
    "costOfRevenue": 4753600000,
    "grossProfit": 1646800000,
    "grossProfitRatio": 0.257296419,
    "researchAndDevelopmentExpenses": 0,
    "generalAndAdministrativeExpenses": 0,
    "sellingAndMarketingExpenses": 0,
    "sellingGeneralAndAdministrativeExpenses": 574400000,
    "otherExpenses": 0,
    "operatingExpenses": 574400000,
    "costAndExpenses": 5328000000,
    "interestIncome": 0,
    "interestExpense": 0,
    "depreciationAndAmortization": 23000000,
    "ebitda": 1079100000,
    "ebitdaratio": 0.1685988376,
    "operatingIncome": 1072400000,
    "operatingIncomeRatio": 0.167552028,
    "totalOtherIncomeExpensesNet": -16300000,
    "incomeBeforeTax": 1056099999,
    "incomeBeforeTaxRatio": 0.165005312,
    "incomeTaxExpense": 224900000,
    "netIncome": 829000000,
    "netIncomeRatio": 0.1295231548,
    "eps": 2.28,
    "epsdiluted": 2.24,
    "weightedAverageShsOut": 364100000,
    "weightedAverageShsOutDil": 369500000,
    "link": "https://www.sec.gov/Archives/edgar/data/882184/000088218420000143/0000882184-20-000143-index.htm",
    "finalLink": "https://www.sec.gov/Archives/edgar/data/882184/000088218420000143/dhi-20200930.htm"
  },
  {
    "date": "2020-06-30",
    "symbol": "DHI",
    "reportedCurrency": "USD",
    "cik": "0000882184",
    "fillingDate": "2020-07-30",
    "acceptedDate": "2020-07-30 12:03:33",
    "calendarYear": "2020",
    "period": "Q3",
    "revenue": 5390000000,
    "costOfRevenue": 4084700000,
    "grossProfit": 1305300000,
    "grossProfitRatio": 0.2421706865,
    "researchAndDevelopmentExpenses": 0,
    "generalAndAdministrativeExpenses": 0,
    "sellingAndMarketingExpenses": 0,
    "sellingGeneralAndAdministrativeExpenses": 513000000,
    "otherExpenses": 0,
    "operatingExpenses": 513000000,
    "costAndExpenses": 4597700000,
    "interestIncome": 0,
    "interestExpense": 0,
    "depreciationAndAmortization": 18600000,
    "ebitda": 801000000,
    "ebitdaratio": 0.1486085343,
    "operatingIncome": 792300000,
    "operatingIncomeRatio": 0.1469944341,
    "totalOtherIncomeExpensesNet": -9900000,
    "incomeBeforeTax": 782400000,
    "incomeBeforeTaxRatio": 0.1451576994,
    "incomeTaxExpense": 149500000,
    "netIncome": 630700000,
    "netIncomeRatio": 0.117012987,
    "eps": 1.73,
    "epsdiluted": 1.72,
    "weightedAverageShsOut": 363800000,
    "weightedAverageShsOutDil": 367700000,
    "link": "https://www.sec.gov/Archives/edgar/data/882184/000088218420000112/0000882184-20-000112-index.htm",
    "finalLink": "https://www.sec.gov/Archives/edgar/data/882184/000088218420000112/dhi-20200630.htm"
  },
  {
    "date": "2020-03-31",
    "symbol": "DHI",
    "reportedCurrency": "USD",
    "cik": "0000882184",
    "fillingDate": "2020-04-29",
    "acceptedDate": "2020-04-29 16:42:16",
    "calendarYear": "2020",
    "period": "Q2",
    "revenue": 4500000000,
    "costOfRevenue": 3450800000,
    "grossProfit": 1049200000,
    "grossProfitRatio": 0.2331555556,
    "researchAndDevelopmentExpenses": 0,
    "generalAndAdministrativeExpenses": 0,
    "sellingAndMarketingExpenses": 0,
    "sellingGeneralAndAdministrativeExpenses": 456800000,
    "otherExpenses": 0,
    "operatingExpenses": 456800000,
    "costAndExpenses": 3907600000,
    "interestIncome": 0,
    "interestExpense": 0,
    "depreciationAndAmortization": 19800000,
    "ebitda": 641100000,
    "ebitdaratio": 0.1424666667,
    "operatingIncome": 592400000,
    "operatingIncomeRatio": 0.1316444444,
    "totalOtherIncomeExpensesNet": 28900000,
    "incomeBeforeTax": 621300000,
    "incomeBeforeTaxRatio": 0.1380666667,
    "incomeTaxExpense": 137300000,
    "netIncome": 482700000,
    "netIncomeRatio": 0.1072666667,
    "eps": 1.32,
    "epsdiluted": 1.3,
    "weightedAverageShsOut": 365800000,
    "weightedAverageShsOutDil": 370100000,
    "link": "https://www.sec.gov/Archives/edgar/data/882184/000088218420000099/0000882184-20-000099-index.htm",
    "finalLink": "https://www.sec.gov/Archives/edgar/data/882184/000088218420000099/dhi-20200331.htm"
  },
  {
    "date": "2019-12-31",
    "symbol": "DHI",
    "reportedCurrency": "USD",
    "cik": "0000882184",
    "fillingDate": "2020-01-28",
    "acceptedDate": "2020-01-28 16:11:16",
    "calendarYear": "2020",
    "period": "Q1",
    "revenue": 4020700000,
    "costOfRevenue": 3084200000,
    "grossProfit": 936500000,
    "grossProfitRatio": 0.2329196409,
    "researchAndDevelopmentExpenses": 0,
    "generalAndAdministrativeExpenses": 0,
    "sellingAndMarketingExpenses": 0,
    "sellingGeneralAndAdministrativeExpenses": 439200000,
    "otherExpenses": 0,
    "operatingExpenses": 439200000,
    "costAndExpenses": 3523400000,
    "interestIncome": 0,
    "interestExpense": 0,
    "depreciationAndAmortization": 19000000,
    "ebitda": 542300000,
    "ebitdaratio": 0.1348770115,
    "operatingIncome": 497300000,
    "operatingIncomeRatio": 0.1236849305,
    "totalOtherIncomeExpensesNet": 25999999,
    "incomeBeforeTax": 523299999,
    "incomeBeforeTaxRatio": 0.1301514659,
    "incomeTaxExpense": 90800000,
    "netIncome": 431300000,
    "netIncomeRatio": 0.1072698784,
    "eps": 1.17,
    "epsdiluted": 1.16,
    "weightedAverageShsOut": 368300000,
    "weightedAverageShsOutDil": 373400000,
    "link": "https://www.sec.gov/Archives/edgar/data/882184/000088218420000017/0000882184-20-000017-index.htm",
    "finalLink": "https://www.sec.gov/Archives/edgar/data/882184/000088218420000017/a1231201910q.htm"
  },
  {
    "date": "2019-09-30",
    "symbol": "DHI",
    "reportedCurrency": "USD",
    "cik": "0000882184",
    "fillingDate": "2019-11-25",
    "acceptedDate": "2019-11-25 12:48:27",
    "calendarYear": "2019",
    "period": "Q4",
    "revenue": 5038900000,
    "costOfRevenue": 3881600000,
    "grossProfit": 1157300000,
    "grossProfitRatio": 0.2296731429,
    "researchAndDevelopmentExpenses": 0,
    "generalAndAdministrativeExpenses": 0,
    "sellingAndMarketingExpenses": 0,
    "sellingGeneralAndAdministrativeExpenses": 510100000,
    "otherExpenses": 0,
    "operatingExpenses": 510100000,
    "costAndExpenses": 4391700000,
    "interestIncome": 0,
    "interestExpense": 0,
    "depreciationAndAmortization": 19600000,
    "ebitda": 679700000,
    "ebitdaratio": 0.1348905515,
    "operatingIncome": 647200000,
    "operatingIncomeRatio": 0.1284407311,
    "totalOtherIncomeExpensesNet": 12900000,
    "incomeBeforeTax": 660100000,
    "incomeBeforeTaxRatio": 0.1310008137,
    "incomeTaxExpense": 156200000,
    "netIncome": 505300000,
    "netIncomeRatio": 0.100279823,
    "eps": 1.37,
    "epsdiluted": 1.35,
    "weightedAverageShsOut": 369700000,
    "weightedAverageShsOutDil": 374800000,
    "link": "https://www.sec.gov/Archives/edgar/data/882184/000088218419000147/0000882184-19-000147-index.htm",
    "finalLink": "https://www.sec.gov/Archives/edgar/data/882184/000088218419000147/a2019930-10k.htm"
  },
  {
    "date": "2019-06-30",
    "symbol": "DHI",
    "reportedCurrency": "USD",
    "cik": "0000882184",
    "fillingDate": "2019-07-31",
    "acceptedDate": "2019-07-30 17:34:21",
    "calendarYear": "2019",
    "period": "Q3",
    "revenue": 4906300000,
    "costOfRevenue": 3831600000,
    "grossProfit": 1074700000,
    "grossProfitRatio": 0.2190449015,
    "researchAndDevelopmentExpenses": 0,
    "generalAndAdministrativeExpenses": 0,
    "sellingAndMarketingExpenses": 0,
    "sellingGeneralAndAdministrativeExpenses": 474700000,
    "otherExpenses": 0,
    "operatingExpenses": 474700000,
    "costAndExpenses": 4306300000,
    "interestIncome": 0,
    "interestExpense": 0,
    "depreciationAndAmortization": 18300000,
    "ebitda": 645000000,
    "ebitdaratio": 0.1314636284,
    "operatingIncome": 600000000,
    "operatingIncomeRatio": 0.1222917473,
    "totalOtherIncomeExpensesNet": 26700000,
    "incomeBeforeTax": 626700000,
    "incomeBeforeTaxRatio": 0.1277337301,
    "incomeTaxExpense": 153100000,
    "netIncome": 474800000,
    "netIncomeRatio": 0.0967735361,
    "eps": 1.28,
    "epsdiluted": 1.26,
    "weightedAverageShsOut": 372300000,
    "weightedAverageShsOutDil": 376900000,
    "link": "https://www.sec.gov/Archives/edgar/data/882184/000088218419000107/0000882184-19-000107-index.htm",
    "finalLink": "https://www.sec.gov/Archives/edgar/data/882184/000088218419000107/a630201910q.htm"
  },
  {
    "date": "2019-03-31",
    "symbol": "DHI",
    "reportedCurrency": "USD",
    "cik": "0000882184",
    "fillingDate": "2019-04-30",
    "acceptedDate": "2019-04-30 16:51:20",
    "calendarYear": "2019",
    "period": "Q2",
    "revenue": 4128700000,
    "costOfRevenue": 3256700000,
    "grossProfit": 872000000,
    "grossProfitRatio": 0.2112044954,
    "researchAndDevelopmentExpenses": 0,
    "generalAndAdministrativeExpenses": 0,
    "sellingAndMarketingExpenses": 0,
    "sellingGeneralAndAdministrativeExpenses": 435400000,
    "otherExpenses": 0,
    "operatingExpenses": 435400000,
    "costAndExpenses": 3692100000,
    "interestIncome": 0,
    "interestExpense": 0,
    "depreciationAndAmortization": 17200000,
    "ebitda": 480000000,
    "ebitdaratio": 0.1162593552,
    "operatingIncome": 436600000,
    "operatingIncomeRatio": 0.1057475719,
    "totalOtherIncomeExpensesNet": 26200000,
    "incomeBeforeTax": 462800000,
    "incomeBeforeTaxRatio": 0.112093395,
    "incomeTaxExpense": 108400000,
    "netIncome": 351300000,
    "netIncomeRatio": 0.0850873156,
    "eps": 0.94,
    "epsdiluted": 0.93,
    "weightedAverageShsOut": 373300000,
    "weightedAverageShsOutDil": 377700000,
    "link": "https://www.sec.gov/Archives/edgar/data/882184/000088218419000096/0000882184-19-000096-index.htm",
    "finalLink": "https://www.sec.gov/Archives/edgar/data/882184/000088218419000096/a331201910q.htm"
  },
  {
    "date": "2018-12-31",
    "symbol": "DHI",
    "reportedCurrency": "USD",
    "cik": "0000882184",
    "fillingDate": "2019-01-29",
    "acceptedDate": "2019-01-29 16:44:31",
    "calendarYear": "2019",
    "period": "Q1",
    "revenue": 3519000000,
    "costOfRevenue": 2751100000,
    "grossProfit": 767900000,
    "grossProfitRatio": 0.2182154021,
    "researchAndDevelopmentExpenses": 0,
    "generalAndAdministrativeExpenses": 0,
    "sellingAndMarketingExpenses": 0,
    "sellingGeneralAndAdministrativeExpenses": 397000000,
    "otherExpenses": 0,
    "operatingExpenses": 397000000,
    "costAndExpenses": 3148100000,
    "interestIncome": 0,
    "interestExpense": 0,
    "depreciationAndAmortization": 16900000,
    "ebitda": 392600000,
    "ebitdaratio": 0.1115657857,
    "operatingIncome": 370900000,
    "operatingIncomeRatio": 0.1053992612,
    "totalOtherIncomeExpensesNet": 4800000,
    "incomeBeforeTax": 375700000,
    "incomeBeforeTaxRatio": 0.106763285,
    "incomeTaxExpense": 89000000,
    "netIncome": 287200000,
    "netIncomeRatio": 0.0816140949,
    "eps": 0.77,
    "epsdiluted": 0.76,
    "weightedAverageShsOut": 375100000,
    "weightedAverageShsOutDil": 380100000,
    "link": "https://www.sec.gov/Archives/edgar/data/882184/000088218419000022/0000882184-19-000022-index.htm",
    "finalLink": "https://www.sec.gov/Archives/edgar/data/882184/000088218419000022/a1231201810q.htm"
  },
  {
    "date": "2018-09-30",
    "symbol": "DHI",
    "reportedCurrency": "USD",
    "cik": "0000882184",
    "fillingDate": "2018-11-16",
    "acceptedDate": "2018-11-16 15:58:56",
    "calendarYear": "2018",
    "period": "Q4",
    "revenue": 4505200000,
    "costOfRevenue": 3459100000,
    "grossProfit": 1046100000,
    "grossProfitRatio": 0.2321983486,
    "researchAndDevelopmentExpenses": 0,
    "generalAndAdministrativeExpenses": 0,
    "sellingAndMarketingExpenses": 0,
    "sellingGeneralAndAdministrativeExpenses": 462400000,
    "otherExpenses": 6500000,
    "operatingExpenses": 455900000,
    "costAndExpenses": 3915000000,
    "interestIncome": 0,
    "interestExpense": 0,
    "depreciationAndAmortization": 15800000,
    "ebitda": 624500000,
    "ebitdaratio": 0.1386175974,
    "operatingIncome": 590200000,
    "operatingIncomeRatio": 0.131004173,
    "totalOtherIncomeExpensesNet": 17500000,
    "incomeBeforeTax": 607700000,
    "incomeBeforeTaxRatio": 0.1348885732,
    "incomeTaxExpense": 138800000,
    "netIncome": 466100000,
    "netIncomeRatio": 0.103458226,
    "eps": 1.24,
    "epsdiluted": 1.22,
    "weightedAverageShsOut": 376700000,
    "weightedAverageShsOutDil": 382700000,
    "link": "https://www.sec.gov/Archives/edgar/data/882184/000088218418000120/0000882184-18-000120-index.htm",
    "finalLink": "https://www.sec.gov/Archives/edgar/data/882184/000088218418000120/a2018930-10k.htm"
  },
  {
    "date": "2018-06-30",
    "symbol": "DHI",
    "reportedCurrency": "USD",
    "cik": "0000882184",
    "fillingDate": "2018-07-27",
    "acceptedDate": "2018-07-27 16:49:36",
    "calendarYear": "2018",
    "period": "Q3",
    "revenue": 4435300000,
    "costOfRevenue": 3397200000,
    "grossProfit": 1038100000,
    "grossProfitRatio": 0.2340540662,
    "researchAndDevelopmentExpenses": 0,
    "generalAndAdministrativeExpenses": 0,
    "sellingAndMarketingExpenses": 0,
    "sellingGeneralAndAdministrativeExpenses": 426400000,
    "otherExpenses": 0,
    "operatingExpenses": 426400000,
    "costAndExpenses": 3823600000,
    "interestIncome": 0,
    "interestExpense": 0,
    "depreciationAndAmortization": 13500000,
    "ebitda": 629700000,
    "ebitdaratio": 0.1419746128,
    "operatingIncome": 611700000,
    "operatingIncomeRatio": 0.1379162627,
    "totalOtherIncomeExpensesNet": 4500000,
    "incomeBeforeTax": 616200000,
    "incomeBeforeTaxRatio": 0.1389308502,
    "incomeTaxExpense": 162500000,
    "netIncome": 453800000,
    "netIncomeRatio": 0.1023155142,
    "eps": 1.2,
    "epsdiluted": 1.18,
    "weightedAverageShsOut": 377400000,
    "weightedAverageShsOutDil": 383400000,
    "link": "https://www.sec.gov/Archives/edgar/data/882184/000088218418000083/0000882184-18-000083-index.htm",
    "finalLink": "https://www.sec.gov/Archives/edgar/data/882184/000088218418000083/a630201810q.htm"
  },
  {
    "date": "2018-03-31",
    "symbol": "DHI",
    "reportedCurrency": "USD",
    "cik": "0000882184",
    "fillingDate": "2018-04-30",
    "acceptedDate": "2018-04-30 17:22:00",
    "calendarYear": "2018",
    "period": "Q2",
    "revenue": 3794700000,
    "costOfRevenue": 2961600000,
    "grossProfit": 833100000,
    "grossProfitRatio": 0.2195430469,
    "researchAndDevelopmentExpenses": 0,
    "generalAndAdministrativeExpenses": 0,
    "sellingAndMarketingExpenses": 0,
    "sellingGeneralAndAdministrativeExpenses": 370700000,
    "otherExpenses": 0,
    "operatingExpenses": 370700000,
    "costAndExpenses": 3332300000,
    "interestIncome": 0,
    "interestExpense": 0,
    "depreciationAndAmortization": 16900000,
    "ebitda": 461700000,
    "ebitdaratio": 0.1216696972,
    "operatingIncome": 462400000,
    "operatingIncomeRatio": 0.121854165,
    "totalOtherIncomeExpensesNet": -17600000,
    "incomeBeforeTax": 444800000,
    "incomeBeforeTaxRatio": 0.1172161172,
    "incomeTaxExpense": 94000000,
    "netIncome": 351000000,
    "netIncomeRatio": 0.0924974306,
    "eps": 0.93,
    "epsdiluted": 0.91,
    "weightedAverageShsOut": 376800000,
    "weightedAverageShsOutDil": 383900000,
    "link": "https://www.sec.gov/Archives/edgar/data/882184/000088218418000075/0000882184-18-000075-index.htm",
    "finalLink": "https://www.sec.gov/Archives/edgar/data/882184/000088218418000075/a331201810q.htm"
  },
  {
    "date": "2017-12-31",
    "symbol": "DHI",
    "reportedCurrency": "USD",
    "cik": "0000882184",
    "fillingDate": "2018-02-08",
    "acceptedDate": "2018-02-08 16:49:07",
    "calendarYear": "2018",
    "period": "Q1",
    "revenue": 3332700000,
    "costOfRevenue": 2580100000,
    "grossProfit": 752600000,
    "grossProfitRatio": 0.2258229064,
    "researchAndDevelopmentExpenses": 0,
    "generalAndAdministrativeExpenses": 0,
    "sellingAndMarketingExpenses": 0,
    "sellingGeneralAndAdministrativeExpenses": 370100000,
    "otherExpenses": 0,
    "operatingExpenses": 370100000,
    "costAndExpenses": 2950200000,
    "interestIncome": 0,
    "interestExpense": 0,
    "depreciationAndAmortization": 16200000,
    "ebitda": 407400000,
    "ebitdaratio": 0.1222432262,
    "operatingIncome": 382500000,
    "operatingIncomeRatio": 0.1147718066,
    "totalOtherIncomeExpensesNet": 8700000,
    "incomeBeforeTax": 391200000,
    "incomeBeforeTaxRatio": 0.1173823026,
    "incomeTaxExpense": 202400000,
    "netIncome": 189300000,
    "netIncomeRatio": 0.0568007922,
    "eps": 0.5,
    "epsdiluted": 0.49,
    "weightedAverageShsOut": 375800000,
    "weightedAverageShsOutDil": 383800000,
    "link": "https://www.sec.gov/Archives/edgar/data/882184/000088218418000019/0000882184-18-000019-index.htm",
    "finalLink": "https://www.sec.gov/Archives/edgar/data/882184/000088218418000019/a1231201710q.htm"
  },
  {
    "date": "2017-09-30",
    "symbol": "DHI",
    "reportedCurrency": "USD",
    "cik": "0000882184",
    "fillingDate": "2017-11-15",
    "acceptedDate": "2017-11-15 17:31:38",
    "calendarYear": "2017",
    "period": "Q4",
    "revenue": 4159100000,
    "costOfRevenue": 3264000000,
    "grossProfit": 895100000,
    "grossProfitRatio": 0.2152148301,
    "researchAndDevelopmentExpenses": 0,
    "generalAndAdministrativeExpenses": 0,
    "sellingAndMarketingExpenses": 0,
    "sellingGeneralAndAdministrativeExpenses": 408900000,
    "otherExpenses": 0,
    "operatingExpenses": 408900000,
    "costAndExpenses": 3672900000,
    "interestIncome": 3200000,
    "interestExpense": 0,
    "depreciationAndAmortization": 14300000,
    "ebitda": 499800000,
    "ebitdaratio": 0.1201702291,
    "operatingIncome": 486200000,
    "operatingIncomeRatio": 0.1169002909,
    "totalOtherIncomeExpensesNet": -700000,
    "incomeBeforeTax": 485500000,
    "incomeBeforeTaxRatio": 0.1167319853,
    "incomeTaxExpense": 172300000,
    "netIncome": 313200000,
    "netIncomeRatio": 0.0753047534,
    "eps": 0.84,
    "epsdiluted": 0.82,
    "weightedAverageShsOut": 374700000,
    "weightedAverageShsOutDil": 380000000,
    "link": "https://www.sec.gov/Archives/edgar/data/882184/000088218417000103/0000882184-17-000103-index.htm",
    "finalLink": "https://www.sec.gov/Archives/edgar/data/882184/000088218417000103/a2017930-10k.htm"
  },
  {
    "date": "2017-06-30",
    "symbol": "DHI",
    "reportedCurrency": "USD",
    "cik": "0000882184",
    "fillingDate": "2017-07-27",
    "acceptedDate": "2017-07-27 11:21:24",
    "calendarYear": "2017",
    "period": "Q3",
    "revenue": 3776400000,
    "costOfRevenue": 2961100000,
    "grossProfit": 815300000,
    "grossProfitRatio": 0.2158934435,
    "researchAndDevelopmentExpenses": 0,
    "generalAndAdministrativeExpenses": 0,
    "sellingAndMarketingExpenses": 0,
    "sellingGeneralAndAdministrativeExpenses": 346400000,
    "otherExpenses": 0,
    "operatingExpenses": 346400000,
    "costAndExpenses": 3307500000,
    "interestIncome": 2400000,
    "interestExpense": 0,
    "depreciationAndAmortization": 13100000,
    "ebitda": 457600000,
    "ebitdaratio": 0.1211736045,
    "operatingIncome": 468900000,
    "operatingIncomeRatio": 0.1241658723,
    "totalOtherIncomeExpensesNet": -24400000,
    "incomeBeforeTax": 444500000,
    "incomeBeforeTaxRatio": 0.1177046923,
    "incomeTaxExpense": 155500000,
    "netIncome": 289000000,
    "netIncomeRatio": 0.0765279102,
    "eps": 0.77,
    "epsdiluted": 0.76,
    "weightedAverageShsOut": 374800000,
    "weightedAverageShsOutDil": 379400000,
    "link": "https://www.sec.gov/Archives/edgar/data/882184/000088218417000080/0000882184-17-000080-index.htm",
    "finalLink": "https://www.sec.gov/Archives/edgar/data/882184/000088218417000080/a630201710q.htm"
  },
  {
    "date": "2017-03-31",
    "symbol": "DHI",
    "reportedCurrency": "USD",
    "cik": "0000882184",
    "fillingDate": "2017-04-25",
    "acceptedDate": "2017-04-25 17:01:25",
    "calendarYear": "2017",
    "period": "Q2",
    "revenue": 3251300000,
    "costOfRevenue": 2549900000,
    "grossProfit": 701400000,
    "grossProfitRatio": 0.215729093,
    "researchAndDevelopmentExpenses": 0,
    "generalAndAdministrativeExpenses": 0,
    "sellingAndMarketingExpenses": 0,
    "sellingGeneralAndAdministrativeExpenses": 329700000,
    "otherExpenses": 0,
    "operatingExpenses": 329700000,
    "costAndExpenses": 2879600000,
    "interestIncome": 5300000,
    "interestExpense": 0,
    "depreciationAndAmortization": 12900000,
    "ebitda": 366800000,
    "ebitdaratio": 0.1128164119,
    "operatingIncome": 371700000,
    "operatingIncomeRatio": 0.1143235014,
    "totalOtherIncomeExpensesNet": -17800000,
    "incomeBeforeTax": 353900000,
    "incomeBeforeTaxRatio": 0.1088487682,
    "incomeTaxExpense": 124700000,
    "netIncome": 229200000,
    "netIncomeRatio": 0.070494879,
    "eps": 0.61,
    "epsdiluted": 0.6,
    "weightedAverageShsOut": 374400000,
    "weightedAverageShsOutDil": 378900000,
    "link": "https://www.sec.gov/Archives/edgar/data/882184/000088218417000073/0000882184-17-000073-index.htm",
    "finalLink": "https://www.sec.gov/Archives/edgar/data/882184/000088218417000073/a331201710q.htm"
  },
  {
    "date": "2016-12-31",
    "symbol": "DHI",
    "reportedCurrency": "USD",
    "cik": "0000882184",
    "fillingDate": "2017-01-25",
    "acceptedDate": "2017-01-25 17:06:04",
    "calendarYear": "2017",
    "period": "Q1",
    "revenue": 2904200000,
    "costOfRevenue": 2267900000,
    "grossProfit": 636300000,
    "grossProfitRatio": 0.219096481,
    "researchAndDevelopmentExpenses": 0,
    "generalAndAdministrativeExpenses": 0,
    "sellingAndMarketingExpenses": 0,
    "sellingGeneralAndAdministrativeExpenses": 298900000,
    "otherExpenses": 0,
    "operatingExpenses": 298900000,
    "costAndExpenses": 2566800000,
    "interestIncome": 3600000,
    "interestExpense": 0,
    "depreciationAndAmortization": 14400000,
    "ebitda": 332500000,
    "ebitdaratio": 0.1144893602,
    "operatingIncome": 337400000,
    "operatingIncomeRatio": 0.1161765719,
    "totalOtherIncomeExpensesNet": -19300000,
    "incomeBeforeTax": 318100000,
    "incomeBeforeTaxRatio": 0.109531024,
    "incomeTaxExpense": 111200000,
    "netIncome": 206900000,
    "netIncomeRatio": 0.07124165,
    "eps": 0.55,
    "epsdiluted": 0.55,
    "weightedAverageShsOut": 373300000,
    "weightedAverageShsOutDil": 377400000,
    "link": "https://www.sec.gov/Archives/edgar/data/882184/000088218417000020/0000882184-17-000020-index.htm",
    "finalLink": "https://www.sec.gov/Archives/edgar/data/882184/000088218417000020/a1231201610q.htm"
  },
  {
    "date": "2016-09-30",
    "symbol": "DHI",
    "reportedCurrency": "USD",
    "cik": "0000882184",
    "fillingDate": "2016-11-18",
    "acceptedDate": "2016-11-18 15:56:19",
    "calendarYear": "2016",
    "period": "Q4",
    "revenue": 3741300000,
    "costOfRevenue": 2918400000,
    "grossProfit": 822900000,
    "grossProfitRatio": 0.2199502847,
    "researchAndDevelopmentExpenses": 0,
    "generalAndAdministrativeExpenses": 0,
    "sellingAndMarketingExpenses": 0,
    "sellingGeneralAndAdministrativeExpenses": 369500000,
    "otherExpenses": 0,
    "operatingExpenses": 369500000,
    "costAndExpenses": 3287900000,
    "interestIncome": 700000,
    "interestExpense": 0,
    "depreciationAndAmortization": 19600000,
    "ebitda": 452600000,
    "ebitdaratio": 0.120973993,
    "operatingIncome": 453400000,
    "operatingIncomeRatio": 0.1211878224,
    "totalOtherIncomeExpensesNet": -20400000,
    "incomeBeforeTax": 433000000,
    "incomeBeforeTaxRatio": 0.1157351723,
    "incomeTaxExpense": 149400000,
    "netIncome": 283600000,
    "netIncomeRatio": 0.0758025285,
    "eps": 0.76,
    "epsdiluted": 0.75,
    "weightedAverageShsOut": 372800000,
    "weightedAverageShsOutDil": 377300000,
    "link": "https://www.sec.gov/Archives/edgar/data/882184/000088218416000203/0000882184-16-000203-index.htm",
    "finalLink": "https://www.sec.gov/Archives/edgar/data/882184/000088218416000203/a2016930-10k.htm"
  },
  {
    "date": "2016-06-30",
    "symbol": "DHI",
    "reportedCurrency": "USD",
    "cik": "0000882184",
    "fillingDate": "2016-07-26",
    "acceptedDate": "2016-07-25 18:15:36",
    "calendarYear": "2016",
    "period": "Q3",
    "revenue": 3231900000,
    "costOfRevenue": 2523000000,
    "grossProfit": 708900000,
    "grossProfitRatio": 0.2193446579,
    "researchAndDevelopmentExpenses": 0,
    "generalAndAdministrativeExpenses": 336800000,
    "sellingAndMarketingExpenses": 0,
    "sellingGeneralAndAdministrativeExpenses": 336800000,
    "otherExpenses": 0,
    "operatingExpenses": 336800000,
    "costAndExpenses": 2859800000,
    "interestIncome": 2700000,
    "interestExpense": 0,
    "depreciationAndAmortization": 13800000,
    "ebitda": 385900000,
    "ebitdaratio": 0.1194034469,
    "operatingIncome": 372100000,
    "operatingIncomeRatio": 0.1151335128,
    "totalOtherIncomeExpensesNet": 6500000,
    "incomeBeforeTax": 378600000,
    "incomeBeforeTaxRatio": 0.1171447136,
    "incomeTaxExpense": 128800000,
    "netIncome": 249800000,
    "netIncomeRatio": 0.0772919954,
    "eps": 0.67,
    "epsdiluted": 0.66,
    "weightedAverageShsOut": 371800000,
    "weightedAverageShsOutDil": 375900000,
    "link": "https://www.sec.gov/Archives/edgar/data/882184/000088218416000178/0000882184-16-000178-index.htm",
    "finalLink": "https://www.sec.gov/Archives/edgar/data/882184/000088218416000178/a630201610q.htm"
  },
  {
    "date": "2016-03-31",
    "symbol": "DHI",
    "reportedCurrency": "USD",
    "cik": "0000882184",
    "fillingDate": "2016-04-25",
    "acceptedDate": "2016-04-25 17:32:12",
    "calendarYear": "2016",
    "period": "Q2",
    "revenue": 2767900000,
    "costOfRevenue": 2169300000,
    "grossProfit": 598600000,
    "grossProfitRatio": 0.2162650385,
    "researchAndDevelopmentExpenses": 0,
    "generalAndAdministrativeExpenses": 309200000,
    "sellingAndMarketingExpenses": 0,
    "sellingGeneralAndAdministrativeExpenses": 309200000,
    "otherExpenses": 0,
    "operatingExpenses": 309200000,
    "costAndExpenses": 2478500000,
    "interestIncome": 1500000,
    "interestExpense": 0,
    "depreciationAndAmortization": 14000000,
    "ebitda": 303400000,
    "ebitdaratio": 0.1096137866,
    "operatingIncome": 289400000,
    "operatingIncomeRatio": 0.1045558004,
    "totalOtherIncomeExpensesNet": 4400000,
    "incomeBeforeTax": 300500000,
    "incomeBeforeTaxRatio": 0.1085660609,
    "incomeTaxExpense": 105400000,
    "netIncome": 195100000,
    "netIncomeRatio": 0.0704866505,
    "eps": 0.53,
    "epsdiluted": 0.52,
    "weightedAverageShsOut": 370200000,
    "weightedAverageShsOutDil": 373700000,
    "link": "https://www.sec.gov/Archives/edgar/data/882184/000088218416000164/0000882184-16-000164-index.htm",
    "finalLink": "https://www.sec.gov/Archives/edgar/data/882184/000088218416000164/a331201610q.htm"
  },
  {
    "date": "2015-12-31",
    "symbol": "DHI",
    "reportedCurrency": "USD",
    "cik": "0000882184",
    "fillingDate": "2016-01-28",
    "acceptedDate": "2016-01-28 15:12:35",
    "calendarYear": "2016",
    "period": "Q1",
    "revenue": 2416400000,
    "costOfRevenue": 1892200000,
    "grossProfit": 524200000,
    "grossProfitRatio": 0.2169342824,
    "researchAndDevelopmentExpenses": 0,
    "generalAndAdministrativeExpenses": 289400000,
    "sellingAndMarketingExpenses": 0,
    "sellingGeneralAndAdministrativeExpenses": 289400000,
    "otherExpenses": 0,
    "operatingExpenses": 289400000,
    "costAndExpenses": 2181600000,
    "interestIncome": 3100000,
    "interestExpense": 0,
    "depreciationAndAmortization": 13600000,
    "ebitda": 248400000,
    "ebitdaratio": 0.1027975501,
    "operatingIncome": 234800000,
    "operatingIncomeRatio": 0.0971693428,
    "totalOtherIncomeExpensesNet": 6500000,
    "incomeBeforeTax": 241300000,
    "incomeBeforeTaxRatio": 0.0998592948,
    "incomeTaxExpense": 83600000,
    "netIncome": 157700000,
    "netIncomeRatio": 0.0652623738,
    "eps": 0.43,
    "epsdiluted": 0.42,
    "weightedAverageShsOut": 369300000,
    "weightedAverageShsOutDil": 373500000,
    "link": "https://www.sec.gov/Archives/edgar/data/882184/000088218416000122/0000882184-16-000122-index.htm",
    "finalLink": "https://www.sec.gov/Archives/edgar/data/882184/000088218416000122/a1231201510q.htm"
  },
  {
    "date": "2015-09-30",
    "symbol": "DHI",
    "reportedCurrency": "USD",
    "cik": "0000882184",
    "fillingDate": "2015-11-19",
    "acceptedDate": "2015-11-18 18:15:33",
    "calendarYear": "2015",
    "period": "Q4",
    "revenue": 3172500000,
    "costOfRevenue": 2508800000,
    "grossProfit": 663700000,
    "grossProfitRatio": 0.2092040977,
    "researchAndDevelopmentExpenses": 0,
    "generalAndAdministrativeExpenses": 323200000,
    "sellingAndMarketingExpenses": 0,
    "sellingGeneralAndAdministrativeExpenses": 323200000,
    "otherExpenses": 0,
    "operatingExpenses": 323200000,
    "costAndExpenses": 2832000000,
    "interestIncome": 3700000,
    "interestExpense": 0,
    "depreciationAndAmortization": 14400000,
    "ebitda": 395400000,
    "ebitdaratio": 0.1246335697,
    "operatingIncome": 340400000,
    "operatingIncomeRatio": 0.1072970843,
    "totalOtherIncomeExpensesNet": -1600000,
    "incomeBeforeTax": 338800000,
    "incomeBeforeTaxRatio": 0.1067927502,
    "incomeTaxExpense": 99900000,
    "netIncome": 238900000,
    "netIncomeRatio": 0.0753033885,
    "eps": 0.65,
    "epsdiluted": 0.64,
    "weightedAverageShsOut": 367700000,
    "weightedAverageShsOutDil": 371500000,
    "link": "https://www.sec.gov/Archives/edgar/data/882184/000088218415000085/0000882184-15-000085-index.htm",
    "finalLink": "https://www.sec.gov/Archives/edgar/data/882184/000088218415000085/a2015930-10k.htm"
  },
  {
    "date": "2015-06-30",
    "symbol": "DHI",
    "reportedCurrency": "USD",
    "cik": "0000882184",
    "fillingDate": "2015-07-28",
    "acceptedDate": "2015-07-28 14:53:07",
    "calendarYear": "2015",
    "period": "Q3",
    "revenue": 2950800000,
    "costOfRevenue": 2320400000,
    "grossProfit": 630400000,
    "grossProfitRatio": 0.2136369798,
    "researchAndDevelopmentExpenses": 0,
    "generalAndAdministrativeExpenses": 303800000,
    "sellingAndMarketingExpenses": 0,
    "sellingGeneralAndAdministrativeExpenses": 303800000,
    "otherExpenses": 0,
    "operatingExpenses": 303800000,
    "costAndExpenses": 2624200000,
    "interestIncome": 3300000,
    "interestExpense": 0,
    "depreciationAndAmortization": 14300000,
    "ebitda": 340900000,
    "ebitdaratio": 0.1155279924,
    "operatingIncome": 326600000,
    "operatingIncomeRatio": 0.110681849,
    "totalOtherIncomeExpensesNet": 7200000,
    "incomeBeforeTax": 333800000,
    "incomeBeforeTaxRatio": 0.1131218653,
    "incomeTaxExpense": 112400000,
    "netIncome": 221400000,
    "netIncomeRatio": 0.0750305002,
    "eps": 0.6,
    "epsdiluted": 0.6,
    "weightedAverageShsOut": 366800000,
    "weightedAverageShsOutDil": 370300000,
    "link": "https://www.sec.gov/Archives/edgar/data/882184/000088218415000064/0000882184-15-000064-index.htm",
    "finalLink": "https://www.sec.gov/Archives/edgar/data/882184/000088218415000064/a630201510q.htm"
  },
  {
    "date": "2015-03-31",
    "symbol": "DHI",
    "reportedCurrency": "USD",
    "cik": "0000882184",
    "fillingDate": "2015-04-24",
    "acceptedDate": "2015-04-24 16:24:16",
    "calendarYear": "2015",
    "period": "Q2",
    "revenue": 2398000000,
    "costOfRevenue": 1892000000,
    "grossProfit": 506000000,
    "grossProfitRatio": 0.2110091743,
    "researchAndDevelopmentExpenses": 0,
    "generalAndAdministrativeExpenses": 283100000,
    "sellingAndMarketingExpenses": 0,
    "sellingGeneralAndAdministrativeExpenses": 283100000,
    "otherExpenses": 0,
    "operatingExpenses": 283100000,
    "costAndExpenses": 2175100000,
    "interestIncome": 2700000,
    "interestExpense": 0,
    "depreciationAndAmortization": 13100000,
    "ebitda": 236000000,
    "ebitdaratio": 0.0984153461,
    "operatingIncome": 222900000,
    "operatingIncomeRatio": 0.0929524604,
    "totalOtherIncomeExpensesNet": 7200000,
    "incomeBeforeTax": 230100000,
    "incomeBeforeTaxRatio": 0.0959549625,
    "incomeTaxExpense": 82200000,
    "netIncome": 147900000,
    "netIncomeRatio": 0.061676397,
    "eps": 0.4,
    "epsdiluted": 0.4,
    "weightedAverageShsOut": 365800000,
    "weightedAverageShsOutDil": 369400000,
    "link": "https://www.sec.gov/Archives/edgar/data/882184/000088218415000051/0000882184-15-000051-index.htm",
    "finalLink": "https://www.sec.gov/Archives/edgar/data/882184/000088218415000051/a331201510q.htm"
  },
  {
    "date": "2014-12-31",
    "symbol": "DHI",
    "reportedCurrency": "USD",
    "cik": "0000882184",
    "fillingDate": "2015-01-27",
    "acceptedDate": "2015-01-27 16:13:38",
    "calendarYear": "2015",
    "period": "Q1",
    "revenue": 2302600000,
    "costOfRevenue": 1814400000,
    "grossProfit": 488200000,
    "grossProfitRatio": 0.2120211934,
    "researchAndDevelopmentExpenses": 0,
    "generalAndAdministrativeExpenses": 275800000,
    "sellingAndMarketingExpenses": 0,
    "sellingGeneralAndAdministrativeExpenses": 275800000,
    "otherExpenses": 0,
    "operatingExpenses": 275800000,
    "costAndExpenses": 2090200000,
    "interestIncome": 2800000,
    "interestExpense": 0,
    "depreciationAndAmortization": 12300000,
    "ebitda": 224700000,
    "ebitdaratio": 0.0975853383,
    "operatingIncome": 212400000,
    "operatingIncomeRatio": 0.0922435508,
    "totalOtherIncomeExpensesNet": 8300000,
    "incomeBeforeTax": 220700000,
    "incomeBeforeTaxRatio": 0.0958481716,
    "incomeTaxExpense": 78200000,
    "netIncome": 142500000,
    "netIncomeRatio": 0.061886563,
    "eps": 0.39,
    "epsdiluted": 0.39,
    "weightedAverageShsOut": 364900000,
    "weightedAverageShsOutDil": 368100000,
    "link": "https://www.sec.gov/Archives/edgar/data/882184/000088218415000017/0000882184-15-000017-index.htm",
    "finalLink": "https://www.sec.gov/Archives/edgar/data/882184/000088218415000017/a1231201410q.htm"
  },
  {
    "date": "2014-09-30",
    "symbol": "DHI",
    "reportedCurrency": "USD",
    "cik": "0000882184",
    "fillingDate": "2014-11-18",
    "acceptedDate": "2014-11-17 18:57:57",
    "calendarYear": "2014",
    "period": "Q4",
    "revenue": 2472300000,
    "costOfRevenue": 1949600000,
    "grossProfit": 522700000,
    "grossProfitRatio": 0.211422562,
    "researchAndDevelopmentExpenses": 0,
    "generalAndAdministrativeExpenses": 278500000,
    "sellingAndMarketingExpenses": 0,
    "sellingGeneralAndAdministrativeExpenses": 278500000,
    "otherExpenses": 0,
    "operatingExpenses": 278500000,
    "costAndExpenses": 2228100000,
    "interestIncome": 2700000,
    "interestExpense": 0,
    "depreciationAndAmortization": 11800000,
    "ebitda": 280000000,
    "ebitdaratio": 0.1132548639,
    "operatingIncome": 244200000,
    "operatingIncomeRatio": 0.0987744206,
    "totalOtherIncomeExpensesNet": 6600000,
    "incomeBeforeTax": 250800000,
    "incomeBeforeTaxRatio": 0.1014439995,
    "incomeTaxExpense": 84500000,
    "netIncome": 166300000,
    "netIncomeRatio": 0.0672652995,
    "eps": 0.46,
    "epsdiluted": 0.45,
    "weightedAverageShsOut": 364500000,
    "weightedAverageShsOutDil": 367600000,
    "link": "https://www.sec.gov/Archives/edgar/data/882184/000088218414000097/0000882184-14-000097-index.htm",
    "finalLink": "https://www.sec.gov/Archives/edgar/data/882184/000088218414000097/a2014930-10k.htm"
  },
  {
    "date": "2014-06-30",
    "symbol": "DHI",
    "reportedCurrency": "USD",
    "cik": "0000882184",
    "fillingDate": "2014-07-24",
    "acceptedDate": "2014-07-24 17:14:16",
    "calendarYear": "2014",
    "period": "Q3",
    "revenue": 2147000000,
    "costOfRevenue": 1725500000,
    "grossProfit": 421500000,
    "grossProfitRatio": 0.1963204471,
    "researchAndDevelopmentExpenses": 0,
    "generalAndAdministrativeExpenses": 255700000,
    "sellingAndMarketingExpenses": 0,
    "sellingGeneralAndAdministrativeExpenses": 255700000,
    "otherExpenses": 0,
    "operatingExpenses": 255700000,
    "costAndExpenses": 1981200000,
    "interestIncome": 2900000,
    "interestExpense": 0,
    "depreciationAndAmortization": 9900000,
    "ebitda": 175700000,
    "ebitdaratio": 0.0818351188,
    "operatingIncome": 165800000,
    "operatingIncomeRatio": 0.0772240335,
    "totalOtherIncomeExpensesNet": 6000000,
    "incomeBeforeTax": 171800000,
    "incomeBeforeTaxRatio": 0.0800186306,
    "incomeTaxExpense": 58700000,
    "netIncome": 113100000,
    "netIncomeRatio": 0.0526781556,
    "eps": 0.32,
    "epsdiluted": 0.31,
    "weightedAverageShsOut": 349700000,
    "weightedAverageShsOutDil": 367800000,
    "link": "https://www.sec.gov/Archives/edgar/data/882184/000088218414000070/0000882184-14-000070-index.htm",
    "finalLink": "https://www.sec.gov/Archives/edgar/data/882184/000088218414000070/a630201410q.htm"
  },
  {
    "date": "2014-03-31",
    "symbol": "DHI",
    "reportedCurrency": "USD",
    "cik": "0000882184",
    "fillingDate": "2014-04-24",
    "acceptedDate": "2014-04-24 16:45:33",
    "calendarYear": "2014",
    "period": "Q2",
    "revenue": 1735000000,
    "costOfRevenue": 1319800000,
    "grossProfit": 415200000,
    "grossProfitRatio": 0.2393083573,
    "researchAndDevelopmentExpenses": 0,
    "generalAndAdministrativeExpenses": 218100000,
    "sellingAndMarketingExpenses": 0,
    "sellingGeneralAndAdministrativeExpenses": 218100000,
    "otherExpenses": 0,
    "operatingExpenses": 218100000,
    "costAndExpenses": 1537900000,
    "interestIncome": 2000000,
    "interestExpense": 0,
    "depreciationAndAmortization": 8900000,
    "ebitda": 206000000,
    "ebitdaratio": 0.1187319885,
    "operatingIncome": 197100000,
    "operatingIncomeRatio": 0.1136023055,
    "totalOtherIncomeExpensesNet": 4800000,
    "incomeBeforeTax": 201900000,
    "incomeBeforeTaxRatio": 0.1163688761,
    "incomeTaxExpense": 70900000,
    "netIncome": 131000000,
    "netIncomeRatio": 0.0755043228,
    "eps": 0.4,
    "epsdiluted": 0.36,
    "weightedAverageShsOut": 324300000,
    "weightedAverageShsOutDil": 366300000,
    "link": "https://www.sec.gov/Archives/edgar/data/882184/000088218414000057/0000882184-14-000057-index.htm",
    "finalLink": "https://www.sec.gov/Archives/edgar/data/882184/000088218414000057/a331201410q.htm"
  },
  {
    "date": "2013-12-31",
    "symbol": "DHI",
    "reportedCurrency": "USD",
    "cik": "0000882184",
    "fillingDate": "2014-01-28",
    "acceptedDate": "2014-01-28 16:43:47",
    "calendarYear": "2014",
    "period": "Q1",
    "revenue": 1670600000,
    "costOfRevenue": 1273600000,
    "grossProfit": 397000000,
    "grossProfitRatio": 0.2376391716,
    "researchAndDevelopmentExpenses": 0,
    "generalAndAdministrativeExpenses": 213200000,
    "sellingAndMarketingExpenses": 0,
    "sellingGeneralAndAdministrativeExpenses": 213200000,
    "otherExpenses": 0,
    "operatingExpenses": 213200000,
    "costAndExpenses": 1486800000,
    "interestIncome": 2600000,
    "interestExpense": 0,
    "depreciationAndAmortization": 7800000,
    "ebitda": 191600000,
    "ebitdaratio": 0.1146893332,
    "operatingIncome": 183800000,
    "operatingIncomeRatio": 0.110020352,
    "totalOtherIncomeExpensesNet": 5900000,
    "incomeBeforeTax": 189700000,
    "incomeBeforeTaxRatio": 0.1135520172,
    "incomeTaxExpense": 66500000,
    "netIncome": 123200000,
    "netIncomeRatio": 0.0737459595,
    "eps": 0.38,
    "epsdiluted": 0.34,
    "weightedAverageShsOut": 323100000,
    "weightedAverageShsOutDil": 364400000,
    "link": "https://www.sec.gov/Archives/edgar/data/882184/000088218414000024/0000882184-14-000024-index.htm",
    "finalLink": "https://www.sec.gov/Archives/edgar/data/882184/000088218414000024/a1231201310q.htm"
  },
  {
    "date": "2013-09-30",
    "symbol": "DHI",
    "reportedCurrency": "USD",
    "cik": "0000882184",
    "fillingDate": "2013-11-26",
    "acceptedDate": "2013-11-26 17:05:55",
    "calendarYear": "2013",
    "period": "Q4",
    "revenue": 1859800000,
    "costOfRevenue": 1446400000,
    "grossProfit": 413400000,
    "grossProfitRatio": 0.2222819658,
    "researchAndDevelopmentExpenses": 0,
    "generalAndAdministrativeExpenses": 218100000,
    "sellingAndMarketingExpenses": 0,
    "sellingGeneralAndAdministrativeExpenses": 218100000,
    "otherExpenses": 0,
    "operatingExpenses": 218100000,
    "costAndExpenses": 1664500000,
    "interestIncome": 2900000,
    "interestExpense": 0,
    "depreciationAndAmortization": 6700000,
    "ebitda": 231900000,
    "ebitdaratio": 0.124690827,
    "operatingIncome": 195300000,
    "operatingIncomeRatio": 0.1050112915,
    "totalOtherIncomeExpensesNet": 7400000,
    "incomeBeforeTax": 202800000,
    "incomeBeforeTaxRatio": 0.1090439832,
    "incomeTaxExpense": 63300000,
    "netIncome": 139500000,
    "netIncomeRatio": 0.0750080654,
    "eps": 0.43,
    "epsdiluted": 0.38,
    "weightedAverageShsOut": 322900000,
    "weightedAverageShsOutDil": 364400000,
    "link": "https://www.sec.gov/Archives/edgar/data/882184/000088218413000084/0000882184-13-000084-index.htm",
    "finalLink": "https://www.sec.gov/Archives/edgar/data/882184/000088218413000084/a2013930-10k.htm"
  },
  {
    "date": "2013-06-30",
    "symbol": "DHI",
    "reportedCurrency": "USD",
    "cik": "0000882184",
    "fillingDate": "2013-07-25",
    "acceptedDate": "2013-07-25 17:08:38",
    "calendarYear": "2013",
    "period": "Q3",
    "revenue": 1692800000,
    "costOfRevenue": 1295400000,
    "grossProfit": 397400000,
    "grossProfitRatio": 0.2347589792,
    "researchAndDevelopmentExpenses": 0,
    "generalAndAdministrativeExpenses": 198800000,
    "sellingAndMarketingExpenses": 0,
    "sellingGeneralAndAdministrativeExpenses": 198800000,
    "otherExpenses": 0,
    "operatingExpenses": 198800000,
    "costAndExpenses": 1494200000,
    "interestIncome": 2700000,
    "interestExpense": 0,
    "depreciationAndAmortization": 5900000,
    "ebitda": 211000000,
    "ebitdaratio": 0.1246455577,
    "operatingIncome": 198600000,
    "operatingIncomeRatio": 0.1173204159,
    "totalOtherIncomeExpensesNet": 6500000,
    "incomeBeforeTax": 205100000,
    "incomeBeforeTaxRatio": 0.1211602079,
    "incomeTaxExpense": 59100000,
    "netIncome": 146000000,
    "netIncomeRatio": 0.0862476371,
    "eps": 0.45,
    "epsdiluted": 0.4,
    "weightedAverageShsOut": 322600000,
    "weightedAverageShsOutDil": 365600000,
    "link": "https://www.sec.gov/Archives/edgar/data/882184/000088218413000053/0000882184-13-000053-index.htm",
    "finalLink": "https://www.sec.gov/Archives/edgar/data/882184/000088218413000053/a630201310q.htm"
  },
  {
    "date": "2013-03-31",
    "symbol": "DHI",
    "reportedCurrency": "USD",
    "cik": "0000882184",
    "fillingDate": "2013-04-26",
    "acceptedDate": "2013-04-26 16:51:24",
    "calendarYear": "2013",
    "period": "Q2",
    "revenue": 1431600000,
    "costOfRevenue": 1109200000,
    "grossProfit": 322400000,
    "grossProfitRatio": 0.2252025706,
    "researchAndDevelopmentExpenses": 0,
    "generalAndAdministrativeExpenses": 183100000,
    "sellingAndMarketingExpenses": 0,
    "sellingGeneralAndAdministrativeExpenses": 183100000,
    "otherExpenses": 0,
    "operatingExpenses": 183100000,
    "costAndExpenses": 1292300000,
    "interestIncome": 2600000,
    "interestExpense": 3000000,
    "depreciationAndAmortization": 5300000,
    "ebitda": 149300000,
    "ebitdaratio": 0.1042889075,
    "operatingIncome": 139300000,
    "operatingIncomeRatio": 0.0973037161,
    "totalOtherIncomeExpensesNet": 2800000,
    "incomeBeforeTax": 142100000,
    "incomeBeforeTaxRatio": 0.0992595697,
    "incomeTaxExpense": 31100000,
    "netIncome": 111000000,
    "netIncomeRatio": 0.0775356245,
    "eps": 0.35,
    "epsdiluted": 0.3,
    "weightedAverageShsOut": 321700000,
    "weightedAverageShsOutDil": 365400000,
    "link": "https://www.sec.gov/Archives/edgar/data/882184/000088218413000041/0000882184-13-000041-index.htm",
    "finalLink": "https://www.sec.gov/Archives/edgar/data/882184/000088218413000041/a331201310q.htm"
  },
  {
    "date": "2012-12-31",
    "symbol": "DHI",
    "reportedCurrency": "USD",
    "cik": "0000882184",
    "fillingDate": "2013-01-29",
    "acceptedDate": "2013-01-29 15:03:51",
    "calendarYear": "2013",
    "period": "Q1",
    "revenue": 1275100000,
    "costOfRevenue": 1002300000,
    "grossProfit": 272800000,
    "grossProfitRatio": 0.2139440044,
    "researchAndDevelopmentExpenses": 0,
    "generalAndAdministrativeExpenses": 166500000,
    "sellingAndMarketingExpenses": 0,
    "sellingGeneralAndAdministrativeExpenses": 166500000,
    "otherExpenses": 0,
    "operatingExpenses": 166500000,
    "costAndExpenses": 1168800000,
    "interestIncome": 2500000,
    "interestExpense": 4200000,
    "depreciationAndAmortization": 4800000,
    "ebitda": 115900000,
    "ebitdaratio": 0.0908948318,
    "operatingIncome": 106300000,
    "operatingIncomeRatio": 0.0833660105,
    "totalOtherIncomeExpensesNet": 1600000,
    "incomeBeforeTax": 107900000,
    "incomeBeforeTaxRatio": 0.0846208141,
    "incomeTaxExpense": 41600000,
    "netIncome": 66300000,
    "netIncomeRatio": 0.0519959219,
    "eps": 0.21,
    "epsdiluted": 0.18,
    "weightedAverageShsOut": 321100000,
    "weightedAverageShsOutDil": 364100000,
    "link": "https://www.sec.gov/Archives/edgar/data/882184/000088218413000012/0000882184-13-000012-index.htm",
    "finalLink": "https://www.sec.gov/Archives/edgar/data/882184/000088218413000012/a1231201210q.htm"
  },
  {
    "date": "2012-09-30",
    "symbol": "DHI",
    "reportedCurrency": "USD",
    "cik": "0000882184",
    "fillingDate": "2012-11-16",
    "acceptedDate": "2012-11-16 17:08:42",
    "calendarYear": "2012",
    "period": "Q4",
    "revenue": 1336200000,
    "costOfRevenue": 1066300000,
    "grossProfit": 269900000,
    "grossProfitRatio": 0.20199072,
    "researchAndDevelopmentExpenses": 0,
    "generalAndAdministrativeExpenses": 171300000,
    "sellingAndMarketingExpenses": 200000,
    "sellingGeneralAndAdministrativeExpenses": 171500000,
    "otherExpenses": 0,
    "operatingExpenses": 167500000,
    "costAndExpenses": 1233800000,
    "interestIncome": 2600000,
    "interestExpense": 5800000,
    "depreciationAndAmortization": 4400000,
    "ebitda": 109400000,
    "ebitdaratio": 0.081873971,
    "operatingIncome": 98500000,
    "operatingIncomeRatio": 0.0737165095,
    "totalOtherIncomeExpensesNet": 700000,
    "incomeBeforeTax": 99200000,
    "incomeBeforeTaxRatio": 0.0742403832,
    "incomeTaxExpense": -900000,
    "netIncome": 100100000,
    "netIncomeRatio": 0.074913935,
    "eps": 0.31,
    "epsdiluted": 0.28,
    "weightedAverageShsOut": 319600000,
    "weightedAverageShsOutDil": 362800000,
    "link": "https://www.sec.gov/Archives/edgar/data/882184/000088218412000065/0000882184-12-000065-index.htm",
    "finalLink": "https://www.sec.gov/Archives/edgar/data/882184/000088218412000065/a2012930-10k.htm"
  },
  {
    "date": "2012-06-30",
    "symbol": "DHI",
    "reportedCurrency": "USD",
    "cik": "0000882184",
    "fillingDate": "2012-07-27",
    "acceptedDate": "2012-07-27 17:07:08",
    "calendarYear": "2012",
    "period": "Q3",
    "revenue": 1150000000,
    "costOfRevenue": 917900000,
    "grossProfit": 232100000,
    "grossProfitRatio": 0.201826087,
    "researchAndDevelopmentExpenses": 0,
    "generalAndAdministrativeExpenses": 157900000,
    "sellingAndMarketingExpenses": 0,
    "sellingGeneralAndAdministrativeExpenses": 157900000,
    "otherExpenses": 0,
    "operatingExpenses": 157900000,
    "costAndExpenses": 1075800000,
    "interestIncome": 2200000,
    "interestExpense": 6800000,
    "depreciationAndAmortization": 4600000,
    "ebitda": 83000000,
    "ebitdaratio": 0.072173913,
    "operatingIncome": 74200000,
    "operatingIncomeRatio": 0.0645217391,
    "totalOtherIncomeExpensesNet": -2000000,
    "incomeBeforeTax": 72200000,
    "incomeBeforeTaxRatio": 0.0627826087,
    "incomeTaxExpense": -715600000,
    "netIncome": 787800000,
    "netIncomeRatio": 0.6850434783,
    "eps": 2.47,
    "epsdiluted": 2.19,
    "weightedAverageShsOut": 318800000,
    "weightedAverageShsOutDil": 360000000,
    "link": "https://www.sec.gov/Archives/edgar/data/882184/000088218412000031/0000882184-12-000031-index.htm",
    "finalLink": "https://www.sec.gov/Archives/edgar/data/882184/000088218412000031/a630201210q.htm"
  },
  {
    "date": "2012-03-31",
    "symbol": "DHI",
    "reportedCurrency": "USD",
    "cik": "0000882184",
    "fillingDate": "2012-04-23",
    "acceptedDate": "2012-04-23 16:01:07",
    "calendarYear": "2012",
    "period": "Q2",
    "revenue": 961200000,
    "costOfRevenue": 771200000,
    "grossProfit": 190000000,
    "grossProfitRatio": 0.1976695797,
    "researchAndDevelopmentExpenses": 0,
    "generalAndAdministrativeExpenses": 172700000,
    "sellingAndMarketingExpenses": 0,
    "sellingGeneralAndAdministrativeExpenses": 172700000,
    "otherExpenses": 0,
    "operatingExpenses": 172700000,
    "costAndExpenses": 943900000,
    "interestIncome": 2500000,
    "interestExpense": 6300000,
    "depreciationAndAmortization": 4800000,
    "ebitda": 53400000,
    "ebitdaratio": 0.0555555556,
    "operatingIncome": 17300000,
    "operatingIncomeRatio": 0.0179983354,
    "totalOtherIncomeExpensesNet": -600000,
    "incomeBeforeTax": 42300000,
    "incomeBeforeTaxRatio": 0.0440074906,
    "incomeTaxExpense": 1700000,
    "netIncome": 40600000,
    "netIncomeRatio": 0.0422388681,
    "eps": 0.13,
    "epsdiluted": 0.13,
    "weightedAverageShsOut": 317600000,
    "weightedAverageShsOutDil": 320100000,
    "link": "https://www.sec.gov/Archives/edgar/data/882184/000119312512175867/0001193125-12-175867-index.htm",
    "finalLink": "https://www.sec.gov/Archives/edgar/data/882184/000119312512175867/d311286d10q.htm"
  },
  {
    "date": "2011-12-31",
    "symbol": "DHI",
    "reportedCurrency": "USD",
    "cik": "0000882184",
    "fillingDate": "2012-01-27",
    "acceptedDate": "2012-01-27 17:12:57",
    "calendarYear": "2012",
    "period": "Q1",
    "revenue": 906600000,
    "costOfRevenue": 737000000,
    "grossProfit": 169600000,
    "grossProfitRatio": 0.1870725789,
    "researchAndDevelopmentExpenses": 0,
    "generalAndAdministrativeExpenses": 137900000,
    "sellingAndMarketingExpenses": 0,
    "sellingGeneralAndAdministrativeExpenses": 137900000,
    "otherExpenses": 0,
    "operatingExpenses": 135600000,
    "costAndExpenses": 872600000,
    "interestIncome": 3000000,
    "interestExpense": 7800000,
    "depreciationAndAmortization": 5000000,
    "ebitda": 42000000,
    "ebitdaratio": 0.0463269358,
    "operatingIncome": 31700000,
    "operatingIncomeRatio": 0.0349658063,
    "totalOtherIncomeExpensesNet": -2500000,
    "incomeBeforeTax": 29200000,
    "incomeBeforeTaxRatio": 0.0322082506,
    "incomeTaxExpense": 1500000,
    "netIncome": 27700000,
    "netIncomeRatio": 0.0305537172,
    "eps": 0.0876,
    "epsdiluted": 0.0875,
    "weightedAverageShsOut": 316300000,
    "weightedAverageShsOutDil": 316500000,
    "link": "https://www.sec.gov/Archives/edgar/data/882184/000119312512027358/0001193125-12-027358-index.htm",
    "finalLink": "https://www.sec.gov/Archives/edgar/data/882184/000119312512027358/d263661d10q.htm"
  },
  {
    "date": "2011-09-30",
    "symbol": "DHI",
    "reportedCurrency": "USD",
    "cik": "0000882184",
    "fillingDate": "2011-11-17",
    "acceptedDate": "2011-11-17 16:46:06",
    "calendarYear": "2011",
    "period": "Q4",
    "revenue": 1098300000,
    "costOfRevenue": 914100000,
    "grossProfit": 184200000,
    "grossProfitRatio": 0.1677137394,
    "researchAndDevelopmentExpenses": 0,
    "generalAndAdministrativeExpenses": 144100000,
    "sellingAndMarketingExpenses": 100000,
    "sellingGeneralAndAdministrativeExpenses": 144200000,
    "otherExpenses": 0,
    "operatingExpenses": 143100000,
    "costAndExpenses": 1057200000,
    "interestIncome": 2800000,
    "interestExpense": 10100000,
    "depreciationAndAmortization": 5000000,
    "ebitda": 49100000,
    "ebitdaratio": 0.0447054539,
    "operatingIncome": 48000000,
    "operatingIncomeRatio": 0.043703906,
    "totalOtherIncomeExpensesNet": -14100000,
    "incomeBeforeTax": 33800000,
    "incomeBeforeTaxRatio": 0.0307748338,
    "incomeTaxExpense": -1900000,
    "netIncome": 35700000,
    "netIncomeRatio": 0.0325047801,
    "eps": 0.11,
    "epsdiluted": 0.11,
    "weightedAverageShsOut": 316000000,
    "weightedAverageShsOutDil": 316200000,
    "link": "https://www.sec.gov/Archives/edgar/data/882184/000095012311099334/0000950123-11-099334-index.htm",
    "finalLink": "https://www.sec.gov/Archives/edgar/data/882184/000095012311099334/d84410e10vk.htm"
  },
  {
    "date": "2011-06-30",
    "symbol": "DHI",
    "reportedCurrency": "USD",
    "cik": "0000882184",
    "fillingDate": "2011-08-02",
    "acceptedDate": "2011-08-02 17:13:32",
    "calendarYear": "2011",
    "period": "Q3",
    "revenue": 999200000,
    "costOfRevenue": 824100000,
    "grossProfit": 175100000,
    "grossProfitRatio": 0.1752401922,
    "researchAndDevelopmentExpenses": 0,
    "generalAndAdministrativeExpenses": 133000000,
    "sellingAndMarketingExpenses": 0,
    "sellingGeneralAndAdministrativeExpenses": 133000000,
    "otherExpenses": 0,
    "operatingExpenses": 133000000,
    "costAndExpenses": 957100000,
    "interestIncome": 2500000,
    "interestExpense": 10400000,
    "depreciationAndAmortization": 5000000,
    "ebitda": 44300000,
    "ebitdaratio": 0.0443354684,
    "operatingIncome": 35600000,
    "operatingIncomeRatio": 0.0356285028,
    "totalOtherIncomeExpensesNet": -13200000,
    "incomeBeforeTax": 28900000,
    "incomeBeforeTaxRatio": 0.0289231385,
    "incomeTaxExpense": 200000,
    "netIncome": 28700000,
    "netIncomeRatio": 0.0287229784,
    "eps": 0.0901,
    "epsdiluted": 0.09,
    "weightedAverageShsOut": 318700000,
    "weightedAverageShsOutDil": 319000000,
    "link": "https://www.sec.gov/Archives/edgar/data/882184/000095012311071704/0000950123-11-071704-index.htm",
    "finalLink": "https://www.sec.gov/Archives/edgar/data/882184/000095012311071704/d82619e10vq.htm"
  },
  {
    "date": "2011-03-31",
    "symbol": "DHI",
    "reportedCurrency": "USD",
    "cik": "0000882184",
    "fillingDate": "2011-04-29",
    "acceptedDate": "2011-04-29 17:04:36",
    "calendarYear": "2011",
    "period": "Q2",
    "revenue": 751100000,
    "costOfRevenue": 628300000,
    "grossProfit": 122800000,
    "grossProfitRatio": 0.1634935428,
    "researchAndDevelopmentExpenses": 0,
    "generalAndAdministrativeExpenses": 141400000,
    "sellingAndMarketingExpenses": 0,
    "sellingGeneralAndAdministrativeExpenses": 141400000,
    "otherExpenses": 0,
    "operatingExpenses": 141400000,
    "costAndExpenses": 769700000,
    "interestIncome": 1900000,
    "interestExpense": 14800000,
    "depreciationAndAmortization": 5000000,
    "ebitda": -11000000,
    "ebitdaratio": -0.0146451871,
    "operatingIncome": -18600000,
    "operatingIncomeRatio": -0.0247636799,
    "totalOtherIncomeExpensesNet": -12200000,
    "incomeBeforeTax": -30800000,
    "incomeBeforeTaxRatio": -0.0410065238,
    "incomeTaxExpense": -58600000,
    "netIncome": 27800000,
    "netIncomeRatio": 0.0370123818,
    "eps": 0.0871,
    "epsdiluted": 0.087,
    "weightedAverageShsOut": 319200000,
    "weightedAverageShsOutDil": 319500000,
    "link": "https://www.sec.gov/Archives/edgar/data/882184/000095012311042179/0000950123-11-042179-index.htm",
    "finalLink": "https://www.sec.gov/Archives/edgar/data/882184/000095012311042179/d79800e10vq.htm"
  },
  {
    "date": "2010-12-31",
    "symbol": "DHI",
    "reportedCurrency": "USD",
    "cik": "0000882184",
    "fillingDate": "2011-01-28",
    "acceptedDate": "2011-01-28 14:59:10",
    "calendarYear": "2011",
    "period": "Q1",
    "revenue": 767000000,
    "costOfRevenue": 656800000,
    "grossProfit": 110200000,
    "grossProfitRatio": 0.1436766623,
    "researchAndDevelopmentExpenses": 0,
    "generalAndAdministrativeExpenses": 137900000,
    "sellingAndMarketingExpenses": 0,
    "sellingGeneralAndAdministrativeExpenses": 137900000,
    "otherExpenses": 0,
    "operatingExpenses": 137100000,
    "costAndExpenses": 793900000,
    "interestIncome": 2300000,
    "interestExpense": 16500000,
    "depreciationAndAmortization": 4900000,
    "ebitda": 1500000,
    "ebitdaratio": 0.0019556714,
    "operatingIncome": -6500000,
    "operatingIncomeRatio": -0.0084745763,
    "totalOtherIncomeExpensesNet": -13400000,
    "incomeBeforeTax": -19900000,
    "incomeBeforeTaxRatio": -0.0259452412,
    "incomeTaxExpense": 500000,
    "netIncome": -20400000,
    "netIncomeRatio": -0.0265971317,
    "eps": -0.0639,
    "epsdiluted": -0.0639,
    "weightedAverageShsOut": 319100000,
    "weightedAverageShsOutDil": 319100000,
    "link": "https://www.sec.gov/Archives/edgar/data/882184/000095012311006601/0000950123-11-006601-index.htm",
    "finalLink": "https://www.sec.gov/Archives/edgar/data/882184/000095012311006601/d78711e10vq.htm"
  },
  {
    "date": "2010-09-30",
    "symbol": "DHI",
    "reportedCurrency": "USD",
    "cik": "0000882184",
    "fillingDate": "2010-11-17",
    "acceptedDate": "2010-11-17 17:25:55",
    "calendarYear": "2010",
    "period": "Q4",
    "revenue": 948500000,
    "costOfRevenue": 798000000,
    "grossProfit": 150500000,
    "grossProfitRatio": 0.1586715867,
    "researchAndDevelopmentExpenses": 0,
    "generalAndAdministrativeExpenses": 141700000,
    "sellingAndMarketingExpenses": 0,
    "sellingGeneralAndAdministrativeExpenses": 141700000,
    "otherExpenses": 0,
    "operatingExpenses": 141700000,
    "costAndExpenses": 939700000,
    "interestIncome": 2500000,
    "interestExpense": 17500000,
    "depreciationAndAmortization": 4500000,
    "ebitda": 20300000,
    "ebitdaratio": 0.021402214,
    "operatingIncome": 8800000,
    "operatingIncomeRatio": 0.0092778071,
    "totalOtherIncomeExpensesNet": -10500000,
    "incomeBeforeTax": -1700000,
    "incomeBeforeTaxRatio": -0.0017923036,
    "incomeTaxExpense": 7100000,
    "netIncome": -8800000,
    "netIncomeRatio": -0.0092778071,
    "eps": -0.0276,
    "epsdiluted": -0.0276,
    "weightedAverageShsOut": 318400000,
    "weightedAverageShsOutDil": 319100000,
    "link": "https://www.sec.gov/Archives/edgar/data/882184/000095012310106707/0000950123-10-106707-index.htm",
    "finalLink": "https://www.sec.gov/Archives/edgar/data/882184/000095012310106707/d76058e10vk.htm"
  },
  {
    "date": "2010-06-30",
    "symbol": "DHI",
    "reportedCurrency": "USD",
    "cik": "0000882184",
    "fillingDate": "2010-08-03",
    "acceptedDate": "2010-08-03 17:11:57",
    "calendarYear": "2010",
    "period": "Q3",
    "revenue": 1406100000,
    "costOfRevenue": 1171500000,
    "grossProfit": 234600000,
    "grossProfitRatio": 0.1668444634,
    "researchAndDevelopmentExpenses": 0,
    "generalAndAdministrativeExpenses": 164400000,
    "sellingAndMarketingExpenses": 0,
    "sellingGeneralAndAdministrativeExpenses": 164400000,
    "otherExpenses": 0,
    "operatingExpenses": 164400000,
    "costAndExpenses": 1335900000,
    "interestIncome": 3000000,
    "interestExpense": 20300000,
    "depreciationAndAmortization": 4000000,
    "ebitda": 70900000,
    "ebitdaratio": 0.0504231562,
    "operatingIncome": 70200000,
    "operatingIncomeRatio": 0.0499253254,
    "totalOtherIncomeExpensesNet": -23900000,
    "incomeBeforeTax": 46300000,
    "incomeBeforeTaxRatio": 0.0329279568,
    "incomeTaxExpense": -4200000,
    "netIncome": 50500000,
    "netIncomeRatio": 0.035914942,
    "eps": 0.16,
    "epsdiluted": 0.16,
    "weightedAverageShsOut": 318200000,
    "weightedAverageShsOutDil": 319100000,
    "link": "https://www.sec.gov/Archives/edgar/data/882184/000095012310071859/0000950123-10-071859-index.htm",
    "finalLink": "https://www.sec.gov/Archives/edgar/data/882184/000095012310071859/d72689e10vq.htm"
  },
  {
    "date": "2010-03-31",
    "symbol": "DHI",
    "reportedCurrency": "USD",
    "cik": "0000882184",
    "fillingDate": "2010-04-30",
    "acceptedDate": "2010-04-30 17:21:27",
    "calendarYear": "2010",
    "period": "Q2",
    "revenue": 913500000,
    "costOfRevenue": 737600000,
    "grossProfit": 175900000,
    "grossProfitRatio": 0.1925561029,
    "researchAndDevelopmentExpenses": 0,
    "generalAndAdministrativeExpenses": 146100000,
    "sellingAndMarketingExpenses": 0,
    "sellingGeneralAndAdministrativeExpenses": 146100000,
    "otherExpenses": 0,
    "operatingExpenses": 146100000,
    "costAndExpenses": 883700000,
    "interestIncome": 1900000,
    "interestExpense": 22900000,
    "depreciationAndAmortization": -3100000,
    "ebitda": 31700000,
    "ebitdaratio": 0.0347016968,
    "operatingIncome": 29800000,
    "operatingIncomeRatio": 0.0326217843,
    "totalOtherIncomeExpensesNet": -17400000,
    "incomeBeforeTax": 12100000,
    "incomeBeforeTaxRatio": 0.0132457581,
    "incomeTaxExpense": 700000,
    "netIncome": 11400000,
    "netIncomeRatio": 0.0124794745,
    "eps": 0.0358,
    "epsdiluted": 0.0357,
    "weightedAverageShsOut": 318100000,
    "weightedAverageShsOutDil": 319000000,
    "link": "https://www.sec.gov/Archives/edgar/data/882184/000095012310042064/0000950123-10-042064-index.htm",
    "finalLink": "https://www.sec.gov/Archives/edgar/data/882184/000095012310042064/d72645e10vq.htm"
  },
  {
    "date": "2009-12-31",
    "symbol": "DHI",
    "reportedCurrency": "USD",
    "cik": "0000882184",
    "fillingDate": "2010-02-02",
    "acceptedDate": "2010-02-02 17:18:38",
    "calendarYear": "2010",
    "period": "Q1",
    "revenue": 1132200000,
    "costOfRevenue": 920600000,
    "grossProfit": 211600000,
    "grossProfitRatio": 0.1868927751,
    "researchAndDevelopmentExpenses": 0,
    "generalAndAdministrativeExpenses": 147100000,
    "sellingAndMarketingExpenses": 0,
    "sellingGeneralAndAdministrativeExpenses": 147100000,
    "otherExpenses": 0,
    "operatingExpenses": 147100000,
    "costAndExpenses": 1067700000,
    "interestIncome": 2600000,
    "interestExpense": 27400000,
    "depreciationAndAmortization": 11800000,
    "ebitda": 75100000,
    "ebitdaratio": 0.0663310369,
    "operatingIncome": 64500000,
    "operatingIncomeRatio": 0.0569687334,
    "totalOtherIncomeExpensesNet": -21700000,
    "incomeBeforeTax": 42800000,
    "incomeBeforeTaxRatio": 0.0378025084,
    "incomeTaxExpense": -149200000,
    "netIncome": 192000000,
    "netIncomeRatio": 0.1695813461,
    "eps": 0.6,
    "epsdiluted": 0.54,
    "weightedAverageShsOut": 317700000,
    "weightedAverageShsOutDil": 356100000,
    "link": "https://www.sec.gov/Archives/edgar/data/882184/000095012310007802/0000950123-10-007802-index.htm",
    "finalLink": "https://www.sec.gov/Archives/edgar/data/882184/000095012310007802/d70840e10vq.htm"
  },
  {
    "date": "2009-09-30",
    "symbol": "DHI",
    "reportedCurrency": "USD",
    "cik": "0000882184",
    "fillingDate": "2009-11-20",
    "acceptedDate": "2009-11-20 17:23:57",
    "calendarYear": "2009",
    "period": "Q4",
    "revenue": 1028800000,
    "costOfRevenue": 1079400000,
    "grossProfit": -50600000,
    "grossProfitRatio": -0.0491835148,
    "researchAndDevelopmentExpenses": 0,
    "generalAndAdministrativeExpenses": 154400000,
    "sellingAndMarketingExpenses": 0,
    "sellingGeneralAndAdministrativeExpenses": 154400000,
    "otherExpenses": 0,
    "operatingExpenses": 154400000,
    "costAndExpenses": 1233800000,
    "interestIncome": 2400000,
    "interestExpense": 27100000,
    "depreciationAndAmortization": 5000000,
    "ebitda": -194000000,
    "ebitdaratio": -0.1885692068,
    "operatingIncome": -205000000,
    "operatingIncomeRatio": -0.1992612753,
    "totalOtherIncomeExpensesNet": -21100000,
    "incomeBeforeTax": -226100000,
    "incomeBeforeTaxRatio": -0.2197706065,
    "incomeTaxExpense": 5800000,
    "netIncome": -231900000,
    "netIncomeRatio": -0.2254082426,
    "eps": -0.73,
    "epsdiluted": -0.73,
    "weightedAverageShsOut": 317200000,
    "weightedAverageShsOutDil": 317700000,
    "link": "https://www.sec.gov/Archives/edgar/data/882184/000095012309064812/0000950123-09-064812-index.htm",
    "finalLink": "https://www.sec.gov/Archives/edgar/data/882184/000095012309064812/d70153e10vk.htm"
  },
  {
    "date": "2009-06-30",
    "symbol": "DHI",
    "reportedCurrency": "USD",
    "cik": "0000882184",
    "fillingDate": "2009-08-05",
    "acceptedDate": "2009-08-05 17:08:59",
    "calendarYear": "2009",
    "period": "Q3",
    "revenue": 932900000,
    "costOfRevenue": 922500000,
    "grossProfit": 10400000,
    "grossProfitRatio": 0.011148033,
    "researchAndDevelopmentExpenses": 0,
    "generalAndAdministrativeExpenses": 152400000,
    "sellingAndMarketingExpenses": 0,
    "sellingGeneralAndAdministrativeExpenses": 152400000,
    "otherExpenses": 0,
    "operatingExpenses": 152400000,
    "costAndExpenses": 1074900000,
    "interestIncome": 2300000,
    "interestExpense": 20500000,
    "depreciationAndAmortization": 2400000,
    "ebitda": -137300000,
    "ebitdaratio": -0.1471754743,
    "operatingIncome": -142000000,
    "operatingIncomeRatio": -0.1522135277,
    "totalOtherIncomeExpensesNet": -21400000,
    "incomeBeforeTax": -161900000,
    "incomeBeforeTaxRatio": -0.1735448601,
    "incomeTaxExpense": -19600000,
    "netIncome": -142300000,
    "netIncomeRatio": -0.1525351056,
    "eps": -0.45,
    "epsdiluted": -0.45,
    "weightedAverageShsOut": 316900000,
    "weightedAverageShsOutDil": 316900000,
    "link": "https://www.sec.gov/Archives/edgar/data/882184/000095012309030387/0000950123-09-030387-index.htm",
    "finalLink": "https://www.sec.gov/Archives/edgar/data/882184/000095012309030387/d68620e10vq.htm"
  },
  {
    "date": "2009-03-31",
    "symbol": "DHI",
    "reportedCurrency": "USD",
    "cik": "0000882184",
    "fillingDate": "2009-05-04",
    "acceptedDate": "2009-05-04 17:20:49",
    "calendarYear": "2009",
    "period": "Q2",
    "revenue": 778000000,
    "costOfRevenue": 720300000,
    "grossProfit": 57700000,
    "grossProfitRatio": 0.0741645244,
    "researchAndDevelopmentExpenses": 0,
    "generalAndAdministrativeExpenses": 144100000,
    "sellingAndMarketingExpenses": 0,
    "sellingGeneralAndAdministrativeExpenses": 144100000,
    "otherExpenses": -4400000,
    "operatingExpenses": 139700000,
    "costAndExpenses": 860000000,
    "interestIncome": 2400000,
    "interestExpense": 23400000,
    "depreciationAndAmortization": 10100000,
    "ebitda": -75100000,
    "ebitdaratio": -0.096529563,
    "operatingIncome": -82000000,
    "operatingIncomeRatio": -0.1053984576,
    "totalOtherIncomeExpensesNet": -16600000,
    "incomeBeforeTax": -103000000,
    "incomeBeforeTaxRatio": -0.1323907455,
    "incomeTaxExpense": 5600000,
    "netIncome": -108600000,
    "netIncomeRatio": -0.1395886889,
    "eps": -0.34,
    "epsdiluted": -0.34,
    "weightedAverageShsOut": 316800000,
    "weightedAverageShsOutDil": 316800000,
    "link": "https://www.sec.gov/Archives/edgar/data/882184/000095013409009307/0000950134-09-009307-index.htm",
    "finalLink": "https://www.sec.gov/Archives/edgar/data/882184/000095013409009307/d67499e10vq.htm"
  },
  {
    "date": "2008-12-31",
    "symbol": "DHI",
    "reportedCurrency": "USD",
    "cik": "0000882184",
    "fillingDate": "2009-02-06",
    "acceptedDate": "2009-02-06 17:21:49",
    "calendarYear": "2009",
    "period": "Q1",
    "revenue": 918000000,
    "costOfRevenue": 816600000,
    "grossProfit": 101400000,
    "grossProfitRatio": 0.1104575163,
    "researchAndDevelopmentExpenses": 0,
    "generalAndAdministrativeExpenses": 150200000,
    "sellingAndMarketingExpenses": 0,
    "sellingGeneralAndAdministrativeExpenses": 150200000,
    "otherExpenses": 0,
    "operatingExpenses": 150200000,
    "costAndExpenses": 966800000,
    "interestIncome": 2600000,
    "interestExpense": 700000,
    "depreciationAndAmortization": 8200000,
    "ebitda": -24800000,
    "ebitdaratio": -0.0270152505,
    "operatingIncome": -48800000,
    "operatingIncomeRatio": -0.0531590414,
    "totalOtherIncomeExpensesNet": -12500000,
    "incomeBeforeTax": -61300000,
    "incomeBeforeTaxRatio": -0.0667755991,
    "incomeTaxExpense": 1300000,
    "netIncome": -62600000,
    "netIncomeRatio": -0.0681917211,
    "eps": -0.2,
    "epsdiluted": -0.2,
    "weightedAverageShsOut": 316700000,
    "weightedAverageShsOutDil": 316700000,
    "link": "https://www.sec.gov/Archives/edgar/data/882184/000095013409002092/0000950134-09-002092-index.htm",
    "finalLink": "https://www.sec.gov/Archives/edgar/data/882184/000095013409002092/d66193e10vq.htm"
  },
  {
    "date": "2008-09-30",
    "symbol": "DHI",
    "reportedCurrency": "USD",
    "cik": "0000882184",
    "fillingDate": "2008-11-26",
    "acceptedDate": "2008-11-26 15:19:45",
    "calendarYear": "2008",
    "period": "Q4",
    "revenue": 1782400000,
    "costOfRevenue": 2656700000,
    "grossProfit": -874300000,
    "grossProfitRatio": -0.4905184022,
    "researchAndDevelopmentExpenses": 15698000,
    "generalAndAdministrativeExpenses": 199400000,
    "sellingAndMarketingExpenses": 0,
    "sellingGeneralAndAdministrativeExpenses": 199400000,
    "otherExpenses": 0,
    "operatingExpenses": 199400000,
    "costAndExpenses": 2856100000,
    "interestIncome": 0,
    "interestExpense": 0,
    "depreciationAndAmortization": 13000000,
    "ebitda": -1060700000,
    "ebitdaratio": -0.5950964991,
    "operatingIncome": -1073700000,
    "operatingIncomeRatio": -0.6023900359,
    "totalOtherIncomeExpensesNet": -91500000,
    "incomeBeforeTax": -1165200000,
    "incomeBeforeTaxRatio": -0.6537253142,
    "incomeTaxExpense": -365400000,
    "netIncome": -799800000,
    "netIncomeRatio": -0.4487208259,
    "eps": -2.56,
    "epsdiluted": -2.56,
    "weightedAverageShsOut": 313000000,
    "weightedAverageShsOutDil": 313000000,
    "link": "https://www.sec.gov/Archives/edgar/data/882184/000095013408021337/0000950134-08-021337-index.htm",
    "finalLink": "https://www.sec.gov/Archives/edgar/data/882184/000095013408021337/d65388e10vk.htm"
  },
  {
    "date": "2008-06-30",
    "symbol": "DHI",
    "reportedCurrency": "USD",
    "cik": "0000882184",
    "fillingDate": "2008-08-06",
    "acceptedDate": "2008-08-06 16:09:29",
    "calendarYear": "2008",
    "period": "Q3",
    "revenue": 1464200000,
    "costOfRevenue": 1616300000,
    "grossProfit": -152100000,
    "grossProfitRatio": -0.1038792515,
    "researchAndDevelopmentExpenses": 0,
    "generalAndAdministrativeExpenses": 217800000,
    "sellingAndMarketingExpenses": 0,
    "sellingGeneralAndAdministrativeExpenses": 217800000,
    "otherExpenses": 0,
    "operatingExpenses": 217800000,
    "costAndExpenses": 1834100000,
    "interestIncome": 1600000,
    "interestExpense": 11700000,
    "depreciationAndAmortization": 14800000,
    "ebitda": -357300000,
    "ebitdaratio": -0.2440240404,
    "operatingIncome": -369900000,
    "operatingIncomeRatio": -0.2526294222,
    "totalOtherIncomeExpensesNet": -9200000,
    "incomeBeforeTax": -379100000,
    "incomeBeforeTaxRatio": -0.2589127168,
    "incomeTaxExpense": 20200000,
    "netIncome": -399300000,
    "netIncomeRatio": -0.2727086464,
    "eps": -1.26,
    "epsdiluted": -1.26,
    "weightedAverageShsOut": 316000000,
    "weightedAverageShsOutDil": 316000000,
    "link": "https://www.sec.gov/Archives/edgar/data/882184/000095013408014297/0000950134-08-014297-index.htm",
    "finalLink": "https://www.sec.gov/Archives/edgar/data/882184/000095013408014297/d59130e10vq.htm"
  },
  {
    "date": "2008-03-28",
    "symbol": "DHI",
    "reportedCurrency": "USD",
    "cik": "0000882184",
    "fillingDate": "2008-05-08",
    "acceptedDate": "2008-05-08 10:18:41",
    "calendarYear": "2008",
    "period": "Q2",
    "revenue": 1656900000,
    "costOfRevenue": 2302800000,
    "grossProfit": -645900000,
    "grossProfitRatio": -0.3898243708,
    "researchAndDevelopmentExpenses": 0,
    "generalAndAdministrativeExpenses": 231100000,
    "sellingAndMarketingExpenses": 0,
    "sellingGeneralAndAdministrativeExpenses": 231100000,
    "otherExpenses": 0,
    "operatingExpenses": 231100000,
    "costAndExpenses": 2533900000,
    "interestIncome": 1800000,
    "interestExpense": 800000,
    "depreciationAndAmortization": 16100000,
    "ebitda": -856500000,
    "ebitdaratio": -0.5169292051,
    "operatingIncome": -877000000,
    "operatingIncomeRatio": -0.529301708,
    "totalOtherIncomeExpensesNet": -9400000,
    "incomeBeforeTax": -884600000,
    "incomeBeforeTaxRatio": -0.5338885871,
    "incomeTaxExpense": 421000000,
    "netIncome": -1305600000,
    "netIncomeRatio": -0.7879775484,
    "eps": -4.14,
    "epsdiluted": -4.14,
    "weightedAverageShsOut": 315400000,
    "weightedAverageShsOutDil": 315400000,
    "link": "https://www.sec.gov/Archives/edgar/data/1262768/000119312508107157/0001193125-08-107157-index.html",
    "finalLink": "https://www.sec.gov/Archives/edgar/data/1262768/000119312508107157/d10q.htm"
  },
  {
    "date": "2007-12-31",
    "symbol": "DHI",
    "reportedCurrency": "USD",
    "cik": "0000882184",
    "fillingDate": "2008-02-07",
    "acceptedDate": "2008-02-07 17:21:28",
    "calendarYear": "2008",
    "period": "Q1",
    "revenue": 1742600000,
    "costOfRevenue": 1706000000,
    "grossProfit": 36600000,
    "grossProfitRatio": 0.0210030988,
    "researchAndDevelopmentExpenses": 0,
    "generalAndAdministrativeExpenses": 243600000,
    "sellingAndMarketingExpenses": 0,
    "sellingGeneralAndAdministrativeExpenses": 243600000,
    "otherExpenses": 0,
    "operatingExpenses": 243600000,
    "costAndExpenses": 1949600000,
    "interestIncome": 0,
    "interestExpense": 1300000,
    "depreciationAndAmortization": 16500000,
    "ebitda": -190500000,
    "ebitdaratio": -0.1093194078,
    "operatingIncome": -207000000,
    "operatingIncomeRatio": -0.1187880179,
    "totalOtherIncomeExpensesNet": 4100000,
    "incomeBeforeTax": -202900000,
    "incomeBeforeTaxRatio": -0.1164352118,
    "incomeTaxExpense": -74100000,
    "netIncome": -128800000,
    "netIncomeRatio": -0.0739125445,
    "eps": -0.41,
    "epsdiluted": -0.41,
    "weightedAverageShsOut": 314146341,
    "weightedAverageShsOutDil": 314146341,
    "link": "https://www.sec.gov/Archives/edgar/data/882184/000095013408001932/0000950134-08-001932-index.htm",
    "finalLink": "https://www.sec.gov/Archives/edgar/data/882184/000095013408001932/d53682e10vq.htm"
  },
  {
    "date": "2007-09-30",
    "symbol": "DHI",
    "reportedCurrency": "USD",
    "cik": "0000882184",
    "fillingDate": "2007-11-27",
    "acceptedDate": "2007-11-27 17:23:20",
    "calendarYear": "2007",
    "period": "Q4",
    "revenue": 3172400000,
    "costOfRevenue": 2906500000,
    "grossProfit": 265900000,
    "grossProfitRatio": 0.0838166688,
    "researchAndDevelopmentExpenses": 16431000,
    "generalAndAdministrativeExpenses": 317100000,
    "sellingAndMarketingExpenses": 0,
    "sellingGeneralAndAdministrativeExpenses": 317100000,
    "otherExpenses": 0,
    "operatingExpenses": 317100000,
    "costAndExpenses": 3223600000,
    "interestIncome": 0,
    "interestExpense": 0,
    "depreciationAndAmortization": 17800000,
    "ebitda": -33400000,
    "ebitdaratio": -0.0105283066,
    "operatingIncome": -51200000,
    "operatingIncomeRatio": -0.0161392006,
    "totalOtherIncomeExpensesNet": -49000000,
    "incomeBeforeTax": -100200000,
    "incomeBeforeTaxRatio": -0.0315849199,
    "incomeTaxExpense": -50000000,
    "netIncome": -50200000,
    "netIncomeRatio": -0.0158239818,
    "eps": -0.16,
    "epsdiluted": -0.16,
    "weightedAverageShsOut": 314146341,
    "weightedAverageShsOutDil": 314146341,
    "link": "https://www.sec.gov/Archives/edgar/data/882184/000095013407024545/0000950134-07-024545-index.htm",
    "finalLink": "https://www.sec.gov/Archives/edgar/data/882184/000095013407024545/d51532e10vk.htm"
  },
  {
    "date": "2007-06-29",
    "symbol": "DHI",
    "reportedCurrency": "USD",
    "cik": "0000882184",
    "fillingDate": "2007-08-09",
    "acceptedDate": "2007-08-09 10:50:24",
    "calendarYear": "2007",
    "period": "Q3",
    "revenue": 2598100000,
    "costOfRevenue": 2976400000,
    "grossProfit": -378300000,
    "grossProfitRatio": -0.1456064047,
    "researchAndDevelopmentExpenses": 0,
    "generalAndAdministrativeExpenses": 303500000,
    "sellingAndMarketingExpenses": 0,
    "sellingGeneralAndAdministrativeExpenses": 303500000,
    "otherExpenses": 0,
    "operatingExpenses": 303500000,
    "costAndExpenses": 3279900000,
    "interestIncome": 0,
    "interestExpense": 0,
    "depreciationAndAmortization": 17800000,
    "ebitda": -664000000,
    "ebitdaratio": -0.2555713791,
    "operatingIncome": -681800000,
    "operatingIncomeRatio": -0.2624225395,
    "totalOtherIncomeExpensesNet": -429600000,
    "incomeBeforeTax": -1111400000,
    "incomeBeforeTaxRatio": -0.4277741426,
    "incomeTaxExpense": -287600000,
    "netIncome": -823800000,
    "netIncomeRatio": -0.3170778646,
    "eps": -2.62,
    "epsdiluted": -2.62,
    "weightedAverageShsOut": 314427481,
    "weightedAverageShsOutDil": 314427481,
    "link": "https://www.sec.gov/Archives/edgar/data/1262768/000119312507176844/0001193125-07-176844-index.html",
    "finalLink": "https://www.sec.gov/Archives/edgar/data/1262768/000119312507176844/d10q.htm"
  },
  {
    "date": "2007-03-31",
    "symbol": "DHI",
    "reportedCurrency": "USD",
    "cik": "0000882184",
    "fillingDate": "2007-05-04",
    "acceptedDate": "2007-05-04 17:15:58",
    "calendarYear": "2007",
    "period": "Q2",
    "revenue": 2658100000,
    "costOfRevenue": 2244700000,
    "grossProfit": 413400000,
    "grossProfitRatio": 0.1555246229,
    "researchAndDevelopmentExpenses": 0,
    "generalAndAdministrativeExpenses": 334400000,
    "sellingAndMarketingExpenses": 0,
    "sellingGeneralAndAdministrativeExpenses": 334400000,
    "otherExpenses": 0,
    "operatingExpenses": 334400000,
    "costAndExpenses": 2579100000,
    "interestIncome": 0,
    "interestExpense": 6800000,
    "depreciationAndAmortization": 18100000,
    "ebitda": 97100000,
    "ebitdaratio": 0.0365298522,
    "operatingIncome": 79000000,
    "operatingIncomeRatio": 0.029720477,
    "totalOtherIncomeExpensesNet": 4400000,
    "incomeBeforeTax": 83400000,
    "incomeBeforeTaxRatio": 0.0313757947,
    "incomeTaxExpense": 31700000,
    "netIncome": 51700000,
    "netIncomeRatio": 0.0194499831,
    "eps": 0.16,
    "epsdiluted": 0.16,
    "weightedAverageShsOut": 323125000,
    "weightedAverageShsOutDil": 323125000,
    "link": "https://www.sec.gov/Archives/edgar/data/882184/000095013407010272/0000950134-07-010272-index.htm",
    "finalLink": "https://www.sec.gov/Archives/edgar/data/882184/000095013407010272/d46137e10vq.htm"
  },
  {
    "date": "2006-12-31",
    "symbol": "DHI",
    "reportedCurrency": "USD",
    "cik": "0000882184",
    "fillingDate": "2007-02-05",
    "acceptedDate": "2007-02-05 17:27:18",
    "calendarYear": "2007",
    "period": "Q1",
    "revenue": 2868000000,
    "costOfRevenue": 2367200000,
    "grossProfit": 500800000,
    "grossProfitRatio": 0.1746164575,
    "researchAndDevelopmentExpenses": 0,
    "generalAndAdministrativeExpenses": 340300000,
    "sellingAndMarketingExpenses": 0,
    "sellingGeneralAndAdministrativeExpenses": 340300000,
    "otherExpenses": 0,
    "operatingExpenses": 340300000,
    "costAndExpenses": 2707500000,
    "interestIncome": 0,
    "interestExpense": 9700000,
    "depreciationAndAmortization": 17300000,
    "ebitda": 187500000,
    "ebitdaratio": 0.065376569,
    "operatingIncome": 160500000,
    "operatingIncomeRatio": 0.0559623431,
    "totalOtherIncomeExpensesNet": 16400000,
    "incomeBeforeTax": 176900000,
    "incomeBeforeTaxRatio": 0.0616806137,
    "incomeTaxExpense": 67200000,
    "netIncome": 109700000,
    "netIncomeRatio": 0.0382496513,
    "eps": 0.35,
    "epsdiluted": 0.35,
    "weightedAverageShsOut": 313428571,
    "weightedAverageShsOutDil": 313428571,
    "link": "https://www.sec.gov/Archives/edgar/data/882184/000095013407002037/0000950134-07-002037-index.htm",
    "finalLink": "https://www.sec.gov/Archives/edgar/data/882184/000095013407002037/d43191e10vq.htm"
  },
  {
    "date": "2006-09-30",
    "symbol": "DHI",
    "reportedCurrency": "USD",
    "cik": "0000882184",
    "fillingDate": "2006-12-12",
    "acceptedDate": "2006-12-11 18:56:46",
    "calendarYear": "2006",
    "period": "Q4",
    "revenue": 4882800000,
    "costOfRevenue": 3971500000,
    "grossProfit": 911300000,
    "grossProfitRatio": 0.1866347178,
    "researchAndDevelopmentExpenses": 0,
    "generalAndAdministrativeExpenses": 464300000,
    "sellingAndMarketingExpenses": 0,
    "sellingGeneralAndAdministrativeExpenses": 464300000,
    "otherExpenses": 0,
    "operatingExpenses": 464300000,
    "costAndExpenses": 4435800000,
    "interestIncome": 0,
    "interestExpense": 0,
    "depreciationAndAmortization": 17400000,
    "ebitda": 464400000,
    "ebitdaratio": 0.0951093635,
    "operatingIncome": 447000000,
    "operatingIncomeRatio": 0.0915458344,
    "totalOtherIncomeExpensesNet": -1200000,
    "incomeBeforeTax": 445800000,
    "incomeBeforeTaxRatio": 0.0913000737,
    "incomeTaxExpense": 168100000,
    "netIncome": 277700000,
    "netIncomeRatio": 0.0568731056,
    "eps": 0.89,
    "epsdiluted": 0.89,
    "weightedAverageShsOut": 313428571,
    "weightedAverageShsOutDil": 313428571,
    "link": "https://www.sec.gov/Archives/edgar/data/882184/000095013406022931/0000950134-06-022931-index.htm",
    "finalLink": "https://www.sec.gov/Archives/edgar/data/882184/000095013406022931/d41553e10vk.htm"
  },
  {
    "date": "2006-06-30",
    "symbol": "DHI",
    "reportedCurrency": "USD",
    "cik": "0000882184",
    "fillingDate": "2006-08-08",
    "acceptedDate": "2006-08-08 11:39:59",
    "calendarYear": "2006",
    "period": "Q3",
    "revenue": 3667800000,
    "costOfRevenue": 2795400000,
    "grossProfit": 872400000,
    "grossProfitRatio": 0.2378537543,
    "researchAndDevelopmentExpenses": 0,
    "generalAndAdministrativeExpenses": 407200000,
    "sellingAndMarketingExpenses": 0,
    "sellingGeneralAndAdministrativeExpenses": 407200000,
    "otherExpenses": 0,
    "operatingExpenses": 407200000,
    "costAndExpenses": 3202600000,
    "interestIncome": 0,
    "interestExpense": 0,
    "depreciationAndAmortization": 15600000,
    "ebitda": 480800000,
    "ebitdaratio": 0.131086755,
    "operatingIncome": 465200000,
    "operatingIncomeRatio": 0.1268335242,
    "totalOtherIncomeExpensesNet": 7000000,
    "incomeBeforeTax": 472200000,
    "incomeBeforeTaxRatio": 0.1287420252,
    "incomeTaxExpense": 179400000,
    "netIncome": 292800000,
    "netIncomeRatio": 0.0798298708,
    "eps": 0.94,
    "epsdiluted": 0.93,
    "weightedAverageShsOut": 311489362,
    "weightedAverageShsOutDil": 314838710,
    "link": "https://www.sec.gov/Archives/edgar/data/882184/000095013406015220/0000950134-06-015220-index.htm",
    "finalLink": "https://www.sec.gov/Archives/edgar/data/882184/000095013406015220/d38519e10vq.htm"
  },
  {
    "date": "2006-03-31",
    "symbol": "DHI",
    "reportedCurrency": "USD",
    "cik": "0000882184",
    "fillingDate": "2006-05-08",
    "acceptedDate": "2006-05-05 18:14:18",
    "calendarYear": "2006",
    "period": "Q2",
    "revenue": 3597600000,
    "costOfRevenue": 2614900000,
    "grossProfit": 982700000,
    "grossProfitRatio": 0.2731543251,
    "researchAndDevelopmentExpenses": 0,
    "generalAndAdministrativeExpenses": 414300000,
    "sellingAndMarketingExpenses": 0,
    "sellingGeneralAndAdministrativeExpenses": 414300000,
    "otherExpenses": 0,
    "operatingExpenses": 414300000,
    "costAndExpenses": 3029200000,
    "interestIncome": 0,
    "interestExpense": 7800000,
    "depreciationAndAmortization": 14900000,
    "ebitda": 583300000,
    "ebitdaratio": 0.1621358684,
    "operatingIncome": 568400000,
    "operatingIncomeRatio": 0.1579942184,
    "totalOtherIncomeExpensesNet": 600000,
    "incomeBeforeTax": 569000000,
    "incomeBeforeTaxRatio": 0.1581609962,
    "incomeTaxExpense": 216200000,
    "netIncome": 352800000,
    "netIncomeRatio": 0.0980653769,
    "eps": 1.13,
    "epsdiluted": 1.11,
    "weightedAverageShsOut": 312212389,
    "weightedAverageShsOutDil": 317837838,
    "link": "https://www.sec.gov/Archives/edgar/data/882184/000095013406008928/0000950134-06-008928-index.htm",
    "finalLink": "https://www.sec.gov/Archives/edgar/data/882184/000095013406008928/d35727e10vq.htm"
  },
  {
    "date": "2005-12-31",
    "symbol": "DHI",
    "reportedCurrency": "USD",
    "cik": "0000882184",
    "fillingDate": "2006-02-02",
    "acceptedDate": "2006-02-01 20:52:36",
    "calendarYear": "2006",
    "period": "Q1",
    "revenue": 2903100000,
    "costOfRevenue": 2036400000,
    "grossProfit": 866700000,
    "grossProfitRatio": 0.2985429369,
    "researchAndDevelopmentExpenses": 0,
    "generalAndAdministrativeExpenses": 373000000,
    "sellingAndMarketingExpenses": 0,
    "sellingGeneralAndAdministrativeExpenses": 373000000,
    "otherExpenses": 0,
    "operatingExpenses": 373000000,
    "costAndExpenses": 2409400000,
    "interestIncome": 0,
    "interestExpense": 8200000,
    "depreciationAndAmortization": 13800000,
    "ebitda": 507500000,
    "ebitdaratio": 0.1748131308,
    "operatingIncome": 493700000,
    "operatingIncomeRatio": 0.1700595915,
    "totalOtherIncomeExpensesNet": 6400000,
    "incomeBeforeTax": 500100000,
    "incomeBeforeTaxRatio": 0.1722641314,
    "incomeTaxExpense": 190000000,
    "netIncome": 310100000,
    "netIncomeRatio": 0.106816851,
    "eps": 0.99,
    "epsdiluted": 0.98,
    "weightedAverageShsOut": 312900000,
    "weightedAverageShsOutDil": 317600000,
    "link": "https://www.sec.gov/Archives/edgar/data/882184/000095013406001675/0000950134-06-001675-index.htm",
    "finalLink": "https://www.sec.gov/Archives/edgar/data/882184/000095013406001675/d32551e10vq.htm"
  },
  {
    "date": "2005-09-30",
    "symbol": "DHI",
    "reportedCurrency": "USD",
    "cik": "0000882184",
    "fillingDate": "2005-12-14",
    "acceptedDate": "2005-12-13 19:47:23",
    "calendarYear": "2005",
    "period": "Q4",
    "revenue": 5096800000,
    "costOfRevenue": 3755100000,
    "grossProfit": 1341700000,
    "grossProfitRatio": 0.2632436038,
    "researchAndDevelopmentExpenses": 0,
    "generalAndAdministrativeExpenses": 442400000,
    "sellingAndMarketingExpenses": 0,
    "sellingGeneralAndAdministrativeExpenses": 442400000,
    "otherExpenses": 0,
    "operatingExpenses": 442400000,
    "costAndExpenses": 4197500000,
    "interestIncome": 0,
    "interestExpense": 0,
    "depreciationAndAmortization": 14800000,
    "ebitda": 914100000,
    "ebitdaratio": 0.1793478261,
    "operatingIncome": 899300000,
    "operatingIncomeRatio": 0.1764440433,
    "totalOtherIncomeExpensesNet": 1446300000,
    "incomeBeforeTax": 904400000,
    "incomeBeforeTaxRatio": 0.1774446712,
    "incomeTaxExpense": 340600000,
    "netIncome": 563800000,
    "netIncomeRatio": 0.1106184272,
    "eps": 1.8,
    "epsdiluted": 1.8,
    "weightedAverageShsOut": 312900000,
    "weightedAverageShsOutDil": 312900000,
    "link": "https://www.sec.gov/Archives/edgar/data/882184/000095013405023092/0000950134-05-023092-index.htm",
    "finalLink": "https://www.sec.gov/Archives/edgar/data/882184/000095013405023092/d30840e10vk.htm"
  },
  {
    "date": "2005-06-30",
    "symbol": "DHI",
    "reportedCurrency": "USD",
    "cik": "0000882184",
    "fillingDate": "2005-08-09",
    "acceptedDate": "2005-08-09 13:23:21",
    "calendarYear": "2005",
    "period": "Q3",
    "revenue": 3370200000,
    "costOfRevenue": 2430700000,
    "grossProfit": 939500000,
    "grossProfitRatio": 0.2787668388,
    "researchAndDevelopmentExpenses": 0,
    "generalAndAdministrativeExpenses": 340500000,
    "sellingAndMarketingExpenses": 0,
    "sellingGeneralAndAdministrativeExpenses": 340500000,
    "otherExpenses": 0,
    "operatingExpenses": 340500000,
    "costAndExpenses": 2771200000,
    "interestIncome": 0,
    "interestExpense": 0,
    "depreciationAndAmortization": 13400000,
    "ebitda": 612400000,
    "ebitdaratio": 0.1817102843,
    "operatingIncome": 599000000,
    "operatingIncomeRatio": 0.1777342591,
    "totalOtherIncomeExpensesNet": 5400000,
    "incomeBeforeTax": 604400000,
    "incomeBeforeTaxRatio": 0.1793365379,
    "incomeTaxExpense": 232700000,
    "netIncome": 371700000,
    "netIncomeRatio": 0.1102901905,
    "eps": 1.19,
    "epsdiluted": 1.17,
    "weightedAverageShsOut": 312352941,
    "weightedAverageShsOutDil": 317692308,
    "link": "https://www.sec.gov/Archives/edgar/data/882184/000095013405015311/0000950134-05-015311-index.htm",
    "finalLink": "https://www.sec.gov/Archives/edgar/data/882184/000095013405015311/d27613e10vq.htm"
  },
  {
    "date": "2005-03-31",
    "symbol": "DHI",
    "reportedCurrency": "USD",
    "cik": "0000882184",
    "fillingDate": "2005-05-04",
    "acceptedDate": "2005-05-04 17:26:21",
    "calendarYear": "2005",
    "period": "Q2",
    "revenue": 2876700000,
    "costOfRevenue": 2107400000,
    "grossProfit": 769300000,
    "grossProfitRatio": 0.2674244794,
    "researchAndDevelopmentExpenses": 0,
    "generalAndAdministrativeExpenses": 300900000,
    "sellingAndMarketingExpenses": 0,
    "sellingGeneralAndAdministrativeExpenses": 300900000,
    "otherExpenses": 0,
    "operatingExpenses": 300900000,
    "costAndExpenses": 2408300000,
    "interestIncome": 0,
    "interestExpense": 0,
    "depreciationAndAmortization": 13900000,
    "ebitda": 482300000,
    "ebitdaratio": 0.1676573852,
    "operatingIncome": 468400000,
    "operatingIncomeRatio": 0.1628254597,
    "totalOtherIncomeExpensesNet": 9600000,
    "incomeBeforeTax": 478000000,
    "incomeBeforeTaxRatio": 0.1661626169,
    "incomeTaxExpense": 184000000,
    "netIncome": 294000000,
    "netIncomeRatio": 0.102200438,
    "eps": 0.94,
    "epsdiluted": 0.92,
    "weightedAverageShsOut": 312765957,
    "weightedAverageShsOutDil": 319565217,
    "link": "https://www.sec.gov/Archives/edgar/data/882184/000095013405008971/0000950134-05-008971-index.htm",
    "finalLink": "https://www.sec.gov/Archives/edgar/data/882184/000095013405008971/d24906e10vq.htm"
  },
  {
    "date": "2004-12-31",
    "symbol": "DHI",
    "reportedCurrency": "USD",
    "cik": "0000882184",
    "fillingDate": "2005-02-08",
    "acceptedDate": "2005-02-08 16:08:41",
    "calendarYear": "2005",
    "period": "Q1",
    "revenue": 2520100000,
    "costOfRevenue": 1847100000,
    "grossProfit": 673000000,
    "grossProfitRatio": 0.2670528947,
    "researchAndDevelopmentExpenses": 0,
    "generalAndAdministrativeExpenses": 290400000,
    "sellingAndMarketingExpenses": 0,
    "sellingGeneralAndAdministrativeExpenses": 290400000,
    "otherExpenses": 0,
    "operatingExpenses": 290400000,
    "costAndExpenses": 2137500000,
    "interestIncome": 0,
    "interestExpense": 2400000,
    "depreciationAndAmortization": 15000000,
    "ebitda": 397600000,
    "ebitdaratio": 0.157771517,
    "operatingIncome": 382600000,
    "operatingIncomeRatio": 0.1518193722,
    "totalOtherIncomeExpensesNet": 9200000,
    "incomeBeforeTax": 391800000,
    "incomeBeforeTaxRatio": 0.155470021,
    "incomeTaxExpense": 150800000,
    "netIncome": 241000000,
    "netIncomeRatio": 0.0956311257,
    "eps": 0.58,
    "epsdiluted": 0.57,
    "weightedAverageShsOut": 415056290,
    "weightedAverageShsOutDil": 422656100,
    "link": "https://www.sec.gov/Archives/edgar/data/882184/000095013405002266/0000950134-05-002266-index.htm",
    "finalLink": "https://www.sec.gov/Archives/edgar/data/882184/000095013405002266/d22130e10vq.htm"
  },
  {
    "date": "2004-09-30",
    "symbol": "DHI",
    "reportedCurrency": "USD",
    "cik": "0000882184",
    "fillingDate": "2004-12-10",
    "acceptedDate": "2004-12-10 14:27:35",
    "calendarYear": "2004",
    "period": "Q4",
    "revenue": 3510611000,
    "costOfRevenue": 2634931000,
    "grossProfit": 875680000,
    "grossProfitRatio": 0.2494380608,
    "researchAndDevelopmentExpenses": 0,
    "generalAndAdministrativeExpenses": 316666000,
    "sellingAndMarketingExpenses": 0,
    "sellingGeneralAndAdministrativeExpenses": 316666000,
    "otherExpenses": 0,
    "operatingExpenses": 316666000,
    "costAndExpenses": 2951597000,
    "interestIncome": 0,
    "interestExpense": 0,
    "depreciationAndAmortization": 16150000,
    "ebitda": 575164000,
    "ebitdaratio": 0.1638358679,
    "operatingIncome": 559014000,
    "operatingIncomeRatio": 0.1592355291,
    "totalOtherIncomeExpensesNet": 962567000,
    "incomeBeforeTax": 565881000,
    "incomeBeforeTaxRatio": 0.1611915988,
    "incomeTaxExpense": 216248000,
    "netIncome": 349633000,
    "netIncomeRatio": 0.0995932047,
    "eps": 1.12,
    "epsdiluted": 1.12,
    "weightedAverageShsOut": 310281576,
    "weightedAverageShsOutDil": 311325550,
    "link": "https://www.sec.gov/Archives/edgar/data/882184/000095013404019034/0000950134-04-019034-index.htm",
    "finalLink": "https://www.sec.gov/Archives/edgar/data/882184/000095013404019034/d20584e10vk.htm"
  },
  {
    "date": "2004-06-30",
    "symbol": "DHI",
    "reportedCurrency": "USD",
    "cik": "0000882184",
    "fillingDate": "2004-08-13",
    "acceptedDate": "2004-08-13 17:18:52",
    "calendarYear": "2004",
    "period": "Q3",
    "revenue": 2790396000,
    "costOfRevenue": 2115874000,
    "grossProfit": 674522000,
    "grossProfitRatio": 0.2417298477,
    "researchAndDevelopmentExpenses": 0,
    "generalAndAdministrativeExpenses": 276435000,
    "sellingAndMarketingExpenses": 0,
    "sellingGeneralAndAdministrativeExpenses": 276435000,
    "otherExpenses": 0,
    "operatingExpenses": 276435000,
    "costAndExpenses": 2392309000,
    "interestIncome": 0,
    "interestExpense": 11000,
    "depreciationAndAmortization": 13415000,
    "ebitda": 411502000,
    "ebitdaratio": 0.1474708249,
    "operatingIncome": 398087000,
    "operatingIncomeRatio": 0.1426632636,
    "totalOtherIncomeExpensesNet": 10524000,
    "incomeBeforeTax": 408611000,
    "incomeBeforeTaxRatio": 0.1464347713,
    "incomeTaxExpense": 157315000,
    "netIncome": 251296000,
    "netIncomeRatio": 0.0900574685,
    "eps": 0.81,
    "epsdiluted": 0.79,
    "weightedAverageShsOut": 310734898,
    "weightedAverageShsOutDil": 316109430,
    "link": "https://www.sec.gov/Archives/edgar/data/882184/000095013404012291/0000950134-04-012291-index.htm",
    "finalLink": "https://www.sec.gov/Archives/edgar/data/882184/000095013404012291/d17709e10vq.htm"
  },
  {
    "date": "2004-03-31",
    "symbol": "DHI",
    "reportedCurrency": "USD",
    "cik": "0000882184",
    "fillingDate": "2004-05-10",
    "acceptedDate": "2004-05-07 19:43:24",
    "calendarYear": "2004",
    "period": "Q2",
    "revenue": 2335263000,
    "costOfRevenue": 1776171000,
    "grossProfit": 559092000,
    "grossProfitRatio": 0.2394128627,
    "researchAndDevelopmentExpenses": 0,
    "generalAndAdministrativeExpenses": 248890000,
    "sellingAndMarketingExpenses": 0,
    "sellingGeneralAndAdministrativeExpenses": 248890000,
    "otherExpenses": 0,
    "operatingExpenses": 248890000,
    "costAndExpenses": 2025061000,
    "interestIncome": 0,
    "interestExpense": 0,
    "depreciationAndAmortization": 14201000,
    "ebitda": 324403000,
    "ebitdaratio": 0.1389149745,
    "operatingIncome": 310202000,
    "operatingIncomeRatio": 0.1328338607,
    "totalOtherIncomeExpensesNet": -3606000,
    "incomeBeforeTax": 306596000,
    "incomeBeforeTaxRatio": 0.1312897091,
    "incomeTaxExpense": 118039000,
    "netIncome": 188557000,
    "netIncomeRatio": 0.0807433681,
    "eps": 0.61,
    "epsdiluted": 0.6,
    "weightedAverageShsOut": 310409572,
    "weightedAverageShsOutDil": 316120096,
    "link": "https://www.sec.gov/Archives/edgar/data/882184/000095013404007003/0000950134-04-007003-index.htm",
    "finalLink": "https://www.sec.gov/Archives/edgar/data/882184/000095013404007003/d15082e10vq.htm"
  },
  {
    "date": "2003-12-31",
    "symbol": "DHI",
    "reportedCurrency": "USD",
    "cik": "0000882184",
    "fillingDate": "2004-02-06",
    "acceptedDate": "2004-02-06 17:04:22",
    "calendarYear": "2004",
    "period": "Q1",
    "revenue": 2204530000,
    "costOfRevenue": 1670324000,
    "grossProfit": 534206000,
    "grossProfitRatio": 0.2423219462,
    "researchAndDevelopmentExpenses": 0,
    "generalAndAdministrativeExpenses": 238009000,
    "sellingAndMarketingExpenses": 0,
    "sellingGeneralAndAdministrativeExpenses": 238009000,
    "otherExpenses": 0,
    "operatingExpenses": 238009000,
    "costAndExpenses": 1908333000,
    "interestIncome": 0,
    "interestExpense": 265000,
    "depreciationAndAmortization": 11734000,
    "ebitda": 307931000,
    "ebitdaratio": 0.1396810204,
    "operatingIncome": 296197000,
    "operatingIncomeRatio": 0.134358344,
    "totalOtherIncomeExpensesNet": 5615000,
    "incomeBeforeTax": 301812000,
    "incomeBeforeTaxRatio": 0.1369053721,
    "incomeTaxExpense": 116198000,
    "netIncome": 185614000,
    "netIncomeRatio": 0.0841966315,
    "eps": 0.4,
    "epsdiluted": 0.39,
    "weightedAverageShsOut": 464558385,
    "weightedAverageShsOutDil": 473418164,
    "link": "https://www.sec.gov/Archives/edgar/data/882184/000095013404001268/0000950134-04-001268-index.htm",
    "finalLink": "https://www.sec.gov/Archives/edgar/data/882184/000095013404001268/d12451e10vq.htm"
  },
  {
    "date": "2003-09-30",
    "symbol": "DHI",
    "reportedCurrency": "USD",
    "cik": "0000882184",
    "fillingDate": "2003-12-12",
    "acceptedDate": "2003-12-12 14:44:05",
    "calendarYear": "2003",
    "period": "Q4",
    "revenue": 2862232000,
    "costOfRevenue": 2214015000,
    "grossProfit": 648217000,
    "grossProfitRatio": 0.2264725571,
    "researchAndDevelopmentExpenses": 0,
    "generalAndAdministrativeExpenses": 271328000,
    "sellingAndMarketingExpenses": 0,
    "sellingGeneralAndAdministrativeExpenses": 271328000,
    "otherExpenses": 0,
    "operatingExpenses": 271328000,
    "costAndExpenses": 2485343000,
    "interestIncome": 0,
    "interestExpense": 0,
    "depreciationAndAmortization": 9972000,
    "ebitda": 386861000,
    "ebitdaratio": 0.1351606019,
    "operatingIncome": 376889000,
    "operatingIncomeRatio": 0.1316766076,
    "totalOtherIncomeExpensesNet": -4748000,
    "incomeBeforeTax": 372141000,
    "incomeBeforeTaxRatio": 0.1300177624,
    "incomeTaxExpense": 141414000,
    "netIncome": 230727000,
    "netIncomeRatio": 0.0806108659,
    "eps": 0.5,
    "epsdiluted": 0.5,
    "weightedAverageShsOut": 464558385,
    "weightedAverageShsOutDil": 464558385,
    "link": "https://www.sec.gov/Archives/edgar/data/882184/000095013403016601/0000950134-03-016601-index.htm",
    "finalLink": "https://www.sec.gov/Archives/edgar/data/882184/000095013403016601/d10877e10vk.htm"
  },
  {
    "date": "2003-06-30",
    "symbol": "DHI",
    "reportedCurrency": "USD",
    "cik": "0000882184",
    "fillingDate": "2003-08-14",
    "acceptedDate": "2003-08-14 13:40:46",
    "calendarYear": "2003",
    "period": "Q3",
    "revenue": 2212387000,
    "costOfRevenue": 1726831000,
    "grossProfit": 485556000,
    "grossProfitRatio": 0.2194715482,
    "researchAndDevelopmentExpenses": 0,
    "generalAndAdministrativeExpenses": 233315000,
    "sellingAndMarketingExpenses": 0,
    "sellingGeneralAndAdministrativeExpenses": 233315000,
    "otherExpenses": 0,
    "operatingExpenses": 233315000,
    "costAndExpenses": 1960146000,
    "interestIncome": 0,
    "interestExpense": 0,
    "depreciationAndAmortization": 13546000,
    "ebitda": 265787000,
    "ebitdaratio": 0.1201358533,
    "operatingIncome": 252241000,
    "operatingIncomeRatio": 0.1140130547,
    "totalOtherIncomeExpensesNet": -1331000,
    "incomeBeforeTax": 250910000,
    "incomeBeforeTaxRatio": 0.113411442,
    "incomeTaxExpense": 95345000,
    "netIncome": 155565000,
    "netIncomeRatio": 0.0703154557,
    "eps": 0.36,
    "epsdiluted": 0.33,
    "weightedAverageShsOut": 437979050,
    "weightedAverageShsOutDil": 472418189,
    "link": "https://www.sec.gov/Archives/edgar/data/882184/000088218403000020/0000882184-03-000020-index.htm",
    "finalLink": "https://www.sec.gov/Archives/edgar/data/882184/000088218403000020/dhi10q3q2003.txt"
  },
  {
    "date": "2003-03-31",
    "symbol": "DHI",
    "reportedCurrency": "USD",
    "cik": "0000882184",
    "fillingDate": "2003-05-13",
    "acceptedDate": "2003-05-13 17:28:36",
    "calendarYear": "2003",
    "period": "Q2",
    "revenue": 1908547000,
    "costOfRevenue": 1496405000,
    "grossProfit": 412142000,
    "grossProfitRatio": 0.2159454286,
    "researchAndDevelopmentExpenses": 0,
    "generalAndAdministrativeExpenses": 209520000,
    "sellingAndMarketingExpenses": 0,
    "sellingGeneralAndAdministrativeExpenses": 209520000,
    "otherExpenses": 0,
    "operatingExpenses": 209520000,
    "costAndExpenses": 1705925000,
    "interestIncome": 0,
    "interestExpense": 0,
    "depreciationAndAmortization": 11595000,
    "ebitda": 214217000,
    "ebitdaratio": 0.1122408827,
    "operatingIncome": 202622000,
    "operatingIncomeRatio": 0.1061655804,
    "totalOtherIncomeExpensesNet": 3564000,
    "incomeBeforeTax": 206186000,
    "incomeBeforeTaxRatio": 0.1080329696,
    "incomeTaxExpense": 78351000,
    "netIncome": 127835000,
    "netIncomeRatio": 0.0669802735,
    "eps": 0.44,
    "epsdiluted": 0.43,
    "weightedAverageShsOut": 292646683,
    "weightedAverageShsOutDil": 296428589,
    "link": "https://www.sec.gov/Archives/edgar/data/882184/000088218403000008/0000882184-03-000008-index.htm",
    "finalLink": "https://www.sec.gov/Archives/edgar/data/882184/000088218403000008/dhi10q2q2003.txt"
  },
  {
    "date": "2002-12-31",
    "symbol": "DHI",
    "reportedCurrency": "USD",
    "cik": "0000882184",
    "fillingDate": "2003-02-14",
    "acceptedDate": "2003-02-14 12:40:02",
    "calendarYear": "2003",
    "period": "Q1",
    "revenue": 1744934000,
    "costOfRevenue": 1368540000,
    "grossProfit": 376394000,
    "grossProfitRatio": 0.2157067259,
    "researchAndDevelopmentExpenses": 0,
    "generalAndAdministrativeExpenses": 201188000,
    "sellingAndMarketingExpenses": 0,
    "sellingGeneralAndAdministrativeExpenses": 201188000,
    "otherExpenses": 0,
    "operatingExpenses": 201188000,
    "costAndExpenses": 1569728000,
    "interestIncome": 0,
    "interestExpense": 0,
    "depreciationAndAmortization": 10748000,
    "ebitda": 185954000,
    "ebitdaratio": 0.1065679275,
    "operatingIncome": 175206000,
    "operatingIncomeRatio": 0.1004083822,
    "totalOtherIncomeExpensesNet": 3719000,
    "incomeBeforeTax": 178925000,
    "incomeBeforeTaxRatio": 0.1025396949,
    "incomeTaxExpense": 67097000,
    "netIncome": 111828000,
    "netIncomeRatio": 0.0640872377,
    "eps": 0.38,
    "epsdiluted": 0.38,
    "weightedAverageShsOut": 293038673,
    "weightedAverageShsOutDil": 296998574,
    "link": "https://www.sec.gov/Archives/edgar/data/882184/000088218403000003/0000882184-03-000003-index.htm",
    "finalLink": "https://www.sec.gov/Archives/edgar/data/882184/000088218403000003/dhi10q1q2003.txt"
  },
  {
    "date": "2002-09-30",
    "symbol": "DHI",
    "reportedCurrency": "USD",
    "cik": "0000882184",
    "fillingDate": "2002-12-13",
    "acceptedDate": "2002-12-13 10:48:28",
    "calendarYear": "2002",
    "period": "Q4",
    "revenue": 2170397000,
    "costOfRevenue": 1720590000,
    "grossProfit": 449807000,
    "grossProfitRatio": 0.2072464162,
    "researchAndDevelopmentExpenses": 0,
    "generalAndAdministrativeExpenses": 221348000,
    "sellingAndMarketingExpenses": 0,
    "sellingGeneralAndAdministrativeExpenses": 221348000,
    "otherExpenses": 0,
    "operatingExpenses": 221348000,
    "costAndExpenses": 1941938000,
    "interestIncome": 0,
    "interestExpense": 6012000,
    "depreciationAndAmortization": 16033000,
    "ebitda": 244492000,
    "ebitdaratio": 0.1126485155,
    "operatingIncome": 228459000,
    "operatingIncomeRatio": 0.1052613877,
    "totalOtherIncomeExpensesNet": -10230000,
    "incomeBeforeTax": 218229000,
    "incomeBeforeTaxRatio": 0.1005479643,
    "incomeTaxExpense": 81836000,
    "netIncome": 136393000,
    "netIncomeRatio": 0.0628424201,
    "eps": 0.47,
    "epsdiluted": 0.47,
    "weightedAverageShsOut": 293038673,
    "weightedAverageShsOutDil": 293038673,
    "link": "https://www.sec.gov/Archives/edgar/data/882184/000093066102004301/0000930661-02-004301-index.htm",
    "finalLink": "https://www.sec.gov/Archives/edgar/data/882184/000093066102004301/d10k.htm"
  },
  {
    "date": "2002-06-30",
    "symbol": "DHI",
    "reportedCurrency": "USD",
    "cik": "0000882184",
    "fillingDate": "2002-08-13",
    "acceptedDate": "2002-08-13 16:36:53",
    "calendarYear": "2002",
    "period": "Q3",
    "revenue": 1808479000,
    "costOfRevenue": 1441988000,
    "grossProfit": 366491000,
    "grossProfitRatio": 0.2026515099,
    "researchAndDevelopmentExpenses": 0,
    "generalAndAdministrativeExpenses": 195240000,
    "sellingAndMarketingExpenses": 0,
    "sellingGeneralAndAdministrativeExpenses": 195240000,
    "otherExpenses": 0,
    "operatingExpenses": 195240000,
    "costAndExpenses": 1637228000,
    "interestIncome": 0,
    "interestExpense": 0,
    "depreciationAndAmortization": 9112000,
    "ebitda": 180363000,
    "ebitdaratio": 0.0997318741,
    "operatingIncome": 171251000,
    "operatingIncomeRatio": 0.094693386,
    "totalOtherIncomeExpensesNet": -1748000,
    "incomeBeforeTax": 169503000,
    "incomeBeforeTaxRatio": 0.0937268279,
    "incomeTaxExpense": 63563000,
    "netIncome": 105940000,
    "netIncomeRatio": 0.058579613,
    "eps": 0.36,
    "epsdiluted": 0.34,
    "weightedAverageShsOut": 294270421,
    "weightedAverageShsOutDil": 316230900,
    "link": "https://www.sec.gov/Archives/edgar/data/882184/000088218402000006/0000882184-02-000006-index.htm",
    "finalLink": "https://www.sec.gov/Archives/edgar/data/882184/000088218402000006/drh10q3q2002.txt"
  },
  {
    "date": "2002-03-31",
    "symbol": "DHI",
    "reportedCurrency": "USD",
    "cik": "0000882184",
    "fillingDate": "2002-05-15",
    "acceptedDate": "2002-05-15 11:51:13",
    "calendarYear": "2002",
    "period": "Q2",
    "revenue": 1600065000,
    "costOfRevenue": 1295045000,
    "grossProfit": 305020000,
    "grossProfitRatio": 0.1906297557,
    "researchAndDevelopmentExpenses": 0,
    "generalAndAdministrativeExpenses": 164412000,
    "sellingAndMarketingExpenses": 0,
    "sellingGeneralAndAdministrativeExpenses": 164412000,
    "otherExpenses": 0,
    "operatingExpenses": 164412000,
    "costAndExpenses": 1459457000,
    "interestIncome": 0,
    "interestExpense": 0,
    "depreciationAndAmortization": 7911000,
    "ebitda": 148519000,
    "ebitdaratio": 0.0928206042,
    "operatingIncome": 140608000,
    "operatingIncomeRatio": 0.08787643,
    "totalOtherIncomeExpensesNet": 1682000,
    "incomeBeforeTax": 142290000,
    "incomeBeforeTaxRatio": 0.0889276373,
    "incomeTaxExpense": 53359000,
    "netIncome": 88931000,
    "netIncomeRatio": 0.0555796171,
    "eps": 0.38,
    "epsdiluted": 0.38,
    "weightedAverageShsOut": 231872098,
    "weightedAverageShsOutDil": 234338822,
    "link": "https://www.sec.gov/Archives/edgar/data/882184/000095013402005626/0000950134-02-005626-index.htm",
    "finalLink": "https://www.sec.gov/Archives/edgar/data/882184/000095013402005626/d96909e10-q.txt"
  },
  {
    "date": "2001-12-31",
    "symbol": "DHI",
    "reportedCurrency": "USD",
    "cik": "0000882184",
    "fillingDate": "2002-02-14",
    "acceptedDate": "2002-02-14 00:00:00",
    "calendarYear": "2002",
    "period": "Q1",
    "revenue": 1134968000,
    "costOfRevenue": 906805000,
    "grossProfit": 228163000,
    "grossProfitRatio": 0.2010303374,
    "researchAndDevelopmentExpenses": 0,
    "generalAndAdministrativeExpenses": 133540000,
    "sellingAndMarketingExpenses": 0,
    "sellingGeneralAndAdministrativeExpenses": 133540000,
    "otherExpenses": 0,
    "operatingExpenses": 133540000,
    "costAndExpenses": 1040345000,
    "interestIncome": 0,
    "interestExpense": 0,
    "depreciationAndAmortization": 7589000,
    "ebitda": 102212000,
    "ebitdaratio": 0.0900571646,
    "operatingIncome": 94623000,
    "operatingIncomeRatio": 0.0833706325,
    "totalOtherIncomeExpensesNet": 22862000,
    "incomeBeforeTax": 117485000,
    "incomeBeforeTaxRatio": 0.1035139317,
    "incomeTaxExpense": 44057000,
    "netIncome": 73428000,
    "netIncomeRatio": 0.0646960972,
    "eps": 0.32,
    "epsdiluted": 0.31,
    "weightedAverageShsOut": 231872098,
    "weightedAverageShsOutDil": 234338822,
    "link": "https://www.sec.gov/Archives/edgar/data/882184/000088218402000003/0000882184-02-000003-index.htm",
    "finalLink": "https://www.sec.gov/Archives/edgar/data/882184/000088218402000003/drh10q1q2002.txt"
  },
  {
    "date": "2001-09-30",
    "symbol": "DHI",
    "reportedCurrency": "USD",
    "cik": "0000882184",
    "fillingDate": "2001-11-20",
    "acceptedDate": "2001-11-20 00:00:00",
    "calendarYear": "2001",
    "period": "Q4",
    "revenue": 1540034000,
    "costOfRevenue": 1227597000,
    "grossProfit": 312437000,
    "grossProfitRatio": 0.2028766897,
    "researchAndDevelopmentExpenses": 0,
    "generalAndAdministrativeExpenses": 151809000,
    "sellingAndMarketingExpenses": 0,
    "sellingGeneralAndAdministrativeExpenses": 151809000,
    "otherExpenses": 0,
    "operatingExpenses": 151809000,
    "costAndExpenses": 1379406000,
    "interestIncome": 0,
    "interestExpense": 0,
    "depreciationAndAmortization": 14954000,
    "ebitda": 175582000,
    "ebitdaratio": 0.1140117686,
    "operatingIncome": 160628000,
    "operatingIncomeRatio": 0.1043015933,
    "totalOtherIncomeExpensesNet": -21806000,
    "incomeBeforeTax": 138822000,
    "incomeBeforeTaxRatio": 0.0901421657,
    "incomeTaxExpense": 52058000,
    "netIncome": 86764000,
    "netIncomeRatio": 0.0563390159,
    "eps": 0.37,
    "epsdiluted": 0.37,
    "weightedAverageShsOut": 229118046,
    "weightedAverageShsOutDil": 231872098,
    "link": "https://www.sec.gov/Archives/edgar/data/882184/000095013401508934/0000950134-01-508934-index.htm",
    "finalLink": "https://www.sec.gov/Archives/edgar/data/882184/000095013401508934/d92481e10-k.htm"
  },
  {
    "date": "2001-06-30",
    "symbol": "DHI",
    "reportedCurrency": "USD",
    "cik": "0000882184",
    "fillingDate": "2001-08-14",
    "acceptedDate": "2001-08-14 00:00:00",
    "calendarYear": "2001",
    "period": "Q3",
    "revenue": 1120981000,
    "costOfRevenue": 882807000,
    "grossProfit": 238174000,
    "grossProfitRatio": 0.2124692568,
    "researchAndDevelopmentExpenses": 0,
    "generalAndAdministrativeExpenses": 121625000,
    "sellingAndMarketingExpenses": 0,
    "sellingGeneralAndAdministrativeExpenses": 121625000,
    "otherExpenses": 0,
    "operatingExpenses": 121625000,
    "costAndExpenses": 1004432000,
    "interestIncome": 0,
    "interestExpense": 0,
    "depreciationAndAmortization": 7971000,
    "ebitda": 124520000,
    "ebitdaratio": 0.1110812761,
    "operatingIncome": 116549000,
    "operatingIncomeRatio": 0.1039705401,
    "totalOtherIncomeExpensesNet": -6464000,
    "incomeBeforeTax": 110085000,
    "incomeBeforeTaxRatio": 0.0982041622,
    "incomeTaxExpense": 41282000,
    "netIncome": 68803000,
    "netIncomeRatio": 0.0613774899,
    "eps": 0.3,
    "epsdiluted": 0.3,
    "weightedAverageShsOut": 226817406,
    "weightedAverageShsOutDil": 231914427,
    "link": "https://www.sec.gov/Archives/edgar/data/882184/000088218401500007/0000882184-01-500007-index.htm",
    "finalLink": "https://www.sec.gov/Archives/edgar/data/882184/000088218401500007/dhi10q3q01.txt"
  },
  {
    "date": "2001-03-31",
    "symbol": "DHI",
    "reportedCurrency": "USD",
    "cik": "0000882184",
    "fillingDate": "2001-05-15",
    "acceptedDate": "2001-05-15 00:00:00",
    "calendarYear": "2001",
    "period": "Q2",
    "revenue": 906836000,
    "costOfRevenue": 713407000,
    "grossProfit": 193429000,
    "grossProfitRatio": 0.2133009717,
    "researchAndDevelopmentExpenses": 0,
    "generalAndAdministrativeExpenses": 103931000,
    "sellingAndMarketingExpenses": 0,
    "sellingGeneralAndAdministrativeExpenses": 103931000,
    "otherExpenses": 0,
    "operatingExpenses": 103931000,
    "costAndExpenses": 817338000,
    "interestIncome": 0,
    "interestExpense": 0,
    "depreciationAndAmortization": 6547000,
    "ebitda": 96045000,
    "ebitdaratio": 0.1059122046,
    "operatingIncome": 89498000,
    "operatingIncomeRatio": 0.0986925971,
    "totalOtherIncomeExpensesNet": -6969000,
    "incomeBeforeTax": 82529000,
    "incomeBeforeTaxRatio": 0.0910076353,
    "incomeTaxExpense": 30948000,
    "netIncome": 51581000,
    "netIncomeRatio": 0.0568801856,
    "eps": 0.23,
    "epsdiluted": 0.22,
    "weightedAverageShsOut": 227557546,
    "weightedAverageShsOutDil": 230953928,
    "link": "https://www.sec.gov/Archives/edgar/data/882184/000095013401501950/0000950134-01-501950-index.htm",
    "finalLink": "https://www.sec.gov/Archives/edgar/data/882184/000095013401501950/d87419e10-q.txt"
  },
  {
    "date": "2000-12-31",
    "symbol": "DHI",
    "reportedCurrency": "USD",
    "cik": "0000882184",
    "fillingDate": "2001-02-13",
    "acceptedDate": "2001-02-13 00:00:00",
    "calendarYear": "2001",
    "period": "Q1",
    "revenue": 887663000,
    "costOfRevenue": 696741000,
    "grossProfit": 190922000,
    "grossProfitRatio": 0.2150838776,
    "researchAndDevelopmentExpenses": 0,
    "generalAndAdministrativeExpenses": 102035000,
    "sellingAndMarketingExpenses": 0,
    "sellingGeneralAndAdministrativeExpenses": 102035000,
    "otherExpenses": 6590000,
    "operatingExpenses": 108625000,
    "costAndExpenses": 805366000,
    "interestIncome": 0,
    "interestExpense": 0,
    "depreciationAndAmortization": 6590000,
    "ebitda": 88887000,
    "ebitdaratio": 0.100135975,
    "operatingIncome": 82297000,
    "operatingIncomeRatio": 0.0927119864,
    "totalOtherIncomeExpensesNet": -5936000,
    "incomeBeforeTax": 76361000,
    "incomeBeforeTaxRatio": 0.0860247639,
    "incomeTaxExpense": 28636000,
    "netIncome": 49861000,
    "netIncomeRatio": 0.056171092,
    "eps": 0.22,
    "epsdiluted": 0.22,
    "weightedAverageShsOut": 224368891,
    "weightedAverageShsOutDil": 227442437,
    "link": "https://www.sec.gov/Archives/edgar/data/882184/000095013401001145/0000950134-01-001145-index.htm",
    "finalLink": "https://www.sec.gov/Archives/edgar/data/882184/000095013401001145/d84105e10-q.txt"
  },
  {
    "date": "2000-09-30",
    "symbol": "DHI",
    "reportedCurrency": "USD",
    "cik": "0000882184",
    "fillingDate": "2000-12-13",
    "acceptedDate": "2000-12-13 00:00:00",
    "calendarYear": "2000",
    "period": "Q4",
    "revenue": 1086675000,
    "costOfRevenue": 869473000,
    "grossProfit": 217202000,
    "grossProfitRatio": 0.1998776083,
    "researchAndDevelopmentExpenses": 0,
    "generalAndAdministrativeExpenses": 108649000,
    "sellingAndMarketingExpenses": 0,
    "sellingGeneralAndAdministrativeExpenses": 108649000,
    "otherExpenses": 6763000,
    "operatingExpenses": 115412000,
    "costAndExpenses": 984885000,
    "interestIncome": 0,
    "interestExpense": 0,
    "depreciationAndAmortization": 6763000,
    "ebitda": 108553000,
    "ebitdaratio": 0.0998946327,
    "operatingIncome": 101790000,
    "operatingIncomeRatio": 0.0936710608,
    "totalOtherIncomeExpensesNet": -2297000,
    "incomeBeforeTax": 99493000,
    "incomeBeforeTaxRatio": 0.0915572733,
    "incomeTaxExpense": 37807000,
    "netIncome": 61686000,
    "netIncomeRatio": 0.0567658223,
    "eps": 0.27,
    "epsdiluted": 0.27,
    "weightedAverageShsOut": 224368891,
    "weightedAverageShsOutDil": 224368891,
    "link": "https://www.sec.gov/Archives/edgar/data/882184/000093066100003182/0000930661-00-003182-index.htm",
    "finalLink": "https://www.sec.gov/Archives/edgar/data/882184/000093066100003182/0000930661-00-003182-0001.txt"
  },
  {
    "date": "2000-06-30",
    "symbol": "DHI",
    "reportedCurrency": "USD",
    "cik": "0000882184",
    "fillingDate": "2000-08-11",
    "acceptedDate": "2000-08-11 00:00:00",
    "calendarYear": "2000",
    "period": "Q3",
    "revenue": 959216000,
    "costOfRevenue": 766693000,
    "grossProfit": 192523000,
    "grossProfitRatio": 0.2007087038,
    "researchAndDevelopmentExpenses": 0,
    "generalAndAdministrativeExpenses": 106398000,
    "sellingAndMarketingExpenses": 0,
    "sellingGeneralAndAdministrativeExpenses": 106398000,
    "otherExpenses": 7221000,
    "operatingExpenses": 113619000,
    "costAndExpenses": 880312000,
    "interestIncome": 0,
    "interestExpense": 0,
    "depreciationAndAmortization": 7221000,
    "ebitda": 86125000,
    "ebitdaratio": 0.0897868676,
    "operatingIncome": 78904000,
    "operatingIncomeRatio": 0.0822588447,
    "totalOtherIncomeExpensesNet": -1377000,
    "incomeBeforeTax": 77527000,
    "incomeBeforeTaxRatio": 0.0808232974,
    "incomeTaxExpense": 29460000,
    "netIncome": 48067000,
    "netIncomeRatio": 0.0501107154,
    "eps": 0.21,
    "epsdiluted": 0.21,
    "weightedAverageShsOut": 224393333,
    "weightedAverageShsOutDil": 226200878,
    "link": "https://www.sec.gov/Archives/edgar/data/882184/000088218400000014/0000882184-00-000014-index.htm",
    "finalLink": "https://www.sec.gov/Archives/edgar/data/882184/000088218400000014/0000882184-00-000014-0001.txt"
  },
  {
    "date": "2000-03-31",
    "symbol": "DHI",
    "reportedCurrency": "USD",
    "cik": "0000882184",
    "fillingDate": "2000-05-12",
    "acceptedDate": "2000-05-12 00:00:00",
    "calendarYear": "2000",
    "period": "Q2",
    "revenue": 798864000,
    "costOfRevenue": 638914000,
    "grossProfit": 159950000,
    "grossProfitRatio": 0.200221815,
    "researchAndDevelopmentExpenses": 0,
    "generalAndAdministrativeExpenses": 90155000,
    "sellingAndMarketingExpenses": 0,
    "sellingGeneralAndAdministrativeExpenses": 90155000,
    "otherExpenses": 5408000,
    "operatingExpenses": 95563000,
    "costAndExpenses": 734477000,
    "interestIncome": 0,
    "interestExpense": 0,
    "depreciationAndAmortization": 5408000,
    "ebitda": 70569000,
    "ebitdaratio": 0.0883366881,
    "operatingIncome": 64387000,
    "operatingIncomeRatio": 0.0805981994,
    "totalOtherIncomeExpensesNet": -784000,
    "incomeBeforeTax": 63603000,
    "incomeBeforeTaxRatio": 0.0796168059,
    "incomeTaxExpense": 24169000,
    "netIncome": 39434000,
    "netIncomeRatio": 0.0493625949,
    "eps": 0.15,
    "epsdiluted": 0.14,
    "weightedAverageShsOut": 270056625,
    "weightedAverageShsOutDil": 275250022,
    "link": "https://www.sec.gov/Archives/edgar/data/882184/000088218400000008/0000882184-00-000008-index.html",
    "finalLink": "https://www.sec.gov/Archives/edgar/data/882184/000088218400000008/"
  },
  {
    "date": "1999-12-31",
    "symbol": "DHI",
    "reportedCurrency": "USD",
    "cik": "0000882184",
    "fillingDate": "2000-02-11",
    "acceptedDate": "2000-02-11 00:00:00",
    "calendarYear": "2000",
    "period": "Q1",
    "revenue": 809000000,
    "costOfRevenue": 641500000,
    "grossProfit": 167500000,
    "grossProfitRatio": 0.2070457355,
    "researchAndDevelopmentExpenses": 0,
    "generalAndAdministrativeExpenses": 90700000,
    "sellingAndMarketingExpenses": 0,
    "sellingGeneralAndAdministrativeExpenses": 90700000,
    "otherExpenses": 5100000,
    "operatingExpenses": 95800000,
    "costAndExpenses": 737300000,
    "interestIncome": 0,
    "interestExpense": 0,
    "depreciationAndAmortization": 5100000,
    "ebitda": 76700000,
    "ebitdaratio": 0.0948084054,
    "operatingIncome": 71700000,
    "operatingIncomeRatio": 0.0886279357,
    "totalOtherIncomeExpensesNet": -3000000,
    "incomeBeforeTax": 68600000,
    "incomeBeforeTaxRatio": 0.0847960445,
    "incomeTaxExpense": 26100000,
    "netIncome": 42500000,
    "netIncomeRatio": 0.0525339926,
    "eps": 0.17,
    "epsdiluted": 0.17,
    "weightedAverageShsOut": 248803860,
    "weightedAverageShsOutDil": 248803860,
    "link": "https://www.sec.gov/Archives/edgar/data/882184/000088218400000006/0000882184-00-000006-index.html",
    "finalLink": "https://www.sec.gov/Archives/edgar/data/882184/000088218400000006/"
  },
  {
    "date": "1999-09-30",
    "symbol": "DHI",
    "reportedCurrency": "USD",
    "cik": "0000882184",
    "fillingDate": "1999-12-10",
    "acceptedDate": "1999-12-10 00:00:00",
    "calendarYear": "1999",
    "period": "Q4",
    "revenue": 953500000,
    "costOfRevenue": 766900000,
    "grossProfit": 186600000,
    "grossProfitRatio": 0.1957000524,
    "researchAndDevelopmentExpenses": 0,
    "generalAndAdministrativeExpenses": 95800000,
    "sellingAndMarketingExpenses": 0,
    "sellingGeneralAndAdministrativeExpenses": 95800000,
    "otherExpenses": 6300000,
    "operatingExpenses": 102100000,
    "costAndExpenses": 869000000,
    "interestIncome": 0,
    "interestExpense": 0,
    "depreciationAndAmortization": 6300000,
    "ebitda": 90800000,
    "ebitdaratio": 0.095228107,
    "operatingIncome": 84500000,
    "operatingIncomeRatio": 0.0886208705,
    "totalOtherIncomeExpensesNet": -2800000,
    "incomeBeforeTax": 81700000,
    "incomeBeforeTaxRatio": 0.0856843209,
    "incomeTaxExpense": 32300000,
    "netIncome": 49400000,
    "netIncomeRatio": 0.0518091243,
    "eps": 0.22,
    "epsdiluted": 0.22,
    "weightedAverageShsOut": 227395019,
    "weightedAverageShsOutDil": 227395019,
    "link": "https://www.sec.gov/Archives/edgar/data/882184/000091205799008952/0000912057-99-008952-index.html",
    "finalLink": "https://www.sec.gov/Archives/edgar/data/882184/000091205799008952/"
  },
  {
    "date": "1999-06-30",
    "symbol": "DHI",
    "reportedCurrency": "USD",
    "cik": "0000882184",
    "fillingDate": "1999-07-30",
    "acceptedDate": "1999-07-30 00:00:00",
    "calendarYear": "1999",
    "period": "Q3",
    "revenue": 843000000,
    "costOfRevenue": 677600000,
    "grossProfit": 165400000,
    "grossProfitRatio": 0.1962040332,
    "researchAndDevelopmentExpenses": 0,
    "generalAndAdministrativeExpenses": 83900000,
    "sellingAndMarketingExpenses": 0,
    "sellingGeneralAndAdministrativeExpenses": 83900000,
    "otherExpenses": 5500000,
    "operatingExpenses": 89400000,
    "costAndExpenses": 767000000,
    "interestIncome": 0,
    "interestExpense": 0,
    "depreciationAndAmortization": 5500000,
    "ebitda": 81500000,
    "ebitdaratio": 0.0966785291,
    "operatingIncome": 76000000,
    "operatingIncomeRatio": 0.0901542112,
    "totalOtherIncomeExpensesNet": -2700000,
    "incomeBeforeTax": 73300000,
    "incomeBeforeTaxRatio": 0.0869513642,
    "incomeTaxExpense": 28900000,
    "netIncome": 44400000,
    "netIncomeRatio": 0.0526690391,
    "eps": 0.19,
    "epsdiluted": 0.19,
    "weightedAverageShsOut": 227877758,
    "weightedAverageShsOutDil": 227877758,
    "link": "https://www.sec.gov/Archives/edgar/data/882184/0000882184-99-000021-index.html",
    "finalLink": "https://www.sec.gov/Archives/edgar/data/882184/000088218499000021/0000882184-99-000021.txt"
  },
  {
    "date": "1999-03-31",
    "symbol": "DHI",
    "reportedCurrency": "USD",
    "cik": "0000882184",
    "fillingDate": "1999-05-12",
    "acceptedDate": "1999-05-12 00:00:00",
    "calendarYear": "1999",
    "period": "Q2",
    "revenue": 699100000,
    "costOfRevenue": 565100000,
    "grossProfit": 134000000,
    "grossProfitRatio": 0.1916750107,
    "researchAndDevelopmentExpenses": 0,
    "generalAndAdministrativeExpenses": 71900000,
    "sellingAndMarketingExpenses": 0,
    "sellingGeneralAndAdministrativeExpenses": 71900000,
    "otherExpenses": 5200000,
    "operatingExpenses": 77100000,
    "costAndExpenses": 642200000,
    "interestIncome": 0,
    "interestExpense": 0,
    "depreciationAndAmortization": 5200000,
    "ebitda": 62100000,
    "ebitdaratio": 0.0888284938,
    "operatingIncome": 56900000,
    "operatingIncomeRatio": 0.081390359,
    "totalOtherIncomeExpensesNet": -2300000,
    "incomeBeforeTax": 54600000,
    "incomeBeforeTaxRatio": 0.0781004148,
    "incomeTaxExpense": 21200000,
    "netIncome": 33400000,
    "netIncomeRatio": 0.0477757116,
    "eps": 0.15,
    "epsdiluted": 0.14,
    "weightedAverageShsOut": 229877672,
    "weightedAverageShsOutDil": 233206024,
    "link": "https://www.sec.gov/Archives/edgar/data/882184/000088218499000019/0000882184-99-000019-index.html",
    "finalLink": "https://www.sec.gov/Archives/edgar/data/882184/"
  },
  {
    "date": "1998-12-31",
    "symbol": "DHI",
    "reportedCurrency": "USD",
    "cik": "0000882184",
    "fillingDate": "1999-02-16",
    "acceptedDate": "1999-02-16 00:00:00",
    "calendarYear": "1999",
    "period": "Q1",
    "revenue": 660600000,
    "costOfRevenue": 530400000,
    "grossProfit": 130200000,
    "grossProfitRatio": 0.1970935513,
    "researchAndDevelopmentExpenses": 0,
    "generalAndAdministrativeExpenses": 70500000,
    "sellingAndMarketingExpenses": 0,
    "sellingGeneralAndAdministrativeExpenses": 70500000,
    "otherExpenses": 3800000,
    "operatingExpenses": 74300000,
    "costAndExpenses": 604700000,
    "interestIncome": 0,
    "interestExpense": 0,
    "depreciationAndAmortization": 3800000,
    "ebitda": 59700000,
    "ebitdaratio": 0.0903723887,
    "operatingIncome": 55900000,
    "operatingIncomeRatio": 0.0846200424,
    "totalOtherIncomeExpensesNet": -1600000,
    "incomeBeforeTax": 54300000,
    "incomeBeforeTaxRatio": 0.0821980018,
    "incomeTaxExpense": 21600000,
    "netIncome": 32700000,
    "netIncomeRatio": 0.0495004541,
    "eps": 0.15,
    "epsdiluted": 0.15,
    "weightedAverageShsOut": 223166525,
    "weightedAverageShsOutDil": 223166525,
    "link": "https://www.sec.gov/Archives/edgar/data/882184/000088218499000007/0000882184-99-000007-index.html",
    "finalLink": "https://www.sec.gov/Archives/edgar/data/882184/"
  },
  {
    "date": "1998-09-30",
    "symbol": "DHI",
    "reportedCurrency": "USD",
    "cik": "0000882184",
    "fillingDate": "1998-12-10",
    "acceptedDate": "1998-12-10 00:00:00",
    "calendarYear": "1998",
    "period": "Q4",
    "revenue": 686800000,
    "costOfRevenue": 552700000,
    "grossProfit": 134100000,
    "grossProfitRatio": 0.1952533489,
    "researchAndDevelopmentExpenses": 0,
    "generalAndAdministrativeExpenses": 69400000,
    "sellingAndMarketingExpenses": 0,
    "sellingGeneralAndAdministrativeExpenses": 69400000,
    "otherExpenses": 2800000,
    "operatingExpenses": 72200000,
    "costAndExpenses": 624900000,
    "interestIncome": 0,
    "interestExpense": 0,
    "depreciationAndAmortization": 2800000,
    "ebitda": 64700000,
    "ebitdaratio": 0.0942050087,
    "operatingIncome": 61900000,
    "operatingIncomeRatio": 0.0901281305,
    "totalOtherIncomeExpensesNet": -4300000,
    "incomeBeforeTax": 57600000,
    "incomeBeforeTaxRatio": 0.0838672103,
    "incomeTaxExpense": 25100000,
    "netIncome": 32500000,
    "netIncomeRatio": 0.0473209086,
    "eps": 0.15,
    "epsdiluted": 0.15,
    "weightedAverageShsOut": 223166525,
    "weightedAverageShsOutDil": 223166525,
    "link": "https://www.sec.gov/Archives/edgar/data/882184/000088218498000063/0000882184-98-000063-index.html",
    "finalLink": "https://www.sec.gov/Archives/edgar/data/882184/"
  },
  {
    "date": "1998-06-30",
    "symbol": "DHI",
    "reportedCurrency": "USD",
    "cik": "0000882184",
    "fillingDate": "1998-08-06",
    "acceptedDate": "1998-08-06 00:00:00",
    "calendarYear": "1998",
    "period": "Q3",
    "revenue": 613800000,
    "costOfRevenue": 495300000,
    "grossProfit": 118500000,
    "grossProfitRatio": 0.1930596285,
    "researchAndDevelopmentExpenses": 0,
    "generalAndAdministrativeExpenses": 62300000,
    "sellingAndMarketingExpenses": 0,
    "sellingGeneralAndAdministrativeExpenses": 62300000,
    "otherExpenses": 3800000,
    "operatingExpenses": 66100000,
    "costAndExpenses": 561400000,
    "interestIncome": 0,
    "interestExpense": 0,
    "depreciationAndAmortization": 3800000,
    "ebitda": 56300000,
    "ebitdaratio": 0.0917236885,
    "operatingIncome": 52400000,
    "operatingIncomeRatio": 0.0853698273,
    "totalOtherIncomeExpensesNet": -13600000,
    "incomeBeforeTax": 38900000,
    "incomeBeforeTaxRatio": 0.0633756924,
    "incomeTaxExpense": 15800000,
    "netIncome": 23100000,
    "netIncomeRatio": 0.0376344086,
    "eps": 0.12,
    "epsdiluted": 0.12,
    "weightedAverageShsOut": 193639657,
    "weightedAverageShsOutDil": 193639657,
    "link": "https://www.sec.gov/Archives/edgar/data/882184/000088218498000050/0000882184-98-000050-index.html",
    "finalLink": "https://www.sec.gov/Archives/edgar/data/882184/"
  },
  {
    "date": "1998-03-31",
    "symbol": "DHI",
    "reportedCurrency": "USD",
    "cik": "0000882184",
    "fillingDate": "1998-05-14",
    "acceptedDate": "1998-05-14 00:00:00",
    "calendarYear": "1998",
    "period": "Q2",
    "revenue": 277500000,
    "costOfRevenue": 225800000,
    "grossProfit": 51700000,
    "grossProfitRatio": 0.1863063063,
    "researchAndDevelopmentExpenses": 0,
    "generalAndAdministrativeExpenses": 30000000,
    "sellingAndMarketingExpenses": 0,
    "sellingGeneralAndAdministrativeExpenses": 30000000,
    "otherExpenses": 1600000,
    "operatingExpenses": 31600000,
    "costAndExpenses": 257400000,
    "interestIncome": 0,
    "interestExpense": 0,
    "depreciationAndAmortization": 1600000,
    "ebitda": 36200000,
    "ebitdaratio": 0.1304504505,
    "operatingIncome": 20100000,
    "operatingIncomeRatio": 0.0724324324,
    "totalOtherIncomeExpensesNet": -1500000,
    "incomeBeforeTax": 19200000,
    "incomeBeforeTaxRatio": 0.0691891892,
    "incomeTaxExpense": 7500000,
    "netIncome": 11700000,
    "netIncomeRatio": 0.0421621622,
    "eps": 0.0861,
    "epsdiluted": 0.0861,
    "weightedAverageShsOut": 135928866,
    "weightedAverageShsOutDil": 135928866,
    "link": "https://www.sec.gov/Archives/edgar/data/882184/0000882184-98-000036-index.html",
    "finalLink": "https://www.sec.gov/Archives/edgar/data/882184/0000882184-98-000036.txt"
  },
  {
    "date": "1997-12-31",
    "symbol": "DHI",
    "reportedCurrency": "USD",
    "cik": "0000882184",
    "fillingDate": "1998-01-27",
    "acceptedDate": "1998-01-27 00:00:00",
    "calendarYear": "1998",
    "period": "Q1",
    "revenue": 231200000,
    "costOfRevenue": 185600000,
    "grossProfit": 45600000,
    "grossProfitRatio": 0.1972318339,
    "researchAndDevelopmentExpenses": 0,
    "generalAndAdministrativeExpenses": 25700000,
    "sellingAndMarketingExpenses": 0,
    "sellingGeneralAndAdministrativeExpenses": 25700000,
    "otherExpenses": 1600000,
    "operatingExpenses": 27300000,
    "costAndExpenses": 212900000,
    "interestIncome": 0,
    "interestExpense": 0,
    "depreciationAndAmortization": 1600000,
    "ebitda": 34100000,
    "ebitdaratio": 0.1474913495,
    "operatingIncome": 18300000,
    "operatingIncomeRatio": 0.0791522491,
    "totalOtherIncomeExpensesNet": -1300000,
    "incomeBeforeTax": 17800000,
    "incomeBeforeTaxRatio": 0.0769896194,
    "incomeTaxExpense": 7000000,
    "netIncome": 10800000,
    "netIncomeRatio": 0.0467128028,
    "eps": 0.0797,
    "epsdiluted": 0.0797,
    "weightedAverageShsOut": 135576798,
    "weightedAverageShsOutDil": 135576798,
    "link": "https://www.sec.gov/Archives/edgar/data/882184/000088218498000004/0000882184-98-000004-index.html",
    "finalLink": "https://www.sec.gov/Archives/edgar/data/882184/"
  },
  {
    "date": "1997-09-30",
    "symbol": "DHI",
    "reportedCurrency": "USD",
    "cik": "0000882184",
    "fillingDate": "1997-12-08",
    "acceptedDate": "1997-12-08 00:00:00",
    "calendarYear": "1997",
    "period": "Q4",
    "revenue": 283200000,
    "costOfRevenue": 230000000,
    "grossProfit": 53200000,
    "grossProfitRatio": 0.1878531073,
    "researchAndDevelopmentExpenses": 0,
    "generalAndAdministrativeExpenses": 28500000,
    "sellingAndMarketingExpenses": 0,
    "sellingGeneralAndAdministrativeExpenses": 28500000,
    "otherExpenses": 1600000,
    "operatingExpenses": 30100000,
    "costAndExpenses": 260100000,
    "interestIncome": 0,
    "interestExpense": 0,
    "depreciationAndAmortization": 1600000,
    "ebitda": 24700000,
    "ebitdaratio": 0.0872175141,
    "operatingIncome": 23100000,
    "operatingIncomeRatio": 0.0815677966,
    "totalOtherIncomeExpensesNet": -1100000,
    "incomeBeforeTax": 22000000,
    "incomeBeforeTaxRatio": 0.0776836158,
    "incomeTaxExpense": 9100000,
    "netIncome": 12900000,
    "netIncomeRatio": 0.0455508475,
    "eps": 0.0951,
    "epsdiluted": 0.0951,
    "weightedAverageShsOut": 135453391,
    "weightedAverageShsOutDil": 135576798,
    "link": "https://www.sec.gov/Archives/edgar/data/882184/0000882184-97-000027-index.html",
    "finalLink": "https://www.sec.gov/Archives/edgar/data/882184/0000882184-97-000027.txt"
  },
  {
    "date": "1997-06-30",
    "symbol": "DHI",
    "reportedCurrency": "USD",
    "cik": "0000882184",
    "fillingDate": "1997-08-05",
    "acceptedDate": "1997-08-05 00:00:00",
    "calendarYear": "1997",
    "period": "Q3",
    "revenue": 250100000,
    "costOfRevenue": 204800000,
    "grossProfit": 45300000,
    "grossProfitRatio": 0.181127549,
    "researchAndDevelopmentExpenses": 0,
    "generalAndAdministrativeExpenses": 27100000,
    "sellingAndMarketingExpenses": 0,
    "sellingGeneralAndAdministrativeExpenses": 27100000,
    "otherExpenses": 1100000,
    "operatingExpenses": 28200000,
    "costAndExpenses": 233000000,
    "interestIncome": 0,
    "interestExpense": 0,
    "depreciationAndAmortization": 1100000,
    "ebitda": 18200000,
    "ebitdaratio": 0.0727708916,
    "operatingIncome": 17100000,
    "operatingIncomeRatio": 0.0683726509,
    "totalOtherIncomeExpensesNet": -900000,
    "incomeBeforeTax": 16200000,
    "incomeBeforeTaxRatio": 0.0647740904,
    "incomeTaxExpense": 6400000,
    "netIncome": 9800000,
    "netIncomeRatio": 0.0391843263,
    "eps": 0.0725,
    "epsdiluted": 0.0725,
    "weightedAverageShsOut": 135141241,
    "weightedAverageShsOutDil": 135141241,
    "link": "https://www.sec.gov/Archives/edgar/data/882184/000088218497000023/0000882184-97-000023-index.html",
    "finalLink": "https://www.sec.gov/Archives/edgar/data/882184/"
  },
  {
    "date": "1997-03-31",
    "symbol": "DHI",
    "reportedCurrency": "USD",
    "cik": "0000882184",
    "fillingDate": "1997-05-14",
    "acceptedDate": "1997-05-14 00:00:00",
    "calendarYear": "1997",
    "period": "Q2",
    "revenue": 159600000,
    "costOfRevenue": 128800000,
    "grossProfit": 30800000,
    "grossProfitRatio": 0.1929824561,
    "researchAndDevelopmentExpenses": 0,
    "generalAndAdministrativeExpenses": 18800000,
    "sellingAndMarketingExpenses": 0,
    "sellingGeneralAndAdministrativeExpenses": 18800000,
    "otherExpenses": 1000000,
    "operatingExpenses": 19800000,
    "costAndExpenses": 148600000,
    "interestIncome": 0,
    "interestExpense": 0,
    "depreciationAndAmortization": 1000000,
    "ebitda": 12000000,
    "ebitdaratio": 0.0751879699,
    "operatingIncome": 11000000,
    "operatingIncomeRatio": 0.0689223058,
    "totalOtherIncomeExpensesNet": -400000,
    "incomeBeforeTax": 10600000,
    "incomeBeforeTaxRatio": 0.0664160401,
    "incomeTaxExpense": 3900000,
    "netIncome": 6700000,
    "netIncomeRatio": 0.0419799499,
    "eps": 0.0501,
    "epsdiluted": 0.0501,
    "weightedAverageShsOut": 133714805,
    "weightedAverageShsOutDil": 133714805,
    "link": "https://www.sec.gov/Archives/edgar/data/882184/000088218497000012/0000882184-97-000012-index.html",
    "finalLink": "https://www.sec.gov/Archives/edgar/data/882184/"
  },
  {
    "date": "1996-12-31",
    "symbol": "DHI",
    "reportedCurrency": "USD",
    "cik": "0000882184",
    "fillingDate": "1997-01-30",
    "acceptedDate": "1997-01-30 00:00:00",
    "calendarYear": "1997",
    "period": "Q1",
    "revenue": 144400000,
    "costOfRevenue": 117300000,
    "grossProfit": 27100000,
    "grossProfitRatio": 0.1876731302,
    "researchAndDevelopmentExpenses": 0,
    "generalAndAdministrativeExpenses": 15100000,
    "sellingAndMarketingExpenses": 0,
    "sellingGeneralAndAdministrativeExpenses": 15100000,
    "otherExpenses": 700000,
    "operatingExpenses": 15800000,
    "costAndExpenses": 133100000,
    "interestIncome": 0,
    "interestExpense": 0,
    "depreciationAndAmortization": 700000,
    "ebitda": 12000000,
    "ebitdaratio": 0.0831024931,
    "operatingIncome": 11300000,
    "operatingIncomeRatio": 0.0782548476,
    "totalOtherIncomeExpensesNet": -100000,
    "incomeBeforeTax": 11200000,
    "incomeBeforeTaxRatio": 0.0775623269,
    "incomeTaxExpense": 4400000,
    "netIncome": 6800000,
    "netIncomeRatio": 0.0470914127,
    "eps": 0.0578,
    "epsdiluted": 0.0578,
    "weightedAverageShsOut": 117657413,
    "weightedAverageShsOutDil": 117657413,
    "link": "https://www.sec.gov/Archives/edgar/data/882184/0000882184-97-000004-index.html",
    "finalLink": "https://www.sec.gov/Archives/edgar/data/882184/0000882184-97-000004.txt"
  },
  {
    "date": "1996-09-30",
    "symbol": "DHI",
    "reportedCurrency": "USD",
    "cik": "0000882184",
    "fillingDate": "1996-12-20",
    "acceptedDate": "1996-12-20 00:00:00",
    "calendarYear": "1996",
    "period": "Q4",
    "revenue": 168900000,
    "costOfRevenue": 137900000,
    "grossProfit": 31000000,
    "grossProfitRatio": 0.1835405565,
    "researchAndDevelopmentExpenses": 0,
    "generalAndAdministrativeExpenses": 15200000,
    "sellingAndMarketingExpenses": 0,
    "sellingGeneralAndAdministrativeExpenses": 15200000,
    "otherExpenses": 400000,
    "operatingExpenses": 15600000,
    "costAndExpenses": 153500000,
    "interestIncome": 0,
    "interestExpense": 0,
    "depreciationAndAmortization": 400000,
    "ebitda": 15800000,
    "ebitdaratio": 0.0935464772,
    "operatingIncome": 15400000,
    "operatingIncomeRatio": 0.091178212,
    "totalOtherIncomeExpensesNet": 300000,
    "incomeBeforeTax": 15700000,
    "incomeBeforeTaxRatio": 0.0929544109,
    "incomeTaxExpense": 6300000,
    "netIncome": 9400000,
    "netIncomeRatio": 0.0556542333,
    "eps": 0.0799,
    "epsdiluted": 0.0799,
    "weightedAverageShsOut": 117657413,
    "weightedAverageShsOutDil": 117657413,
    "link": "https://www.sec.gov/Archives/edgar/data/882184/000088218496000011/0000882184-96-000011-index.html",
    "finalLink": "https://www.sec.gov/Archives/edgar/data/882184/"
  },
  {
    "date": "1996-06-30",
    "symbol": "DHI",
    "reportedCurrency": "USD",
    "cik": "0000882184",
    "fillingDate": "1996-07-24",
    "acceptedDate": "1996-07-24 00:00:00",
    "calendarYear": "1996",
    "period": "Q3",
    "revenue": 143300000,
    "costOfRevenue": 116700000,
    "grossProfit": 26600000,
    "grossProfitRatio": 0.1856245639,
    "researchAndDevelopmentExpenses": 0,
    "generalAndAdministrativeExpenses": 14100000,
    "sellingAndMarketingExpenses": 0,
    "sellingGeneralAndAdministrativeExpenses": 14100000,
    "otherExpenses": 700000,
    "operatingExpenses": 14800000,
    "costAndExpenses": 131500000,
    "interestIncome": 0,
    "interestExpense": 0,
    "depreciationAndAmortization": 800000,
    "ebitda": 12600000,
    "ebitdaratio": 0.087927425,
    "operatingIncome": 11800000,
    "operatingIncomeRatio": 0.0823447313,
    "totalOtherIncomeExpensesNet": 200000,
    "incomeBeforeTax": 12000000,
    "incomeBeforeTaxRatio": 0.0837404047,
    "incomeTaxExpense": 4600000,
    "netIncome": 7400000,
    "netIncomeRatio": 0.0516399163,
    "eps": 0.0584,
    "epsdiluted": 0.0584,
    "weightedAverageShsOut": 126762391,
    "weightedAverageShsOutDil": 126762391,
    "link": "https://www.sec.gov/Archives/edgar/data/882184/000088218496000006/0000882184-96-000006-index.html",
    "finalLink": "https://www.sec.gov/Archives/edgar/data/882184/"
  },
  {
    "date": "1996-03-31",
    "symbol": "DHI",
    "reportedCurrency": "USD",
    "cik": "0000882184",
    "fillingDate": "1996-03-31",
    "acceptedDate": "1996-03-30 19:00:00",
    "calendarYear": "1996",
    "period": "Q2",
    "revenue": 114000000,
    "costOfRevenue": 93200000,
    "grossProfit": 20800000,
    "grossProfitRatio": 0.1824561404,
    "researchAndDevelopmentExpenses": 0,
    "generalAndAdministrativeExpenses": 12100000,
    "sellingAndMarketingExpenses": 0,
    "sellingGeneralAndAdministrativeExpenses": 12100000,
    "otherExpenses": 700000,
    "operatingExpenses": 12800000,
    "costAndExpenses": 106000000,
    "interestIncome": 0,
    "interestExpense": 0,
    "depreciationAndAmortization": 700000,
    "ebitda": 8700000,
    "ebitdaratio": 0.0763157895,
    "operatingIncome": 8000000,
    "operatingIncomeRatio": 0.0701754386,
    "totalOtherIncomeExpensesNet": 0,
    "incomeBeforeTax": 8000000,
    "incomeBeforeTaxRatio": 0.0701754386,
    "incomeTaxExpense": 2900000,
    "netIncome": 5100000,
    "netIncomeRatio": 0.0447368421,
    "eps": 0.0435,
    "epsdiluted": 0.0435,
    "weightedAverageShsOut": 117291303,
    "weightedAverageShsOutDil": 117291303,
    "link": "",
    "finalLink": ""
  },
  {
    "date": "1995-12-31",
    "symbol": "DHI",
    "reportedCurrency": "USD",
    "cik": "0000882184",
    "fillingDate": "1995-12-31",
    "acceptedDate": "1995-12-30 19:00:00",
    "calendarYear": "1996",
    "period": "Q1",
    "revenue": 121100000,
    "costOfRevenue": 98800000,
    "grossProfit": 22300000,
    "grossProfitRatio": 0.1841453344,
    "researchAndDevelopmentExpenses": 0,
    "generalAndAdministrativeExpenses": 12500000,
    "sellingAndMarketingExpenses": 0,
    "sellingGeneralAndAdministrativeExpenses": 12500000,
    "otherExpenses": 700000,
    "operatingExpenses": 13200000,
    "costAndExpenses": 112000000,
    "interestIncome": 0,
    "interestExpense": 0,
    "depreciationAndAmortization": 700000,
    "ebitda": 9800000,
    "ebitdaratio": 0.0809248555,
    "operatingIncome": 9100000,
    "operatingIncomeRatio": 0.0751445087,
    "totalOtherIncomeExpensesNet": -400000,
    "incomeBeforeTax": 8700000,
    "incomeBeforeTaxRatio": 0.0718414533,
    "incomeTaxExpense": 3300000,
    "netIncome": 5400000,
    "netIncomeRatio": 0.0445912469,
    "eps": 0.0585,
    "epsdiluted": 0.0585,
    "weightedAverageShsOut": 92287777,
    "weightedAverageShsOutDil": 92287777,
    "link": "",
    "finalLink": ""
  },
  {
    "date": "1995-09-30",
    "symbol": "DHI",
    "reportedCurrency": "USD",
    "cik": "0000882184",
    "fillingDate": "1995-09-30",
    "acceptedDate": "1995-09-29 20:00:00",
    "calendarYear": "1995",
    "period": "Q4",
    "revenue": 132800000,
    "costOfRevenue": 108200000,
    "grossProfit": 24600000,
    "grossProfitRatio": 0.1852409639,
    "researchAndDevelopmentExpenses": 0,
    "generalAndAdministrativeExpenses": 0,
    "sellingAndMarketingExpenses": 0,
    "sellingGeneralAndAdministrativeExpenses": 12600000,
    "otherExpenses": 600000,
    "operatingExpenses": 13200000,
    "costAndExpenses": 121400000,
    "interestIncome": 0,
    "interestExpense": 0,
    "depreciationAndAmortization": 600000,
    "ebitda": 12000000,
    "ebitdaratio": 0.0903614458,
    "operatingIncome": 11400000,
    "operatingIncomeRatio": 0.0858433735,
    "totalOtherIncomeExpensesNet": -400000,
    "incomeBeforeTax": 11000000,
    "incomeBeforeTaxRatio": 0.0828313253,
    "incomeTaxExpense": 4400000,
    "netIncome": 6600000,
    "netIncomeRatio": 0.0496987952,
    "eps": 0.0615,
    "epsdiluted": 0.0615,
    "weightedAverageShsOut": 107355911,
    "weightedAverageShsOutDil": 107355911,
    "link": "",
    "finalLink": ""
  }
]