[
  {
    "date": "2024-12-31",
    "symbol": "DHR",
    "reportedCurrency": "USD",
    "cik": "0000313616",
    "fillingDate": "2025-02-20",
    "acceptedDate": "2025-02-20 16:18:06",
    "calendarYear": "2024",
    "period": "FY",
    "revenue": 23875000000,
    "costOfRevenue": 9669000000,
    "grossProfit": 14206000000,
    "grossProfitRatio": 0.5950157068,
    "researchAndDevelopmentExpenses": 1584000000,
    "generalAndAdministrativeExpenses": 0,
    "sellingAndMarketingExpenses": 0,
    "sellingGeneralAndAdministrativeExpenses": 7438000000,
    "otherExpenses": 0,
    "operatingExpenses": 9022000000,
    "costAndExpenses": 18691000000,
    "interestIncome": 117000000,
    "interestExpense": 278000000,
    "depreciationAndAmortization": 2352000000,
    "ebitda": 7276000000,
    "ebitdaratio": 0.3047539267,
    "operatingIncome": 5184000000,
    "operatingIncomeRatio": 0.2171308901,
    "totalOtherIncomeExpensesNet": -538000000,
    "incomeBeforeTax": 4646000000,
    "incomeBeforeTaxRatio": 0.1945968586,
    "incomeTaxExpense": 747000000,
    "netIncome": 3899000000,
    "netIncomeRatio": 0.1633089005,
    "eps": 5.33,
    "epsdiluted": 5.29,
    "weightedAverageShsOut": 731000000,
    "weightedAverageShsOutDil": 737200000,
    "link": "https://www.sec.gov/Archives/edgar/data/313616/000031361625000043/0000313616-25-000043-index.htm",
    "finalLink": "https://www.sec.gov/Archives/edgar/data/313616/000031361625000043/dhr-20241231.htm"
  },
  {
    "date": "2023-12-31",
    "symbol": "DHR",
    "reportedCurrency": "USD",
    "cik": "0000313616",
    "fillingDate": "2024-02-21",
    "acceptedDate": "2024-02-21 16:38:09",
    "calendarYear": "2023",
    "period": "FY",
    "revenue": 23890000000,
    "costOfRevenue": 9856000000,
    "grossProfit": 14034000000,
    "grossProfitRatio": 0.5874424445,
    "researchAndDevelopmentExpenses": 1503000000,
    "generalAndAdministrativeExpenses": 0,
    "sellingAndMarketingExpenses": 0,
    "sellingGeneralAndAdministrativeExpenses": 7252000000,
    "otherExpenses": 0,
    "operatingExpenses": 8755000000,
    "costAndExpenses": 18611000000,
    "interestIncome": 303000000,
    "interestExpense": 289000000,
    "depreciationAndAmortization": 2166000000,
    "ebitda": 7499000000,
    "ebitdaratio": 0.313897028,
    "operatingIncome": 5279000000,
    "operatingIncomeRatio": 0.2209711176,
    "totalOtherIncomeExpensesNet": -235000000,
    "incomeBeforeTax": 5044000000,
    "incomeBeforeTaxRatio": 0.2111343658,
    "incomeTaxExpense": 823000000,
    "netIncome": 4764000000,
    "netIncomeRatio": 0.1994139807,
    "eps": 6.44,
    "epsdiluted": 6.38,
    "weightedAverageShsOut": 736500000,
    "weightedAverageShsOutDil": 743100000,
    "link": "https://www.sec.gov/Archives/edgar/data/313616/000031361624000052/0000313616-24-000052-index.htm",
    "finalLink": "https://www.sec.gov/Archives/edgar/data/313616/000031361624000052/dhr-20231231.htm"
  },
  {
    "date": "2022-12-31",
    "symbol": "DHR",
    "reportedCurrency": "USD",
    "cik": "0000313616",
    "fillingDate": "2023-02-22",
    "acceptedDate": "2023-02-22 16:40:48",
    "calendarYear": "2022",
    "period": "FY",
    "revenue": 26643000000,
    "costOfRevenue": 10455000000,
    "grossProfit": 16188000000,
    "grossProfitRatio": 0.6075892354,
    "researchAndDevelopmentExpenses": 1528000000,
    "generalAndAdministrativeExpenses": 0,
    "sellingAndMarketingExpenses": 0,
    "sellingGeneralAndAdministrativeExpenses": 7124000000,
    "otherExpenses": 0,
    "operatingExpenses": 8652000000,
    "costAndExpenses": 19107000000,
    "interestIncome": 41000000,
    "interestExpense": 207000000,
    "depreciationAndAmortization": 2132000000,
    "ebitda": 9485000000,
    "ebitdaratio": 0.3560034531,
    "operatingIncome": 7536000000,
    "operatingIncomeRatio": 0.2828510303,
    "totalOtherIncomeExpensesNet": -390000000,
    "incomeBeforeTax": 7146000000,
    "incomeBeforeTaxRatio": 0.2682130391,
    "incomeTaxExpense": 818000000,
    "netIncome": 7209000000,
    "netIncomeRatio": 0.2705776377,
    "eps": 9.8,
    "epsdiluted": 9.64,
    "weightedAverageShsOut": 725100000,
    "weightedAverageShsOutDil": 737100000,
    "link": "https://www.sec.gov/Archives/edgar/data/313616/000031361623000087/0000313616-23-000087-index.htm",
    "finalLink": "https://www.sec.gov/Archives/edgar/data/313616/000031361623000087/dhr-20221231.htm"
  },
  {
    "date": "2021-12-31",
    "symbol": "DHR",
    "reportedCurrency": "USD",
    "cik": "0000313616",
    "fillingDate": "2022-02-23",
    "acceptedDate": "2022-02-23 16:49:10",
    "calendarYear": "2021",
    "period": "FY",
    "revenue": 29453000000,
    "costOfRevenue": 11501000000,
    "grossProfit": 17952000000,
    "grossProfitRatio": 0.6095134621,
    "researchAndDevelopmentExpenses": 1742000000,
    "generalAndAdministrativeExpenses": 0,
    "sellingAndMarketingExpenses": 0,
    "sellingGeneralAndAdministrativeExpenses": 8160000000,
    "otherExpenses": 0,
    "operatingExpenses": 9902000000,
    "costAndExpenses": 21403000000,
    "interestIncome": 11000000,
    "interestExpense": 241000000,
    "depreciationAndAmortization": 2168000000,
    "ebitda": 10007000000,
    "ebitdaratio": 0.3397616542,
    "operatingIncome": 8050000000,
    "operatingIncomeRatio": 0.2733168098,
    "totalOtherIncomeExpensesNet": -452000000,
    "incomeBeforeTax": 7598000000,
    "incomeBeforeTaxRatio": 0.2579703256,
    "incomeTaxExpense": 1251000000,
    "netIncome": 6433000000,
    "netIncomeRatio": 0.2184157811,
    "eps": 8.77,
    "epsdiluted": 8.61,
    "weightedAverageShsOut": 714600000,
    "weightedAverageShsOutDil": 736800000,
    "link": "https://www.sec.gov/Archives/edgar/data/313616/000031361622000061/0000313616-22-000061-index.htm",
    "finalLink": "https://www.sec.gov/Archives/edgar/data/313616/000031361622000061/dhr-20211231.htm"
  },
  {
    "date": "2020-12-31",
    "symbol": "DHR",
    "reportedCurrency": "USD",
    "cik": "0000313616",
    "fillingDate": "2021-02-25",
    "acceptedDate": "2021-02-24 19:13:25",
    "calendarYear": "2020",
    "period": "FY",
    "revenue": 22284000000,
    "costOfRevenue": 9809000000,
    "grossProfit": 12475000000,
    "grossProfitRatio": 0.559818704,
    "researchAndDevelopmentExpenses": 1348000000,
    "generalAndAdministrativeExpenses": 0,
    "sellingAndMarketingExpenses": 0,
    "sellingGeneralAndAdministrativeExpenses": 6815000000,
    "otherExpenses": 0,
    "operatingExpenses": 8163000000,
    "costAndExpenses": 17972000000,
    "interestIncome": 71000000,
    "interestExpense": 273000000,
    "depreciationAndAmortization": 1775000000,
    "ebitda": 6543000000,
    "ebitdaratio": 0.2936187399,
    "operatingIncome": 4312000000,
    "operatingIncomeRatio": 0.1935020643,
    "totalOtherIncomeExpensesNet": 183000000,
    "incomeBeforeTax": 4495000000,
    "incomeBeforeTaxRatio": 0.2017142344,
    "incomeTaxExpense": 849000000,
    "netIncome": 3646000000,
    "netIncomeRatio": 0.1636151499,
    "eps": 4.97,
    "epsdiluted": 4.89,
    "weightedAverageShsOut": 706200000,
    "weightedAverageShsOutDil": 718700000,
    "link": "https://www.sec.gov/Archives/edgar/data/313616/000031361621000045/0000313616-21-000045-index.htm",
    "finalLink": "https://www.sec.gov/Archives/edgar/data/313616/000031361621000045/dhr-20201231.htm"
  },
  {
    "date": "2019-12-31",
    "symbol": "DHR",
    "reportedCurrency": "USD",
    "cik": "0000313616",
    "fillingDate": "2020-02-21",
    "acceptedDate": "2020-02-21 07:32:05",
    "calendarYear": "2019",
    "period": "FY",
    "revenue": 17911100000,
    "costOfRevenue": 7927400000,
    "grossProfit": 9983700000,
    "grossProfitRatio": 0.5574029512,
    "researchAndDevelopmentExpenses": 1126000000,
    "generalAndAdministrativeExpenses": 0,
    "sellingAndMarketingExpenses": 0,
    "sellingGeneralAndAdministrativeExpenses": 5495300000,
    "otherExpenses": 0,
    "operatingExpenses": 6621300000,
    "costAndExpenses": 14548700000,
    "interestIncome": 139000000,
    "interestExpense": 108600000,
    "depreciationAndAmortization": 1189500000,
    "ebitda": 4603400000,
    "ebitdaratio": 0.2570138071,
    "operatingIncome": 3362400000,
    "operatingIncomeRatio": 0.1877271636,
    "totalOtherIncomeExpensesNet": -57100000,
    "incomeBeforeTax": 3305300000,
    "incomeBeforeTaxRatio": 0.1845391964,
    "incomeTaxExpense": 873000000,
    "netIncome": 2557200000,
    "netIncomeRatio": 0.1427718007,
    "eps": 3.48,
    "epsdiluted": 3.43,
    "weightedAverageShsOut": 715000000,
    "weightedAverageShsOutDil": 725500000,
    "link": "https://www.sec.gov/Archives/edgar/data/313616/000031361620000041/0000313616-20-000041-index.htm",
    "finalLink": "https://www.sec.gov/Archives/edgar/data/313616/000031361620000041/dhr-20191231x10xk.htm"
  },
  {
    "date": "2018-12-31",
    "symbol": "DHR",
    "reportedCurrency": "USD",
    "cik": "0000313616",
    "fillingDate": "2019-02-21",
    "acceptedDate": "2019-02-20 19:10:11",
    "calendarYear": "2018",
    "period": "FY",
    "revenue": 17048500000,
    "costOfRevenue": 7543200000,
    "grossProfit": 9505300000,
    "grossProfitRatio": 0.557544652,
    "researchAndDevelopmentExpenses": 1059200000,
    "generalAndAdministrativeExpenses": 0,
    "sellingAndMarketingExpenses": 0,
    "sellingGeneralAndAdministrativeExpenses": 5376000000,
    "otherExpenses": 0,
    "operatingExpenses": 6435200000,
    "costAndExpenses": 13978400000,
    "interestIncome": 9200000,
    "interestExpense": 136900000,
    "depreciationAndAmortization": 1177700000,
    "ebitda": 4276500000,
    "ebitdaratio": 0.2508431827,
    "operatingIncome": 3070100000,
    "operatingIncomeRatio": 0.180080359,
    "totalOtherIncomeExpensesNet": -108200000,
    "incomeBeforeTax": 2961900000,
    "incomeBeforeTaxRatio": 0.1737337596,
    "incomeTaxExpense": 555600000,
    "netIncome": 2650900000,
    "netIncomeRatio": 0.1554916855,
    "eps": 3.78,
    "epsdiluted": 3.73,
    "weightedAverageShsOut": 700600000,
    "weightedAverageShsOutDil": 710200000,
    "link": "https://www.sec.gov/Archives/edgar/data/313616/000031361619000035/0000313616-19-000035-index.htm",
    "finalLink": "https://www.sec.gov/Archives/edgar/data/313616/000031361619000035/dhr-20181231x10xk.htm"
  },
  {
    "date": "2017-12-31",
    "symbol": "DHR",
    "reportedCurrency": "USD",
    "cik": "0000313616",
    "fillingDate": "2018-02-21",
    "acceptedDate": "2018-02-20 18:34:14",
    "calendarYear": "2017",
    "period": "FY",
    "revenue": 18329700000,
    "costOfRevenue": 8099200000,
    "grossProfit": 10230500000,
    "grossProfitRatio": 0.5581378855,
    "researchAndDevelopmentExpenses": 1128800000,
    "generalAndAdministrativeExpenses": 0,
    "sellingAndMarketingExpenses": 0,
    "sellingGeneralAndAdministrativeExpenses": 5952200000,
    "otherExpenses": 0,
    "operatingExpenses": 7081000000,
    "costAndExpenses": 15180200000,
    "interestIncome": 7500000,
    "interestExpense": 162700000,
    "depreciationAndAmortization": 1238300000,
    "ebitda": 4339800000,
    "ebitdaratio": 0.2367632858,
    "operatingIncome": 3149500000,
    "operatingIncomeRatio": 0.1718249617,
    "totalOtherIncomeExpensesNet": -210700000,
    "incomeBeforeTax": 2938800000,
    "incomeBeforeTaxRatio": 0.1603299563,
    "incomeTaxExpense": 469000000,
    "netIncome": 2492100000,
    "netIncomeRatio": 0.135959672,
    "eps": 3.58,
    "epsdiluted": 3.53,
    "weightedAverageShsOut": 695800000,
    "weightedAverageShsOutDil": 706100000,
    "link": "https://www.sec.gov/Archives/edgar/data/313616/000031361618000038/0000313616-18-000038-index.htm",
    "finalLink": "https://www.sec.gov/Archives/edgar/data/313616/000031361618000038/dhr-20171231x10xk.htm"
  },
  {
    "date": "2016-12-31",
    "symbol": "DHR",
    "reportedCurrency": "USD",
    "cik": "0000313616",
    "fillingDate": "2017-02-22",
    "acceptedDate": "2017-02-21 18:11:24",
    "calendarYear": "2016",
    "period": "FY",
    "revenue": 16882400000,
    "costOfRevenue": 7499400000,
    "grossProfit": 9383000000,
    "grossProfitRatio": 0.5557859072,
    "researchAndDevelopmentExpenses": 975100000,
    "generalAndAdministrativeExpenses": 0,
    "sellingAndMarketingExpenses": 0,
    "sellingGeneralAndAdministrativeExpenses": 5420600000,
    "otherExpenses": 0,
    "operatingExpenses": 6395700000,
    "costAndExpenses": 13895100000,
    "interestIncome": 200000,
    "interestExpense": 184400000,
    "depreciationAndAmortization": 1128100000,
    "ebitda": 3923800000,
    "ebitdaratio": 0.2324195612,
    "operatingIncome": 2987300000,
    "operatingIncomeRatio": 0.1769475904,
    "totalOtherIncomeExpensesNet": -376000000,
    "incomeBeforeTax": 2611300000,
    "incomeBeforeTaxRatio": 0.1546758755,
    "incomeTaxExpense": 457900000,
    "netIncome": 2553700000,
    "netIncomeRatio": 0.1512640383,
    "eps": 3.69,
    "epsdiluted": 3.65,
    "weightedAverageShsOut": 691200000,
    "weightedAverageShsOutDil": 699800000,
    "link": "https://www.sec.gov/Archives/edgar/data/313616/000031361617000066/0000313616-17-000066-index.htm",
    "finalLink": "https://www.sec.gov/Archives/edgar/data/313616/000031361617000066/dhr-20161231x10xk.htm"
  },
  {
    "date": "2015-12-31",
    "symbol": "DHR",
    "reportedCurrency": "USD",
    "cik": "0000313616",
    "fillingDate": "2016-02-24",
    "acceptedDate": "2016-02-23 18:11:12",
    "calendarYear": "2015",
    "period": "FY",
    "revenue": 14433700000,
    "costOfRevenue": 6519700000,
    "grossProfit": 7914000000,
    "grossProfitRatio": 0.5483001587,
    "researchAndDevelopmentExpenses": 861400000,
    "generalAndAdministrativeExpenses": 0,
    "sellingAndMarketingExpenses": 0,
    "sellingGeneralAndAdministrativeExpenses": 4634900000,
    "otherExpenses": 0,
    "operatingExpenses": 5496300000,
    "costAndExpenses": 12016000000,
    "interestIncome": 4600000,
    "interestExpense": 139800000,
    "depreciationAndAmortization": 880800000,
    "ebitda": 3060000000,
    "ebitdaratio": 0.2120038521,
    "operatingIncome": 2417700000,
    "operatingIncomeRatio": 0.1675038278,
    "totalOtherIncomeExpensesNet": -378300000,
    "incomeBeforeTax": 2039400000,
    "incomeBeforeTaxRatio": 0.141294332,
    "incomeTaxExpense": 292700000,
    "netIncome": 2596900000,
    "netIncomeRatio": 0.1799192168,
    "eps": 4.81,
    "epsdiluted": 4.74,
    "weightedAverageShsOut": 698100000,
    "weightedAverageShsOutDil": 708500000,
    "link": "https://www.sec.gov/Archives/edgar/data/313616/000031361616000145/0000313616-16-000145-index.htm",
    "finalLink": "https://www.sec.gov/Archives/edgar/data/313616/000031361616000145/dhr-20151231x10xk.htm"
  },
  {
    "date": "2014-12-31",
    "symbol": "DHR",
    "reportedCurrency": "USD",
    "cik": "0000313616",
    "fillingDate": "2015-02-25",
    "acceptedDate": "2015-02-24 18:01:50",
    "calendarYear": "2014",
    "period": "FY",
    "revenue": 19913800000,
    "costOfRevenue": 9425400000,
    "grossProfit": 10488400000,
    "grossProfitRatio": 0.526690034,
    "researchAndDevelopmentExpenses": 1314200000,
    "generalAndAdministrativeExpenses": 0,
    "sellingAndMarketingExpenses": 0,
    "sellingGeneralAndAdministrativeExpenses": 5571800000,
    "otherExpenses": 0,
    "operatingExpenses": 6886000000,
    "costAndExpenses": 16311400000,
    "interestIncome": 16700000,
    "interestExpense": 122700000,
    "depreciationAndAmortization": 938500000,
    "ebitda": 4543000000,
    "ebitdaratio": 0.2281332543,
    "operatingIncome": 3602400000,
    "operatingIncomeRatio": 0.1808996776,
    "totalOtherIncomeExpensesNet": -120600000,
    "incomeBeforeTax": 3481800000,
    "incomeBeforeTaxRatio": 0.1748435758,
    "incomeTaxExpense": 883400000,
    "netIncome": 2598400000,
    "netIncomeRatio": 0.1304823791,
    "eps": 3.7,
    "epsdiluted": 3.63,
    "weightedAverageShsOut": 702200000,
    "weightedAverageShsOutDil": 716100000,
    "link": "https://www.sec.gov/Archives/edgar/data/313616/000031361615000038/0000313616-15-000038-index.htm",
    "finalLink": "https://www.sec.gov/Archives/edgar/data/313616/000031361615000038/dhr-20141231x10xk.htm"
  },
  {
    "date": "2013-12-31",
    "symbol": "DHR",
    "reportedCurrency": "USD",
    "cik": "0000313616",
    "fillingDate": "2014-02-21",
    "acceptedDate": "2014-02-21 08:57:03",
    "calendarYear": "2013",
    "period": "FY",
    "revenue": 19118000000,
    "costOfRevenue": 9133900000,
    "grossProfit": 9984100000,
    "grossProfitRatio": 0.5222355895,
    "researchAndDevelopmentExpenses": 1249900000,
    "generalAndAdministrativeExpenses": 0,
    "sellingAndMarketingExpenses": 0,
    "sellingGeneralAndAdministrativeExpenses": 5366300000,
    "otherExpenses": 0,
    "operatingExpenses": 6616200000,
    "costAndExpenses": 15750100000,
    "interestIncome": 5700000,
    "interestExpense": 145900000,
    "depreciationAndAmortization": 895000000,
    "ebitda": 4606900000,
    "ebitdaratio": 0.240971859,
    "operatingIncome": 3367900000,
    "operatingIncomeRatio": 0.1761638247,
    "totalOtherIncomeExpensesNet": 198100000,
    "incomeBeforeTax": 3566000000,
    "incomeBeforeTaxRatio": 0.1865257872,
    "incomeTaxExpense": 871000000,
    "netIncome": 2695000000,
    "netIncomeRatio": 0.1409666283,
    "eps": 3.87,
    "epsdiluted": 3.8,
    "weightedAverageShsOut": 696000000,
    "weightedAverageShsOutDil": 711000000,
    "link": "https://www.sec.gov/Archives/edgar/data/313616/000031361614000023/0000313616-14-000023-index.htm",
    "finalLink": "https://www.sec.gov/Archives/edgar/data/313616/000031361614000023/dhr-20131231x10xk.htm"
  },
  {
    "date": "2012-12-31",
    "symbol": "DHR",
    "reportedCurrency": "USD",
    "cik": "0000313616",
    "fillingDate": "2013-02-22",
    "acceptedDate": "2013-02-22 08:11:26",
    "calendarYear": "2012",
    "period": "FY",
    "revenue": 18260400000,
    "costOfRevenue": 8812000000,
    "grossProfit": 9448400000,
    "grossProfitRatio": 0.5174256862,
    "researchAndDevelopmentExpenses": 1137900000,
    "generalAndAdministrativeExpenses": 0,
    "sellingAndMarketingExpenses": 0,
    "sellingGeneralAndAdministrativeExpenses": 5114600000,
    "otherExpenses": 0,
    "operatingExpenses": 6252500000,
    "costAndExpenses": 15064500000,
    "interestIncome": 3200000,
    "interestExpense": 157500000,
    "depreciationAndAmortization": 839800000,
    "ebitda": 4008100000,
    "ebitdaratio": 0.2194968347,
    "operatingIncome": 3195900000,
    "operatingIncomeRatio": 0.1750180719,
    "totalOtherIncomeExpensesNet": -185100000,
    "incomeBeforeTax": 3010800000,
    "incomeBeforeTaxRatio": 0.1648813827,
    "incomeTaxExpense": 711500000,
    "netIncome": 2298500000,
    "netIncomeRatio": 0.1258734748,
    "eps": 3.45,
    "epsdiluted": 3.36,
    "weightedAverageShsOut": 693400000,
    "weightedAverageShsOutDil": 713100000,
    "link": "https://www.sec.gov/Archives/edgar/data/313616/000031361613000026/0000313616-13-000026-index.htm",
    "finalLink": "https://www.sec.gov/Archives/edgar/data/313616/000031361613000026/dhr-20121231x10xk.htm"
  },
  {
    "date": "2011-12-31",
    "symbol": "DHR",
    "reportedCurrency": "USD",
    "cik": "0000313616",
    "fillingDate": "2012-02-24",
    "acceptedDate": "2012-02-24 07:39:45",
    "calendarYear": "2011",
    "period": "FY",
    "revenue": 16090540000,
    "costOfRevenue": 7845976000,
    "grossProfit": 8244564000,
    "grossProfitRatio": 0.5123857869,
    "researchAndDevelopmentExpenses": 1018526000,
    "generalAndAdministrativeExpenses": 0,
    "sellingAndMarketingExpenses": 0,
    "sellingGeneralAndAdministrativeExpenses": 4488292000,
    "otherExpenses": 0,
    "operatingExpenses": 5506818000,
    "costAndExpenses": 13352794000,
    "interestIncome": 5147000,
    "interestExpense": 141637000,
    "depreciationAndAmortization": 634934000,
    "ebitda": 3224420000,
    "ebitdaratio": 0.2003922802,
    "operatingIncome": 2737746000,
    "operatingIncomeRatio": 0.1701463096,
    "totalOtherIncomeExpensesNet": -289897000,
    "incomeBeforeTax": 2447849000,
    "incomeBeforeTaxRatio": 0.1521296986,
    "incomeTaxExpense": 512562000,
    "netIncome": 1970564000,
    "netIncomeRatio": 0.1224672385,
    "eps": 3.21,
    "epsdiluted": 3.11,
    "weightedAverageShsOut": 676200000,
    "weightedAverageShsOutDil": 701200000,
    "link": "https://www.sec.gov/Archives/edgar/data/313616/000119312512076756/0001193125-12-076756-index.htm",
    "finalLink": "https://www.sec.gov/Archives/edgar/data/313616/000119312512076756/d257309d10k.htm"
  },
  {
    "date": "2010-12-31",
    "symbol": "DHR",
    "reportedCurrency": "USD",
    "cik": "0000313616",
    "fillingDate": "2011-02-24",
    "acceptedDate": "2011-02-24 07:23:21",
    "calendarYear": "2010",
    "period": "FY",
    "revenue": 13202602000,
    "costOfRevenue": 6575812000,
    "grossProfit": 6626790000,
    "grossProfitRatio": 0.5019306043,
    "researchAndDevelopmentExpenses": 809481000,
    "generalAndAdministrativeExpenses": 0,
    "sellingAndMarketingExpenses": 0,
    "sellingGeneralAndAdministrativeExpenses": 3583703000,
    "otherExpenses": 0,
    "operatingExpenses": 4393184000,
    "costAndExpenses": 10968996000,
    "interestIncome": 6069000,
    "interestExpense": 120775000,
    "depreciationAndAmortization": 397082000,
    "ebitda": 2860562000,
    "ebitdaratio": 0.2166665329,
    "operatingIncome": 2233606000,
    "operatingIncomeRatio": 0.1691792269,
    "totalOtherIncomeExpensesNet": 109099000,
    "incomeBeforeTax": 2342705000,
    "incomeBeforeTaxRatio": 0.1774426738,
    "incomeTaxExpense": 549705000,
    "netIncome": 1793000000,
    "netIncomeRatio": 0.135806563,
    "eps": 2.74,
    "epsdiluted": 2.64,
    "weightedAverageShsOut": 653200000,
    "weightedAverageShsOutDil": 683300000,
    "link": "https://www.sec.gov/Archives/edgar/data/313616/000119312511044412/0001193125-11-044412-index.htm",
    "finalLink": "https://www.sec.gov/Archives/edgar/data/313616/000119312511044412/d10k.htm"
  },
  {
    "date": "2009-12-31",
    "symbol": "DHR",
    "reportedCurrency": "USD",
    "cik": "0000313616",
    "fillingDate": "2010-02-24",
    "acceptedDate": "2010-02-24 16:48:02",
    "calendarYear": "2009",
    "period": "FY",
    "revenue": 11184938000,
    "costOfRevenue": 5782918000,
    "grossProfit": 5402020000,
    "grossProfitRatio": 0.4829727264,
    "researchAndDevelopmentExpenses": 632651000,
    "generalAndAdministrativeExpenses": 0,
    "sellingAndMarketingExpenses": 0,
    "sellingGeneralAndAdministrativeExpenses": 3036511000,
    "otherExpenses": 0,
    "operatingExpenses": 3669162000,
    "costAndExpenses": 9452080000,
    "interestIncome": 5034000,
    "interestExpense": 122656000,
    "depreciationAndAmortization": 341587000,
    "ebitda": 1889097000,
    "ebitdaratio": 0.1688965106,
    "operatingIncome": 1732858000,
    "operatingIncomeRatio": 0.1549278145,
    "totalOtherIncomeExpensesNet": -308004000,
    "incomeBeforeTax": 1424854000,
    "incomeBeforeTaxRatio": 0.1273904245,
    "incomeTaxExpense": 273150000,
    "netIncome": 1151704000,
    "netIncomeRatio": 0.1029691895,
    "eps": 1.8,
    "epsdiluted": 1.73,
    "weightedAverageShsOut": 641530000,
    "weightedAverageShsOutDil": 671484000,
    "link": "https://www.sec.gov/Archives/edgar/data/313616/000119312510038977/0001193125-10-038977-index.htm",
    "finalLink": "https://www.sec.gov/Archives/edgar/data/313616/000119312510038977/d10k.htm"
  },
  {
    "date": "2008-12-31",
    "symbol": "DHR",
    "reportedCurrency": "USD",
    "cik": "0000313616",
    "fillingDate": "2009-02-25",
    "acceptedDate": "2009-02-25 16:49:18",
    "calendarYear": "2008",
    "period": "FY",
    "revenue": 12697456000,
    "costOfRevenue": 6724132000,
    "grossProfit": 5973324000,
    "grossProfitRatio": 0.4704347076,
    "researchAndDevelopmentExpenses": 725443000,
    "generalAndAdministrativeExpenses": 0,
    "sellingAndMarketingExpenses": 0,
    "sellingGeneralAndAdministrativeExpenses": 3296439000,
    "otherExpenses": 0,
    "operatingExpenses": 4021882000,
    "costAndExpenses": 10746014000,
    "interestIncome": 10004000,
    "interestExpense": 130174000,
    "depreciationAndAmortization": 339287000,
    "ebitda": 2218768000,
    "ebitdaratio": 0.174741145,
    "operatingIncome": 1951442000,
    "operatingIncomeRatio": 0.1536876363,
    "totalOtherIncomeExpensesNet": -202135000,
    "incomeBeforeTax": 1749307000,
    "incomeBeforeTaxRatio": 0.1377683057,
    "incomeTaxExpense": 431676000,
    "netIncome": 1317631000,
    "netIncomeRatio": 0.1037712594,
    "eps": 2.07,
    "epsdiluted": 1.98,
    "weightedAverageShsOut": 638722000,
    "weightedAverageShsOutDil": 671726000,
    "link": "https://www.sec.gov/Archives/edgar/data/313616/000119312509037468/0001193125-09-037468-index.htm",
    "finalLink": "https://www.sec.gov/Archives/edgar/data/313616/000119312509037468/d10k.htm"
  },
  {
    "date": "2007-12-31",
    "symbol": "DHR",
    "reportedCurrency": "USD",
    "cik": "0000313616",
    "fillingDate": "2008-02-21",
    "acceptedDate": "2008-02-20 18:51:10",
    "calendarYear": "2007",
    "period": "FY",
    "revenue": 11025917000,
    "costOfRevenue": 5985022000,
    "grossProfit": 5040895000,
    "grossProfitRatio": 0.45718601,
    "researchAndDevelopmentExpenses": 601424000,
    "generalAndAdministrativeExpenses": 0,
    "sellingAndMarketingExpenses": 0,
    "sellingGeneralAndAdministrativeExpenses": 2713097000,
    "otherExpenses": 0,
    "operatingExpenses": 3314521000,
    "costAndExpenses": 9299543000,
    "interestIncome": 6092000,
    "interestExpense": 109702000,
    "depreciationAndAmortization": 268492000,
    "ebitda": 2015293000,
    "ebitdaratio": 0.1827778134,
    "operatingIncome": 1726374000,
    "operatingIncomeRatio": 0.1565741879,
    "totalOtherIncomeExpensesNet": -89275000,
    "incomeBeforeTax": 1637099000,
    "incomeBeforeTaxRatio": 0.1484773557,
    "incomeTaxExpense": 423101000,
    "netIncome": 1220270000,
    "netIncomeRatio": 0.110672881,
    "eps": 2.2,
    "epsdiluted": 2.1,
    "weightedAverageShsOut": 622450000,
    "weightedAverageShsOutDil": 658918000,
    "link": "https://www.sec.gov/Archives/edgar/data/313616/000119312508034637/0001193125-08-034637-index.htm",
    "finalLink": "https://www.sec.gov/Archives/edgar/data/313616/000119312508034637/d10k.htm"
  },
  {
    "date": "2006-12-31",
    "symbol": "DHR",
    "reportedCurrency": "USD",
    "cik": "0000313616",
    "fillingDate": "2007-03-01",
    "acceptedDate": "2007-03-01 08:27:43",
    "calendarYear": "2006",
    "period": "FY",
    "revenue": 9596404000,
    "costOfRevenue": 5353021000,
    "grossProfit": 4243383000,
    "grossProfitRatio": 0.4421846975,
    "researchAndDevelopmentExpenses": 446000000,
    "generalAndAdministrativeExpenses": 0,
    "sellingAndMarketingExpenses": 0,
    "sellingGeneralAndAdministrativeExpenses": 2291269000,
    "otherExpenses": 0,
    "operatingExpenses": 2737269000,
    "costAndExpenses": 8090290000,
    "interestIncome": 8007999,
    "interestExpense": 79829000,
    "depreciationAndAmortization": 217190000,
    "ebitda": 1743191000,
    "ebitdaratio": 0.1816504391,
    "operatingIncome": 1506114000,
    "operatingIncomeRatio": 0.1569456642,
    "totalOtherIncomeExpensesNet": -59942000,
    "incomeBeforeTax": 1446172000,
    "incomeBeforeTaxRatio": 0.1506993661,
    "incomeTaxExpense": 324143000,
    "netIncome": 1122029000,
    "netIncomeRatio": 0.1169218178,
    "eps": 1.82,
    "epsdiluted": 1.74,
    "weightedAverageShsOut": 615968000,
    "weightedAverageShsOutDil": 650502000,
    "link": "https://www.sec.gov/Archives/edgar/data/313616/000119312507043522/0001193125-07-043522-index.htm",
    "finalLink": "https://www.sec.gov/Archives/edgar/data/313616/000119312507043522/d10k.htm"
  },
  {
    "date": "2005-12-31",
    "symbol": "DHR",
    "reportedCurrency": "USD",
    "cik": "0000313616",
    "fillingDate": "2006-03-15",
    "acceptedDate": "2006-03-15 17:09:04",
    "calendarYear": "2005",
    "period": "FY",
    "revenue": 7984704000,
    "costOfRevenue": 4539689000,
    "grossProfit": 3445015000,
    "grossProfitRatio": 0.4314518109,
    "researchAndDevelopmentExpenses": 379000000,
    "generalAndAdministrativeExpenses": 0,
    "sellingAndMarketingExpenses": 0,
    "sellingGeneralAndAdministrativeExpenses": 1791751000,
    "otherExpenses": 0,
    "operatingExpenses": 2170751000,
    "costAndExpenses": 6710440000,
    "interestIncome": 14707000,
    "interestExpense": 44933000,
    "depreciationAndAmortization": 176972000,
    "ebitda": 1456347000,
    "ebitdaratio": 0.1823921087,
    "operatingIncome": 1274264000,
    "operatingIncomeRatio": 0.1595881325,
    "totalOtherIncomeExpensesNet": -39822000,
    "incomeBeforeTax": 1234442000,
    "incomeBeforeTaxRatio": 0.1546008468,
    "incomeTaxExpense": 336642000,
    "netIncome": 897800000,
    "netIncomeRatio": 0.1124399853,
    "eps": 1.46,
    "epsdiluted": 1.38,
    "weightedAverageShsOut": 617810000,
    "weightedAverageShsOutDil": 655966000,
    "link": "https://www.sec.gov/Archives/edgar/data/313616/000119312506055148/0001193125-06-055148-index.htm",
    "finalLink": "https://www.sec.gov/Archives/edgar/data/313616/000119312506055148/d10k.htm"
  },
  {
    "date": "2004-12-31",
    "symbol": "DHR",
    "reportedCurrency": "USD",
    "cik": "0000313616",
    "fillingDate": "2005-03-07",
    "acceptedDate": "2005-03-07 16:40:19",
    "calendarYear": "2004",
    "period": "FY",
    "revenue": 6889301000,
    "costOfRevenue": 3996636000,
    "grossProfit": 2892665000,
    "grossProfitRatio": 0.4198778657,
    "researchAndDevelopmentExpenses": 294000000,
    "generalAndAdministrativeExpenses": 0,
    "sellingAndMarketingExpenses": 0,
    "sellingGeneralAndAdministrativeExpenses": 1501673000,
    "otherExpenses": 0,
    "operatingExpenses": 1795673000,
    "costAndExpenses": 5792309000,
    "interestIncome": 7568000,
    "interestExpense": 54984000,
    "depreciationAndAmortization": 156128000,
    "ebitda": 1268829000,
    "ebitdaratio": 0.1841738371,
    "operatingIncome": 1096992000,
    "operatingIncomeRatio": 0.1592312486,
    "totalOtherIncomeExpensesNet": -39274999,
    "incomeBeforeTax": 1057717000,
    "incomeBeforeTaxRatio": 0.1535303799,
    "incomeTaxExpense": 311717000,
    "netIncome": 746000000,
    "netIncomeRatio": 0.1082838448,
    "eps": 1.21,
    "epsdiluted": 1.15,
    "weightedAverageShsOut": 617928000,
    "weightedAverageShsOutDil": 655402000,
    "link": "https://www.sec.gov/Archives/edgar/data/313616/000119312505043666/0001193125-05-043666-index.htm",
    "finalLink": "https://www.sec.gov/Archives/edgar/data/313616/000119312505043666/d10k.htm"
  },
  {
    "date": "2003-12-31",
    "symbol": "DHR",
    "reportedCurrency": "USD",
    "cik": "0000313616",
    "fillingDate": "2004-03-10",
    "acceptedDate": "2004-03-09 18:34:23",
    "calendarYear": "2003",
    "period": "FY",
    "revenue": 5293876000,
    "costOfRevenue": 3154809000,
    "grossProfit": 2139067000,
    "grossProfitRatio": 0.4040644322,
    "researchAndDevelopmentExpenses": 0,
    "generalAndAdministrativeExpenses": 0,
    "sellingAndMarketingExpenses": 0,
    "sellingGeneralAndAdministrativeExpenses": 1315572000,
    "otherExpenses": -22500000,
    "operatingExpenses": 1293072000,
    "costAndExpenses": 4447881000,
    "interestIncome": 0,
    "interestExpense": 0,
    "depreciationAndAmortization": 133436000,
    "ebitda": 979431000,
    "ebitdaratio": 0.1850120781,
    "operatingIncome": 845995000,
    "operatingIncomeRatio": 0.1598063498,
    "totalOtherIncomeExpensesNet": -48960000,
    "incomeBeforeTax": 797035000,
    "incomeBeforeTaxRatio": 0.1505579277,
    "incomeTaxExpense": 260201000,
    "netIncome": 536834000,
    "netIncomeRatio": 0.1014066064,
    "eps": 0.88,
    "epsdiluted": 0.84,
    "weightedAverageShsOut": 613584000,
    "weightedAverageShsOutDil": 646280000,
    "link": "https://www.sec.gov/Archives/edgar/data/313616/000110465904006799/0001104659-04-006799-index.htm",
    "finalLink": "https://www.sec.gov/Archives/edgar/data/313616/000110465904006799/a04-3138_110k.htm"
  },
  {
    "date": "2002-12-31",
    "symbol": "DHR",
    "reportedCurrency": "USD",
    "cik": "0000313616",
    "fillingDate": "2003-03-28",
    "acceptedDate": "2003-03-28 16:17:48",
    "calendarYear": "2002",
    "period": "FY",
    "revenue": 4577232000,
    "costOfRevenue": 2791175000,
    "grossProfit": 1786057000,
    "grossProfitRatio": 0.390204604,
    "researchAndDevelopmentExpenses": 0,
    "generalAndAdministrativeExpenses": 0,
    "sellingAndMarketingExpenses": 0,
    "sellingGeneralAndAdministrativeExpenses": 1091208000,
    "otherExpenses": 0,
    "operatingExpenses": 1091208000,
    "costAndExpenses": 3882383000,
    "interestIncome": 0,
    "interestExpense": 43654000,
    "depreciationAndAmortization": 129565000,
    "ebitda": 824414000,
    "ebitdaratio": 0.1801119104,
    "operatingIncome": 701122000,
    "operatingIncomeRatio": 0.1531759806,
    "totalOtherIncomeExpensesNet": -43654000,
    "incomeBeforeTax": 657468000,
    "incomeBeforeTaxRatio": 0.1436387756,
    "incomeTaxExpense": 223327000,
    "netIncome": 290391000,
    "netIncomeRatio": 0.063442491,
    "eps": 0.48,
    "epsdiluted": 0.47,
    "weightedAverageShsOut": 600896000,
    "weightedAverageShsOutDil": 633928000,
    "link": "https://www.sec.gov/Archives/edgar/data/313616/000092838503000928/0000928385-03-000928-index.htm",
    "finalLink": "https://www.sec.gov/Archives/edgar/data/313616/000092838503000928/d10k.htm"
  },
  {
    "date": "2001-12-31",
    "symbol": "DHR",
    "reportedCurrency": "USD",
    "cik": "0000313616",
    "fillingDate": "2002-03-28",
    "acceptedDate": "2002-03-28 00:00:00",
    "calendarYear": "2001",
    "period": "FY",
    "revenue": 3782444000,
    "costOfRevenue": 2338027000,
    "grossProfit": 1444417000,
    "grossProfitRatio": 0.3818739947,
    "researchAndDevelopmentExpenses": 0,
    "generalAndAdministrativeExpenses": 0,
    "sellingAndMarketingExpenses": 0,
    "sellingGeneralAndAdministrativeExpenses": 872680000,
    "otherExpenses": 0,
    "operatingExpenses": 872680000,
    "costAndExpenses": 3210707000,
    "interestIncome": 0,
    "interestExpense": 0,
    "depreciationAndAmortization": 178390000,
    "ebitda": 750127000,
    "ebitdaratio": 0.1983180716,
    "operatingIncome": 502011000,
    "operatingIncomeRatio": 0.1327213304,
    "totalOtherIncomeExpensesNet": -25747000,
    "incomeBeforeTax": 476264000,
    "incomeBeforeTaxRatio": 0.1259143559,
    "incomeTaxExpense": 178599000,
    "netIncome": 297665000,
    "netIncomeRatio": 0.0786964724,
    "eps": 0.52,
    "epsdiluted": 0.5,
    "weightedAverageShsOut": 574520000,
    "weightedAverageShsOutDil": 607392000,
    "link": "https://www.sec.gov/Archives/edgar/data/313616/000092838502001161/0000928385-02-001161-index.htm",
    "finalLink": "https://www.sec.gov/Archives/edgar/data/313616/000092838502001161/d10k405.txt"
  },
  {
    "date": "2000-12-31",
    "symbol": "DHR",
    "reportedCurrency": "USD",
    "cik": "0000313616",
    "fillingDate": "2001-03-29",
    "acceptedDate": "2001-03-29 00:00:00",
    "calendarYear": "2000",
    "period": "FY",
    "revenue": 3777777000,
    "costOfRevenue": 2166010000,
    "grossProfit": 1611767000,
    "grossProfitRatio": 0.4266442937,
    "researchAndDevelopmentExpenses": 0,
    "generalAndAdministrativeExpenses": 0,
    "sellingAndMarketingExpenses": 0,
    "sellingGeneralAndAdministrativeExpenses": 909897000,
    "otherExpenses": 149721000,
    "operatingExpenses": 1059618000,
    "costAndExpenses": 3225628000,
    "interestIncome": 0,
    "interestExpense": 0,
    "depreciationAndAmortization": 149721000,
    "ebitda": 701870000,
    "ebitdaratio": 0.1857891559,
    "operatingIncome": 552149000,
    "operatingIncomeRatio": 0.1461571183,
    "totalOtherIncomeExpensesNet": -29225000,
    "incomeBeforeTax": 522924000,
    "incomeBeforeTaxRatio": 0.1384210873,
    "incomeTaxExpense": 198711000,
    "netIncome": 324213000,
    "netIncomeRatio": 0.0858211059,
    "eps": 0.57,
    "epsdiluted": 0.56,
    "weightedAverageShsOut": 569876000,
    "weightedAverageShsOutDil": 581996000,
    "link": "https://www.sec.gov/Archives/edgar/data/313616/000092838501500160/0000928385-01-500160-index.htm",
    "finalLink": "https://www.sec.gov/Archives/edgar/data/313616/000092838501500160/d10k405.txt"
  },
  {
    "date": "1999-12-31",
    "symbol": "DHR",
    "reportedCurrency": "USD",
    "cik": "0000313616",
    "fillingDate": "2000-03-21",
    "acceptedDate": "2000-03-21 00:00:00",
    "calendarYear": "1999",
    "period": "FY",
    "revenue": 3197200000,
    "costOfRevenue": 1834400000,
    "grossProfit": 1362800000,
    "grossProfitRatio": 0.426247967,
    "researchAndDevelopmentExpenses": 0,
    "generalAndAdministrativeExpenses": 0,
    "sellingAndMarketingExpenses": 0,
    "sellingGeneralAndAdministrativeExpenses": 778400000,
    "otherExpenses": 126400000,
    "operatingExpenses": 904800000,
    "costAndExpenses": 2739200000,
    "interestIncome": 0,
    "interestExpense": 0,
    "depreciationAndAmortization": 126400000,
    "ebitda": 584400000,
    "ebitdaratio": 0.1827849368,
    "operatingIncome": 458000000,
    "operatingIncomeRatio": 0.1432503441,
    "totalOtherIncomeExpensesNet": -28500000,
    "incomeBeforeTax": 429500000,
    "incomeBeforeTaxRatio": 0.1343362943,
    "incomeTaxExpense": 167900000,
    "netIncome": 261600000,
    "netIncomeRatio": 0.0818215939,
    "eps": 0.46,
    "epsdiluted": 0.45,
    "weightedAverageShsOut": 567328000,
    "weightedAverageShsOutDil": 584356000,
    "link": "https://www.sec.gov/Archives/edgar/data/313616/000092838500000790/0000928385-00-000790-index.html",
    "finalLink": "https://www.sec.gov/Archives/edgar/data/313616/000092838500000790/"
  },
  {
    "date": "1998-12-31",
    "symbol": "DHR",
    "reportedCurrency": "USD",
    "cik": "0000313616",
    "fillingDate": "1999-03-19",
    "acceptedDate": "1999-03-19 00:00:00",
    "calendarYear": "1998",
    "period": "FY",
    "revenue": 2910000000,
    "costOfRevenue": 1712400000,
    "grossProfit": 1197600000,
    "grossProfitRatio": 0.4115463918,
    "researchAndDevelopmentExpenses": 0,
    "generalAndAdministrativeExpenses": 0,
    "sellingAndMarketingExpenses": 0,
    "sellingGeneralAndAdministrativeExpenses": 722100000,
    "otherExpenses": 108700000,
    "operatingExpenses": 830800000,
    "costAndExpenses": 2543200000,
    "interestIncome": 0,
    "interestExpense": 0,
    "depreciationAndAmortization": 108700000,
    "ebitda": 498700000,
    "ebitdaratio": 0.1713745704,
    "operatingIncome": 366800000,
    "operatingIncomeRatio": 0.12604811,
    "totalOtherIncomeExpensesNet": -49800000,
    "incomeBeforeTax": 301100000,
    "incomeBeforeTaxRatio": 0.1034707904,
    "incomeTaxExpense": 118200000,
    "netIncome": 182900000,
    "netIncomeRatio": 0.0628522337,
    "eps": 0.34,
    "epsdiluted": 0.33,
    "weightedAverageShsOut": 559264000,
    "weightedAverageShsOutDil": 575948000,
    "link": "https://www.sec.gov/Archives/edgar/data/313616/000031361699000002/0000313616-99-000002-index.html",
    "finalLink": "https://www.sec.gov/Archives/edgar/data/313616/"
  },
  {
    "date": "1997-12-31",
    "symbol": "DHR",
    "reportedCurrency": "USD",
    "cik": "0000313616",
    "fillingDate": "1998-03-17",
    "acceptedDate": "1998-03-17 00:00:00",
    "calendarYear": "1997",
    "period": "FY",
    "revenue": 2051000000,
    "costOfRevenue": 1306400000,
    "grossProfit": 744600000,
    "grossProfitRatio": 0.3630424183,
    "researchAndDevelopmentExpenses": 0,
    "generalAndAdministrativeExpenses": 0,
    "sellingAndMarketingExpenses": 0,
    "sellingGeneralAndAdministrativeExpenses": 401600000,
    "otherExpenses": 76100000,
    "operatingExpenses": 477700000,
    "costAndExpenses": 1784100000,
    "interestIncome": 0,
    "interestExpense": 0,
    "depreciationAndAmortization": 76100000,
    "ebitda": 343000000,
    "ebitdaratio": 0.1672354949,
    "operatingIncome": 266900000,
    "operatingIncomeRatio": 0.1301316431,
    "totalOtherIncomeExpensesNet": -12900000,
    "incomeBeforeTax": 253800000,
    "incomeBeforeTaxRatio": 0.1237445149,
    "incomeTaxExpense": 99000000,
    "netIncome": 154800000,
    "netIncomeRatio": 0.0754753779,
    "eps": 0.33,
    "epsdiluted": 0.32,
    "weightedAverageShsOut": 571515152,
    "weightedAverageShsOutDil": 589375000,
    "link": "https://www.sec.gov/Archives/edgar/data/313616/000031361698000004/0000313616-98-000004-index.html",
    "finalLink": "https://www.sec.gov/Archives/edgar/data/313616/"
  },
  {
    "date": "1996-12-31",
    "symbol": "DHR",
    "reportedCurrency": "USD",
    "cik": "0000313616",
    "fillingDate": "1997-04-28",
    "acceptedDate": "1997-04-28 00:00:00",
    "calendarYear": "1996",
    "period": "FY",
    "revenue": 1811900000,
    "costOfRevenue": 1171200000,
    "grossProfit": 640700000,
    "grossProfitRatio": 0.3536067112,
    "researchAndDevelopmentExpenses": 0,
    "generalAndAdministrativeExpenses": 0,
    "sellingAndMarketingExpenses": 0,
    "sellingGeneralAndAdministrativeExpenses": 345900000,
    "otherExpenses": 68600000,
    "operatingExpenses": 414500000,
    "costAndExpenses": 1585700000,
    "interestIncome": 0,
    "interestExpense": 0,
    "depreciationAndAmortization": 68600000,
    "ebitda": 294800000,
    "ebitdaratio": 0.1627021359,
    "operatingIncome": 226200000,
    "operatingIncomeRatio": 0.1248413268,
    "totalOtherIncomeExpensesNet": -16800000,
    "incomeBeforeTax": 209800000,
    "incomeBeforeTaxRatio": 0.1157900546,
    "incomeTaxExpense": 81800000,
    "netIncome": 207800000,
    "netIncomeRatio": 0.114686241,
    "eps": 0.44,
    "epsdiluted": 0.43,
    "weightedAverageShsOut": 532272727,
    "weightedAverageShsOutDil": 544651163,
    "link": "https://www.sec.gov/Archives/edgar/data/313616/000031361697000024/0000313616-97-000024-index.html",
    "finalLink": "https://www.sec.gov/Archives/edgar/data/313616/"
  },
  {
    "date": "1995-12-31",
    "symbol": "DHR",
    "reportedCurrency": "USD",
    "cik": "0000313616",
    "fillingDate": "1996-03-21",
    "acceptedDate": "1996-03-21 00:00:00",
    "calendarYear": "1995",
    "period": "FY",
    "revenue": 1486800000,
    "costOfRevenue": 981100000,
    "grossProfit": 505700000,
    "grossProfitRatio": 0.3401264461,
    "researchAndDevelopmentExpenses": 0,
    "generalAndAdministrativeExpenses": 0,
    "sellingAndMarketingExpenses": 0,
    "sellingGeneralAndAdministrativeExpenses": 266900000,
    "otherExpenses": 58500000,
    "operatingExpenses": 325400000,
    "costAndExpenses": 1306500000,
    "interestIncome": 0,
    "interestExpense": 0,
    "depreciationAndAmortization": 58500000,
    "ebitda": 238800000,
    "ebitdaratio": 0.1606133979,
    "operatingIncome": 180300000,
    "operatingIncomeRatio": 0.1212671509,
    "totalOtherIncomeExpensesNet": -7200000,
    "incomeBeforeTax": 173100000,
    "incomeBeforeTaxRatio": 0.1164245359,
    "incomeTaxExpense": 67300000,
    "netIncome": 108400000,
    "netIncomeRatio": 0.0729082593,
    "eps": 0.23,
    "epsdiluted": 0.23,
    "weightedAverageShsOut": 471304348,
    "weightedAverageShsOutDil": 476483516,
    "link": "https://www.sec.gov/Archives/edgar/data/313616/000031361696000001/0000313616-96-000001-index.html",
    "finalLink": "https://www.sec.gov/Archives/edgar/data/313616/"
  },
  {
    "date": "1994-12-31",
    "symbol": "DHR",
    "reportedCurrency": "USD",
    "cik": "0000313616",
    "fillingDate": "1995-04-27",
    "acceptedDate": "1995-04-27 00:00:00",
    "calendarYear": "1994",
    "period": "FY",
    "revenue": 1288700000,
    "costOfRevenue": 889700000,
    "grossProfit": 399000000,
    "grossProfitRatio": 0.30961434,
    "researchAndDevelopmentExpenses": 0,
    "generalAndAdministrativeExpenses": 0,
    "sellingAndMarketingExpenses": 0,
    "sellingGeneralAndAdministrativeExpenses": 208500000,
    "otherExpenses": 44600000,
    "operatingExpenses": 253100000,
    "costAndExpenses": 1142800000,
    "interestIncome": 0,
    "interestExpense": 0,
    "depreciationAndAmortization": 44600000,
    "ebitda": 190500000,
    "ebitdaratio": 0.1478233879,
    "operatingIncome": 145900000,
    "operatingIncomeRatio": 0.1132148677,
    "totalOtherIncomeExpensesNet": -9300000,
    "incomeBeforeTax": 136600000,
    "incomeBeforeTaxRatio": 0.1059982929,
    "incomeTaxExpense": 54900000,
    "netIncome": 81700000,
    "netIncomeRatio": 0.063397222,
    "eps": 0.18,
    "epsdiluted": 0.18,
    "weightedAverageShsOut": 460473684,
    "weightedAverageShsOutDil": 460473684,
    "link": "https://www.sec.gov/Archives/edgar/data/313616/000031361695000006/0000313616-95-000006-index.html",
    "finalLink": "https://www.sec.gov/Archives/edgar/data/313616/"
  },
  {
    "date": "1993-12-31",
    "symbol": "DHR",
    "reportedCurrency": "USD",
    "cik": "0000313616",
    "fillingDate": "1994-03-23",
    "acceptedDate": "1994-03-23 00:00:00",
    "calendarYear": "1993",
    "period": "FY",
    "revenue": 1067100000,
    "costOfRevenue": 753000000,
    "grossProfit": 314100000,
    "grossProfitRatio": 0.2943491706,
    "researchAndDevelopmentExpenses": 0,
    "generalAndAdministrativeExpenses": 0,
    "sellingAndMarketingExpenses": 0,
    "sellingGeneralAndAdministrativeExpenses": 180200000,
    "otherExpenses": 40900000,
    "operatingExpenses": 221100000,
    "costAndExpenses": 974100000,
    "interestIncome": 0,
    "interestExpense": 0,
    "depreciationAndAmortization": 40900000,
    "ebitda": 133900000,
    "ebitdaratio": 0.1254802736,
    "operatingIncome": 93000000,
    "operatingIncomeRatio": 0.0871520945,
    "totalOtherIncomeExpensesNet": -2000000,
    "incomeBeforeTax": 91000000,
    "incomeBeforeTaxRatio": 0.0852778559,
    "incomeTaxExpense": 37300000,
    "netIncome": 17700000,
    "netIncomeRatio": 0.0165870115,
    "eps": 0.04,
    "epsdiluted": 0.04,
    "weightedAverageShsOut": 442500000,
    "weightedAverageShsOutDil": 442500000,
    "link": "https://www.sec.gov/Archives/edgar/data/313616/000031361694000004/0000313616-94-000004-index.html",
    "finalLink": "https://www.sec.gov/Archives/edgar/data/313616/0000313616-94-000004.txt"
  },
  {
    "date": "1992-12-31",
    "symbol": "DHR",
    "reportedCurrency": "USD",
    "cik": "0000313616",
    "fillingDate": "1992-12-31",
    "acceptedDate": "1992-12-30 19:00:00",
    "calendarYear": "1992",
    "period": "FY",
    "revenue": 949000000,
    "costOfRevenue": 670300000,
    "grossProfit": 278700000,
    "grossProfitRatio": 0.2936775553,
    "researchAndDevelopmentExpenses": 0,
    "generalAndAdministrativeExpenses": 0,
    "sellingAndMarketingExpenses": 0,
    "sellingGeneralAndAdministrativeExpenses": 180600000,
    "otherExpenses": 37100000,
    "operatingExpenses": 217700000,
    "costAndExpenses": 888000000,
    "interestIncome": 0,
    "interestExpense": 0,
    "depreciationAndAmortization": 37100000,
    "ebitda": 98100000,
    "ebitdaratio": 0.1033719705,
    "operatingIncome": 61000000,
    "operatingIncomeRatio": 0.0642781876,
    "totalOtherIncomeExpensesNet": -4300000,
    "incomeBeforeTax": 56700000,
    "incomeBeforeTaxRatio": 0.0597471022,
    "incomeTaxExpense": 25100000,
    "netIncome": 31600000,
    "netIncomeRatio": 0.0332982086,
    "eps": 0.07,
    "epsdiluted": 0.07,
    "weightedAverageShsOut": 451428571,
    "weightedAverageShsOutDil": 451428571,
    "link": "",
    "finalLink": ""
  },
  {
    "date": "1991-12-31",
    "symbol": "DHR",
    "reportedCurrency": "USD",
    "cik": "0000313616",
    "fillingDate": "1991-12-31",
    "acceptedDate": "1991-12-30 19:00:00",
    "calendarYear": "1991",
    "period": "FY",
    "revenue": 831600000,
    "costOfRevenue": 601900000,
    "grossProfit": 229700000,
    "grossProfitRatio": 0.2762145262,
    "researchAndDevelopmentExpenses": 0,
    "generalAndAdministrativeExpenses": 0,
    "sellingAndMarketingExpenses": 0,
    "sellingGeneralAndAdministrativeExpenses": 161600000,
    "otherExpenses": 33200000,
    "operatingExpenses": 194800000,
    "costAndExpenses": 796700000,
    "interestIncome": 0,
    "interestExpense": 0,
    "depreciationAndAmortization": 33200000,
    "ebitda": 68100000,
    "ebitdaratio": 0.0818903319,
    "operatingIncome": 34900000,
    "operatingIncomeRatio": 0.041967292,
    "totalOtherIncomeExpensesNet": -8600000,
    "incomeBeforeTax": 26300000,
    "incomeBeforeTaxRatio": 0.0316257816,
    "incomeTaxExpense": 13000000,
    "netIncome": 13300000,
    "netIncomeRatio": 0.015993266,
    "eps": 0.03,
    "epsdiluted": 0.03,
    "weightedAverageShsOut": 443333333,
    "weightedAverageShsOutDil": 443333333,
    "link": "",
    "finalLink": ""
  },
  {
    "date": "1990-12-31",
    "symbol": "DHR",
    "reportedCurrency": "USD",
    "cik": "0000313616",
    "fillingDate": "1990-12-31",
    "acceptedDate": "1990-12-30 19:00:00",
    "calendarYear": "1990",
    "period": "FY",
    "revenue": 840000000,
    "costOfRevenue": 573300000,
    "grossProfit": 266700000,
    "grossProfitRatio": 0.3175,
    "researchAndDevelopmentExpenses": 0,
    "generalAndAdministrativeExpenses": 0,
    "sellingAndMarketingExpenses": 0,
    "sellingGeneralAndAdministrativeExpenses": 165500000,
    "otherExpenses": 25600000,
    "operatingExpenses": 191100000,
    "costAndExpenses": 764400000,
    "interestIncome": 0,
    "interestExpense": 0,
    "depreciationAndAmortization": 25600000,
    "ebitda": 101200000,
    "ebitdaratio": 0.1204761905,
    "operatingIncome": 75600000,
    "operatingIncomeRatio": 0.09,
    "totalOtherIncomeExpensesNet": -13500000,
    "incomeBeforeTax": 62100000,
    "incomeBeforeTaxRatio": 0.0739285714,
    "incomeTaxExpense": 26400000,
    "netIncome": 35700000,
    "netIncomeRatio": 0.0425,
    "eps": 0.085,
    "epsdiluted": 0.085,
    "weightedAverageShsOut": 420000000,
    "weightedAverageShsOutDil": 420000000,
    "link": "",
    "finalLink": ""
  },
  {
    "date": "1989-12-31",
    "symbol": "DHR",
    "reportedCurrency": "USD",
    "cik": "0000313616",
    "fillingDate": "1989-12-31",
    "acceptedDate": "1989-12-30 19:00:00",
    "calendarYear": "1989",
    "period": "FY",
    "revenue": 749100000,
    "costOfRevenue": 499100000,
    "grossProfit": 250000000,
    "grossProfitRatio": 0.3337338139,
    "researchAndDevelopmentExpenses": 0,
    "generalAndAdministrativeExpenses": 0,
    "sellingAndMarketingExpenses": 0,
    "sellingGeneralAndAdministrativeExpenses": 136900000,
    "otherExpenses": 19100000,
    "operatingExpenses": 156000000,
    "costAndExpenses": 655100000,
    "interestIncome": 0,
    "interestExpense": 0,
    "depreciationAndAmortization": 19100000,
    "ebitda": 113100000,
    "ebitdaratio": 0.1509811774,
    "operatingIncome": 94000000,
    "operatingIncomeRatio": 0.125483914,
    "totalOtherIncomeExpensesNet": -14900000,
    "incomeBeforeTax": 79100000,
    "incomeBeforeTaxRatio": 0.1055933787,
    "incomeTaxExpense": 32000000,
    "netIncome": 61100000,
    "netIncomeRatio": 0.0815645441,
    "eps": 0.16,
    "epsdiluted": 0.16,
    "weightedAverageShsOut": 376000000,
    "weightedAverageShsOutDil": 376000000,
    "link": "",
    "finalLink": ""
  },
  {
    "date": "1988-12-31",
    "symbol": "DHR",
    "reportedCurrency": "USD",
    "cik": "0000313616",
    "fillingDate": "1988-12-31",
    "acceptedDate": "1988-12-30 19:00:00",
    "calendarYear": "1988",
    "period": "FY",
    "revenue": 714600000,
    "costOfRevenue": 462000000,
    "grossProfit": 252600000,
    "grossProfitRatio": 0.3534844668,
    "researchAndDevelopmentExpenses": 0,
    "generalAndAdministrativeExpenses": 0,
    "sellingAndMarketingExpenses": 0,
    "sellingGeneralAndAdministrativeExpenses": 130400000,
    "otherExpenses": 17600000,
    "operatingExpenses": 148000000,
    "costAndExpenses": 610000000,
    "interestIncome": 0,
    "interestExpense": 0,
    "depreciationAndAmortization": 17600000,
    "ebitda": 122200000,
    "ebitdaratio": 0.1710047579,
    "operatingIncome": 104600000,
    "operatingIncomeRatio": 0.1463755947,
    "totalOtherIncomeExpensesNet": -31600000,
    "incomeBeforeTax": 73000000,
    "incomeBeforeTaxRatio": 0.1021550518,
    "incomeTaxExpense": 33000000,
    "netIncome": 39000000,
    "netIncomeRatio": 0.0545759866,
    "eps": 0.1,
    "epsdiluted": 0.1,
    "weightedAverageShsOut": 380487805,
    "weightedAverageShsOutDil": 390000000,
    "link": "",
    "finalLink": ""
  },
  {
    "date": "1987-12-31",
    "symbol": "DHR",
    "reportedCurrency": "USD",
    "cik": "0000313616",
    "fillingDate": "1987-12-31",
    "acceptedDate": "1987-12-30 19:00:00",
    "calendarYear": "1987",
    "period": "FY",
    "revenue": 615000000,
    "costOfRevenue": 406400000,
    "grossProfit": 208600000,
    "grossProfitRatio": 0.3391869919,
    "researchAndDevelopmentExpenses": 0,
    "generalAndAdministrativeExpenses": 0,
    "sellingAndMarketingExpenses": 0,
    "sellingGeneralAndAdministrativeExpenses": 110600000,
    "otherExpenses": 13500000,
    "operatingExpenses": 124100000,
    "costAndExpenses": 530500000,
    "interestIncome": 0,
    "interestExpense": 0,
    "depreciationAndAmortization": 13500000,
    "ebitda": 98000000,
    "ebitdaratio": 0.1593495935,
    "operatingIncome": 84500000,
    "operatingIncomeRatio": 0.137398374,
    "totalOtherIncomeExpensesNet": -41100000,
    "incomeBeforeTax": 43400000,
    "incomeBeforeTaxRatio": 0.0705691057,
    "incomeTaxExpense": 22900000,
    "netIncome": 20100000,
    "netIncomeRatio": 0.0326829268,
    "eps": 0.055,
    "epsdiluted": 0.0525,
    "weightedAverageShsOut": 365454545,
    "weightedAverageShsOutDil": 382857143,
    "link": "",
    "finalLink": ""
  },
  {
    "date": "1986-12-31",
    "symbol": "DHR",
    "reportedCurrency": "USD",
    "cik": "0000313616",
    "fillingDate": "1986-12-31",
    "acceptedDate": "1986-12-30 19:00:00",
    "calendarYear": "1986",
    "period": "FY",
    "revenue": 446000000,
    "costOfRevenue": 342400000,
    "grossProfit": 103600000,
    "grossProfitRatio": 0.2322869955,
    "researchAndDevelopmentExpenses": 0,
    "generalAndAdministrativeExpenses": 0,
    "sellingAndMarketingExpenses": 0,
    "sellingGeneralAndAdministrativeExpenses": 61300000,
    "otherExpenses": 9300000,
    "operatingExpenses": 70600000,
    "costAndExpenses": 413000000,
    "interestIncome": 0,
    "interestExpense": 0,
    "depreciationAndAmortization": 9300000,
    "ebitda": 42300000,
    "ebitdaratio": 0.0948430493,
    "operatingIncome": 33000000,
    "operatingIncomeRatio": 0.0739910314,
    "totalOtherIncomeExpensesNet": -15200000,
    "incomeBeforeTax": 17800000,
    "incomeBeforeTaxRatio": 0.0399103139,
    "incomeTaxExpense": 9100000,
    "netIncome": 8700000,
    "netIncomeRatio": 0.0195067265,
    "eps": 0.0275,
    "epsdiluted": 0.025,
    "weightedAverageShsOut": 316363636,
    "weightedAverageShsOutDil": 348000000,
    "link": "",
    "finalLink": ""
  },
  {
    "date": "1985-12-31",
    "symbol": "DHR",
    "reportedCurrency": "USD",
    "cik": "0000313616",
    "fillingDate": "1985-12-31",
    "acceptedDate": "1985-12-30 19:00:00",
    "calendarYear": "1985",
    "period": "FY",
    "revenue": 298000000,
    "costOfRevenue": 239700000,
    "grossProfit": 58300000,
    "grossProfitRatio": 0.1956375839,
    "researchAndDevelopmentExpenses": 0,
    "generalAndAdministrativeExpenses": 0,
    "sellingAndMarketingExpenses": 0,
    "sellingGeneralAndAdministrativeExpenses": 31600000,
    "otherExpenses": 6800000,
    "operatingExpenses": 38400000,
    "costAndExpenses": 278100000,
    "interestIncome": 0,
    "interestExpense": 0,
    "depreciationAndAmortization": 6800000,
    "ebitda": 26700000,
    "ebitdaratio": 0.0895973154,
    "operatingIncome": 19900000,
    "operatingIncomeRatio": 0.0667785235,
    "totalOtherIncomeExpensesNet": -5800000,
    "incomeBeforeTax": 14100000,
    "incomeBeforeTaxRatio": 0.0473154362,
    "incomeTaxExpense": 8500000,
    "netIncome": 5600000,
    "netIncomeRatio": 0.0187919463,
    "eps": 0.0175,
    "epsdiluted": 0.0175,
    "weightedAverageShsOut": 320000000,
    "weightedAverageShsOutDil": 320000000,
    "link": "",
    "finalLink": ""
  }
]