[
  {
    "date": "2025-06-28",
    "symbol": "DIS",
    "reportedCurrency": "USD",
    "cik": "0001744489",
    "fillingDate": "2025-08-06",
    "acceptedDate": "2025-08-06 06:44:22",
    "calendarYear": "2025",
    "period": "Q3",
    "revenue": 23576000000,
    "costOfRevenue": 15864000000,
    "grossProfit": 7712000000,
    "grossProfitRatio": 0.3271123176,
    "researchAndDevelopmentExpenses": 0,
    "generalAndAdministrativeExpenses": 0,
    "sellingAndMarketingExpenses": 0,
    "sellingGeneralAndAdministrativeExpenses": 4141000000,
    "otherExpenses": 0,
    "operatingExpenses": 4141000000,
    "costAndExpenses": 20005000000,
    "interestIncome": 47000000,
    "interestExpense": 345000000,
    "depreciationAndAmortization": 1332000000,
    "ebitda": 4888000000,
    "ebitdaratio": 0.2073294876,
    "operatingIncome": 3571000000,
    "operatingIncomeRatio": 0.1514675942,
    "totalOtherIncomeExpensesNet": -360000000,
    "incomeBeforeTax": 3211000000,
    "incomeBeforeTaxRatio": 0.1361978283,
    "incomeTaxExpense": -2732000000,
    "netIncome": 5262000000,
    "netIncomeRatio": 0.2231930777,
    "eps": 2.92,
    "epsdiluted": 2.92,
    "weightedAverageShsOut": 1799000000,
    "weightedAverageShsOutDil": 1805000000,
    "link": "https://www.sec.gov/Archives/edgar/data/1744489/000174448925000136/0001744489-25-000136-index.htm",
    "finalLink": "https://www.sec.gov/Archives/edgar/data/1744489/000174448925000136/dis-20250628.htm"
  },
  {
    "date": "2025-03-29",
    "symbol": "DIS",
    "reportedCurrency": "USD",
    "cik": "0001744489",
    "fillingDate": "2025-05-07",
    "acceptedDate": "2025-05-07 08:04:55",
    "calendarYear": "2025",
    "period": "Q2",
    "revenue": 23621000000,
    "costOfRevenue": 14810000000,
    "grossProfit": 8811000000,
    "grossProfitRatio": 0.373015537,
    "researchAndDevelopmentExpenses": 0,
    "generalAndAdministrativeExpenses": 0,
    "sellingAndMarketingExpenses": 0,
    "sellingGeneralAndAdministrativeExpenses": 3981000000,
    "otherExpenses": 1324000000,
    "operatingExpenses": 5305000000,
    "costAndExpenses": 20115000000,
    "interestIncome": 125000000,
    "interestExpense": 471000000,
    "depreciationAndAmortization": 1324000000,
    "ebitda": 4882000000,
    "ebitdaratio": 0.2066804962,
    "operatingIncome": 3506000000,
    "operatingIncomeRatio": 0.1484272469,
    "totalOtherIncomeExpensesNet": -419000000,
    "incomeBeforeTax": 3087000000,
    "incomeBeforeTaxRatio": 0.1306887939,
    "incomeTaxExpense": -314000000,
    "netIncome": 3275000000,
    "netIncomeRatio": 0.1386478134,
    "eps": 1.81,
    "epsdiluted": 1.81,
    "weightedAverageShsOut": 1808000000,
    "weightedAverageShsOutDil": 1814000000,
    "link": "https://www.sec.gov/Archives/edgar/data/1744489/000174448925000098/0001744489-25-000098-index.htm",
    "finalLink": "https://www.sec.gov/Archives/edgar/data/1744489/000174448925000098/dis-20250329.htm"
  },
  {
    "date": "2024-12-28",
    "symbol": "DIS",
    "reportedCurrency": "USD",
    "cik": "0001744489",
    "fillingDate": "2025-02-05",
    "acceptedDate": "2025-02-05 06:43:16",
    "calendarYear": "2025",
    "period": "Q1",
    "revenue": 24690000000,
    "costOfRevenue": 15406000000,
    "grossProfit": 9284000000,
    "grossProfitRatio": 0.3760226812,
    "researchAndDevelopmentExpenses": 0,
    "generalAndAdministrativeExpenses": 0,
    "sellingAndMarketingExpenses": 0,
    "sellingGeneralAndAdministrativeExpenses": 3930000000,
    "otherExpenses": 1276000000,
    "operatingExpenses": 5206000000,
    "costAndExpenses": 20612000000,
    "interestIncome": 54000000,
    "interestExpense": 487000000,
    "depreciationAndAmortization": 1276000000,
    "ebitda": 5423000000,
    "ebitdaratio": 0.2196435804,
    "operatingIncome": 4078000000,
    "operatingIncomeRatio": 0.1651680842,
    "totalOtherIncomeExpensesNet": -418000000,
    "incomeBeforeTax": 3660000000,
    "incomeBeforeTaxRatio": 0.1482381531,
    "incomeTaxExpense": 1016000000,
    "netIncome": 2554000000,
    "netIncomeRatio": 0.1034426893,
    "eps": 1.41,
    "epsdiluted": 1.4,
    "weightedAverageShsOut": 1812000000,
    "weightedAverageShsOutDil": 1818000000,
    "link": "https://www.sec.gov/Archives/edgar/data/1744489/000174448925000067/0001744489-25-000067-index.htm",
    "finalLink": "https://www.sec.gov/Archives/edgar/data/1744489/000174448925000067/dis-20241228.htm"
  },
  {
    "date": "2024-09-28",
    "symbol": "DIS",
    "reportedCurrency": "USD",
    "cik": "0001744489",
    "fillingDate": "2024-11-14",
    "acceptedDate": "2024-11-14 06:46:46",
    "calendarYear": "2024",
    "period": "Q4",
    "revenue": 22574000000,
    "costOfRevenue": 14230000000,
    "grossProfit": 8344000000,
    "grossProfitRatio": 0.3696287765,
    "researchAndDevelopmentExpenses": 0,
    "generalAndAdministrativeExpenses": 0,
    "sellingAndMarketingExpenses": 0,
    "sellingGeneralAndAdministrativeExpenses": 4314000000,
    "otherExpenses": 1285000000,
    "operatingExpenses": 5599000000,
    "costAndExpenses": 19829000000,
    "interestIncome": 69000000,
    "interestExpense": 505000000,
    "depreciationAndAmortization": 1285000000,
    "ebitda": 2765000000,
    "ebitdaratio": 0.1224860459,
    "operatingIncome": 2745000000,
    "operatingIncomeRatio": 0.1216000709,
    "totalOtherIncomeExpensesNet": -1797000000,
    "incomeBeforeTax": 948000000,
    "incomeBeforeTaxRatio": 0.0419952157,
    "incomeTaxExpense": 384000000,
    "netIncome": 460000000,
    "netIncomeRatio": 0.0203774254,
    "eps": 0.25,
    "epsdiluted": 0.25,
    "weightedAverageShsOut": 1814000000,
    "weightedAverageShsOutDil": 1819000000,
    "link": "https://www.sec.gov/Archives/edgar/data/1744489/000174448924000276/0001744489-24-000276-index.htm",
    "finalLink": "https://www.sec.gov/Archives/edgar/data/1744489/000174448924000276/dis-20240928.htm"
  },
  {
    "date": "2024-06-29",
    "symbol": "DIS",
    "reportedCurrency": "USD",
    "cik": "0001744489",
    "fillingDate": "2024-08-07",
    "acceptedDate": "2024-08-07 06:54:11",
    "calendarYear": "2024",
    "period": "Q3",
    "revenue": 23155000000,
    "costOfRevenue": 14709000000,
    "grossProfit": 8446000000,
    "grossProfitRatio": 0.3647592313,
    "researchAndDevelopmentExpenses": 0,
    "generalAndAdministrativeExpenses": 0,
    "sellingAndMarketingExpenses": 0,
    "sellingGeneralAndAdministrativeExpenses": 3872000000,
    "otherExpenses": 1220000000,
    "operatingExpenses": 5092000000,
    "costAndExpenses": 19801000000,
    "interestIncome": 167000000,
    "interestExpense": 509000000,
    "depreciationAndAmortization": 1220000000,
    "ebitda": 4822000000,
    "ebitdaratio": 0.2082487584,
    "operatingIncome": 3354000000,
    "operatingIncomeRatio": 0.1448499244,
    "totalOtherIncomeExpensesNet": -261000000,
    "incomeBeforeTax": 3093000000,
    "incomeBeforeTaxRatio": 0.1335780609,
    "incomeTaxExpense": 251000000,
    "netIncome": 2621000000,
    "netIncomeRatio": 0.1131936947,
    "eps": 1.44,
    "epsdiluted": 1.43,
    "weightedAverageShsOut": 1821000000,
    "weightedAverageShsOutDil": 1829000000,
    "link": "https://www.sec.gov/Archives/edgar/data/1744489/000174448924000232/0001744489-24-000232-index.htm",
    "finalLink": "https://www.sec.gov/Archives/edgar/data/1744489/000174448924000232/dis-20240629.htm"
  },
  {
    "date": "2024-03-30",
    "symbol": "DIS",
    "reportedCurrency": "USD",
    "cik": "0001744489",
    "fillingDate": "2024-05-07",
    "acceptedDate": "2024-05-07 09:01:19",
    "calendarYear": "2024",
    "period": "Q2",
    "revenue": 22083000000,
    "costOfRevenue": 14172000000,
    "grossProfit": 7911000000,
    "grossProfitRatio": 0.3582393697,
    "researchAndDevelopmentExpenses": 0,
    "generalAndAdministrativeExpenses": 0,
    "sellingAndMarketingExpenses": 0,
    "sellingGeneralAndAdministrativeExpenses": 3790000000,
    "otherExpenses": 1242000000,
    "operatingExpenses": 5032000000,
    "costAndExpenses": 19204000000,
    "interestIncome": 190000000,
    "interestExpense": 501000000,
    "depreciationAndAmortization": 1242000000,
    "ebitda": 2400000000,
    "ebitdaratio": 0.1086808857,
    "operatingIncome": 2879000000,
    "operatingIncomeRatio": 0.1303717792,
    "totalOtherIncomeExpensesNet": -2222000000,
    "incomeBeforeTax": 657000000,
    "incomeBeforeTaxRatio": 0.0297513925,
    "incomeTaxExpense": 441000000,
    "netIncome": -20000000,
    "netIncomeRatio": -0.000905674,
    "eps": -0.0109,
    "epsdiluted": -0.0109,
    "weightedAverageShsOut": 1834000000,
    "weightedAverageShsOutDil": 1834000000,
    "link": "https://www.sec.gov/Archives/edgar/data/1744489/000174448924000152/0001744489-24-000152-index.htm",
    "finalLink": "https://www.sec.gov/Archives/edgar/data/1744489/000174448924000152/dis-20240330.htm"
  },
  {
    "date": "2023-12-30",
    "symbol": "DIS",
    "reportedCurrency": "USD",
    "cik": "0001744489",
    "fillingDate": "2024-02-07",
    "acceptedDate": "2024-02-07 17:00:58",
    "calendarYear": "2024",
    "period": "Q1",
    "revenue": 23549000000,
    "costOfRevenue": 15587000000,
    "grossProfit": 7962000000,
    "grossProfitRatio": 0.3381035288,
    "researchAndDevelopmentExpenses": 0,
    "generalAndAdministrativeExpenses": 0,
    "sellingAndMarketingExpenses": 0,
    "sellingGeneralAndAdministrativeExpenses": 3783000000,
    "otherExpenses": 1243000000,
    "operatingExpenses": 5026000000,
    "costAndExpenses": 20613000000,
    "interestIncome": 182000000,
    "interestExpense": 528000000,
    "depreciationAndAmortization": 1243000000,
    "ebitda": 4642000000,
    "ebitdaratio": 0.1971208969,
    "operatingIncome": 2936000000,
    "operatingIncomeRatio": 0.1246762071,
    "totalOtherIncomeExpensesNet": -65000000,
    "incomeBeforeTax": 2871000000,
    "incomeBeforeTaxRatio": 0.1219160049,
    "incomeTaxExpense": 720000000,
    "netIncome": 1911000000,
    "netIncomeRatio": 0.0811499427,
    "eps": 1.04,
    "epsdiluted": 1.04,
    "weightedAverageShsOut": 1832000000,
    "weightedAverageShsOutDil": 1835000000,
    "link": "https://www.sec.gov/Archives/edgar/data/1744489/000174448924000081/0001744489-24-000081-index.htm",
    "finalLink": "https://www.sec.gov/Archives/edgar/data/1744489/000174448924000081/dis-20231230.htm"
  },
  {
    "date": "2023-09-30",
    "symbol": "DIS",
    "reportedCurrency": "USD",
    "cik": "0001744489",
    "fillingDate": "2024-01-24",
    "acceptedDate": "2024-01-24 17:00:30",
    "calendarYear": "2023",
    "period": "Q4",
    "revenue": 21241000000,
    "costOfRevenue": 13728000000,
    "grossProfit": 7513000000,
    "grossProfitRatio": 0.3537027447,
    "researchAndDevelopmentExpenses": 0,
    "generalAndAdministrativeExpenses": 0,
    "sellingAndMarketingExpenses": 0,
    "sellingGeneralAndAdministrativeExpenses": 4021000000,
    "otherExpenses": 1409000000,
    "operatingExpenses": 5430000000,
    "costAndExpenses": 19158000000,
    "interestIncome": 476000000,
    "interestExpense": 501000000,
    "depreciationAndAmortization": 1409000000,
    "ebitda": 2917000000,
    "ebitdaratio": 0.137328751,
    "operatingIncome": 2083000000,
    "operatingIncomeRatio": 0.0980650629,
    "totalOtherIncomeExpensesNet": -1076000000,
    "incomeBeforeTax": 1007000000,
    "incomeBeforeTaxRatio": 0.0474083141,
    "incomeTaxExpense": 313000000,
    "netIncome": 264000000,
    "netIncomeRatio": 0.0124287934,
    "eps": 0.14,
    "epsdiluted": 0.14,
    "weightedAverageShsOut": 1831000000,
    "weightedAverageShsOutDil": 1833000000,
    "link": "https://www.sec.gov/Archives/edgar/data/1744489/000174448924000064/0001744489-24-000064-index.htm",
    "finalLink": "https://www.sec.gov/Archives/edgar/data/1744489/000174448924000064/dis-20230930.htm"
  },
  {
    "date": "2023-07-01",
    "symbol": "DIS",
    "reportedCurrency": "USD",
    "cik": "0001744489",
    "fillingDate": "2023-08-09",
    "acceptedDate": "2023-08-09 17:01:19",
    "calendarYear": "2023",
    "period": "Q3",
    "revenue": 22330000000,
    "costOfRevenue": 14471000000,
    "grossProfit": 7859000000,
    "grossProfitRatio": 0.3519480519,
    "researchAndDevelopmentExpenses": 0,
    "generalAndAdministrativeExpenses": 0,
    "sellingAndMarketingExpenses": 0,
    "sellingGeneralAndAdministrativeExpenses": 3874000000,
    "otherExpenses": 1344000000,
    "operatingExpenses": 5218000000,
    "costAndExpenses": 19689000000,
    "interestIncome": 198000000,
    "interestExpense": 503000000,
    "depreciationAndAmortization": 1344000000,
    "ebitda": 1713000000,
    "ebitdaratio": 0.0767129422,
    "operatingIncome": 2641000000,
    "operatingIncomeRatio": 0.1182713838,
    "totalOtherIncomeExpensesNet": -2775000000,
    "incomeBeforeTax": -134000000,
    "incomeBeforeTaxRatio": -0.0060008957,
    "incomeTaxExpense": 19000000,
    "netIncome": -460000000,
    "netIncomeRatio": -0.0206000896,
    "eps": -0.25,
    "epsdiluted": -0.25,
    "weightedAverageShsOut": 1829000000,
    "weightedAverageShsOutDil": 1829000000,
    "link": "https://www.sec.gov/Archives/edgar/data/1744489/000174448923000171/0001744489-23-000171-index.htm",
    "finalLink": "https://www.sec.gov/Archives/edgar/data/1744489/000174448923000171/dis-20230701.htm"
  },
  {
    "date": "2023-04-01",
    "symbol": "DIS",
    "reportedCurrency": "USD",
    "cik": "0001744489",
    "fillingDate": "2023-05-10",
    "acceptedDate": "2023-05-10 17:02:02",
    "calendarYear": "2023",
    "period": "Q2",
    "revenue": 21815000000,
    "costOfRevenue": 14616000000,
    "grossProfit": 7199000000,
    "grossProfitRatio": 0.330002292,
    "researchAndDevelopmentExpenses": 0,
    "generalAndAdministrativeExpenses": 0,
    "sellingAndMarketingExpenses": 0,
    "sellingGeneralAndAdministrativeExpenses": 3614000000,
    "otherExpenses": 1310000000,
    "operatingExpenses": 4924000000,
    "costAndExpenses": 19540000000,
    "interestIncome": 182000000,
    "interestExpense": 504000000,
    "depreciationAndAmortization": 1310000000,
    "ebitda": 3937000000,
    "ebitdaratio": 0.1804721522,
    "operatingIncome": 2275000000,
    "operatingIncomeRatio": 0.1042860417,
    "totalOtherIncomeExpensesNet": -152000000,
    "incomeBeforeTax": 2123000000,
    "incomeBeforeTaxRatio": 0.0973183589,
    "incomeTaxExpense": 635000000,
    "netIncome": 1271000000,
    "netIncomeRatio": 0.0582626633,
    "eps": 0.7,
    "epsdiluted": 0.69,
    "weightedAverageShsOut": 1828000000,
    "weightedAverageShsOutDil": 1831000000,
    "link": "https://www.sec.gov/Archives/edgar/data/1744489/000174448923000099/0001744489-23-000099-index.htm",
    "finalLink": "https://www.sec.gov/Archives/edgar/data/1744489/000174448923000099/dis-20230401.htm"
  },
  {
    "date": "2022-12-31",
    "symbol": "DIS",
    "reportedCurrency": "USD",
    "cik": "0001744489",
    "fillingDate": "2023-02-08",
    "acceptedDate": "2023-02-08 17:02:03",
    "calendarYear": "2023",
    "period": "Q1",
    "revenue": 23512000000,
    "costOfRevenue": 16386000000,
    "grossProfit": 7126000000,
    "grossProfitRatio": 0.3030792787,
    "researchAndDevelopmentExpenses": 0,
    "generalAndAdministrativeExpenses": 0,
    "sellingAndMarketingExpenses": 0,
    "sellingGeneralAndAdministrativeExpenses": 3827000000,
    "otherExpenses": 1306000000,
    "operatingExpenses": 5133000000,
    "costAndExpenses": 21519000000,
    "interestIncome": 165000000,
    "interestExpense": 465000000,
    "depreciationAndAmortization": 1306000000,
    "ebitda": 3544000000,
    "ebitdaratio": 0.1507315413,
    "operatingIncome": 1993000000,
    "operatingIncomeRatio": 0.0847652263,
    "totalOtherIncomeExpensesNet": -220000000,
    "incomeBeforeTax": 1773000000,
    "incomeBeforeTaxRatio": 0.0754083021,
    "incomeTaxExpense": 412000000,
    "netIncome": 1279000000,
    "netIncomeRatio": 0.0543977543,
    "eps": 0.7,
    "epsdiluted": 0.7,
    "weightedAverageShsOut": 1825000000,
    "weightedAverageShsOutDil": 1827000000,
    "link": "https://www.sec.gov/Archives/edgar/data/1744489/000174448923000049/0001744489-23-000049-index.htm",
    "finalLink": "https://www.sec.gov/Archives/edgar/data/1744489/000174448923000049/dis-20221231.htm"
  },
  {
    "date": "2022-10-01",
    "symbol": "DIS",
    "reportedCurrency": "USD",
    "cik": "0001744489",
    "fillingDate": "2023-01-24",
    "acceptedDate": "2023-01-24 16:15:45",
    "calendarYear": "2022",
    "period": "Q4",
    "revenue": 20150000000,
    "costOfRevenue": 13558000000,
    "grossProfit": 6592000000,
    "grossProfitRatio": 0.327146402,
    "researchAndDevelopmentExpenses": 0,
    "generalAndAdministrativeExpenses": 0,
    "sellingAndMarketingExpenses": 0,
    "sellingGeneralAndAdministrativeExpenses": 4733000000,
    "otherExpenses": 1317000000,
    "operatingExpenses": 6050000000,
    "costAndExpenses": 19608000000,
    "interestIncome": 108000000,
    "interestExpense": 434000000,
    "depreciationAndAmortization": 1317000000,
    "ebitda": 2127000000,
    "ebitdaratio": 0.1055583127,
    "operatingIncome": 542000000,
    "operatingIncomeRatio": 0.026898263,
    "totalOtherIncomeExpensesNet": -166000000,
    "incomeBeforeTax": 376000000,
    "incomeBeforeTaxRatio": 0.0186600496,
    "incomeTaxExpense": 122000000,
    "netIncome": 162000000,
    "netIncomeRatio": 0.0080397022,
    "eps": 0.0888,
    "epsdiluted": 0.0887,
    "weightedAverageShsOut": 1824000000,
    "weightedAverageShsOutDil": 1826000000,
    "link": "https://www.sec.gov/Archives/edgar/data/1744489/000119312523014219/0001193125-23-014219-index.htm",
    "finalLink": "https://www.sec.gov/Archives/edgar/data/1744489/000119312523014219/d431948d10ka.htm"
  },
  {
    "date": "2022-07-02",
    "symbol": "DIS",
    "reportedCurrency": "USD",
    "cik": "0001744489",
    "fillingDate": "2022-08-10",
    "acceptedDate": "2022-08-10 17:01:59",
    "calendarYear": "2022",
    "period": "Q3",
    "revenue": 21504000000,
    "costOfRevenue": 13682000000,
    "grossProfit": 7822000000,
    "grossProfitRatio": 0.3637462798,
    "researchAndDevelopmentExpenses": 0,
    "generalAndAdministrativeExpenses": 0,
    "sellingAndMarketingExpenses": 0,
    "sellingGeneralAndAdministrativeExpenses": 4100000000,
    "otherExpenses": 1290000000,
    "operatingExpenses": 5390000000,
    "costAndExpenses": 19072000000,
    "interestIncome": 7000000,
    "interestExpense": 380000000,
    "depreciationAndAmortization": 1290000000,
    "ebitda": 3789000000,
    "ebitdaratio": 0.1761997768,
    "operatingIncome": 2432000000,
    "operatingIncomeRatio": 0.1130952381,
    "totalOtherIncomeExpensesNet": -313000000,
    "incomeBeforeTax": 2119000000,
    "incomeBeforeTaxRatio": 0.0985398065,
    "incomeTaxExpense": 617000000,
    "netIncome": 1409000000,
    "netIncomeRatio": 0.0655226935,
    "eps": 0.77,
    "epsdiluted": 0.77,
    "weightedAverageShsOut": 1823000000,
    "weightedAverageShsOutDil": 1825000000,
    "link": "https://www.sec.gov/Archives/edgar/data/1744489/000174448922000161/0001744489-22-000161-index.htm",
    "finalLink": "https://www.sec.gov/Archives/edgar/data/1744489/000174448922000161/dis-20220702.htm"
  },
  {
    "date": "2022-04-02",
    "symbol": "DIS",
    "reportedCurrency": "USD",
    "cik": "0001744489",
    "fillingDate": "2022-05-11",
    "acceptedDate": "2022-05-11 17:01:23",
    "calendarYear": "2022",
    "period": "Q2",
    "revenue": 19249000000,
    "costOfRevenue": 12594000000,
    "grossProfit": 6655000000,
    "grossProfitRatio": 0.3457322458,
    "researchAndDevelopmentExpenses": 0,
    "generalAndAdministrativeExpenses": 0,
    "sellingAndMarketingExpenses": 0,
    "sellingGeneralAndAdministrativeExpenses": 3768000000,
    "otherExpenses": 1287000000,
    "operatingExpenses": 5055000000,
    "costAndExpenses": 17649000000,
    "interestIncome": 19000000,
    "interestExpense": 374000000,
    "depreciationAndAmortization": 1287000000,
    "ebitda": 2763000000,
    "ebitdaratio": 0.1435399242,
    "operatingIncome": 1600000000,
    "operatingIncomeRatio": 0.0831212011,
    "totalOtherIncomeExpensesNet": -498000000,
    "incomeBeforeTax": 1102000000,
    "incomeBeforeTaxRatio": 0.0572497273,
    "incomeTaxExpense": 505000000,
    "netIncome": 470000000,
    "netIncomeRatio": 0.0244168528,
    "eps": 0.26,
    "epsdiluted": 0.26,
    "weightedAverageShsOut": 1822000000,
    "weightedAverageShsOutDil": 1828000000,
    "link": "https://www.sec.gov/Archives/edgar/data/1744489/000174448922000100/0001744489-22-000100-index.htm",
    "finalLink": "https://www.sec.gov/Archives/edgar/data/1744489/000174448922000100/dis-20220402.htm"
  },
  {
    "date": "2022-01-01",
    "symbol": "DIS",
    "reportedCurrency": "USD",
    "cik": "0001744489",
    "fillingDate": "2022-02-09",
    "acceptedDate": "2022-02-09 17:00:57",
    "calendarYear": "2022",
    "period": "Q1",
    "revenue": 21819000000,
    "costOfRevenue": 14567000000,
    "grossProfit": 7252000000,
    "grossProfitRatio": 0.3323708694,
    "researchAndDevelopmentExpenses": 0,
    "generalAndAdministrativeExpenses": 0,
    "sellingAndMarketingExpenses": 0,
    "sellingGeneralAndAdministrativeExpenses": 3787000000,
    "otherExpenses": 1269000000,
    "operatingExpenses": 5056000000,
    "costAndExpenses": 19623000000,
    "interestIncome": 34000000,
    "interestExpense": 361000000,
    "depreciationAndAmortization": 1269000000,
    "ebitda": 3318000000,
    "ebitdaratio": 0.1520692974,
    "operatingIncome": 2196000000,
    "operatingIncomeRatio": 0.1006462258,
    "totalOtherIncomeExpensesNet": -508000000,
    "incomeBeforeTax": 1688000000,
    "incomeBeforeTaxRatio": 0.0773637655,
    "incomeTaxExpense": 488000000,
    "netIncome": 1104000000,
    "netIncomeRatio": 0.0505981026,
    "eps": 0.61,
    "epsdiluted": 0.6,
    "weightedAverageShsOut": 1819000000,
    "weightedAverageShsOutDil": 1828000000,
    "link": "https://www.sec.gov/Archives/edgar/data/1744489/000174448922000059/0001744489-22-000059-index.htm",
    "finalLink": "https://www.sec.gov/Archives/edgar/data/1744489/000174448922000059/dis-20220101.htm"
  },
  {
    "date": "2021-10-02",
    "symbol": "DIS",
    "reportedCurrency": "USD",
    "cik": "0001744489",
    "fillingDate": "2021-11-24",
    "acceptedDate": "2021-11-24 16:34:25",
    "calendarYear": "2021",
    "period": "Q4",
    "revenue": 18534000000,
    "costOfRevenue": 12341000000,
    "grossProfit": 6193000000,
    "grossProfitRatio": 0.3341426567,
    "researchAndDevelopmentExpenses": 0,
    "generalAndAdministrativeExpenses": 0,
    "sellingAndMarketingExpenses": 0,
    "sellingGeneralAndAdministrativeExpenses": 4319000000,
    "otherExpenses": 1275000000,
    "operatingExpenses": 5594000000,
    "costAndExpenses": 17935000000,
    "interestIncome": -104000000,
    "interestExpense": 278000000,
    "depreciationAndAmortization": 1275000000,
    "ebitda": 1703000000,
    "ebitdaratio": 0.091885184,
    "operatingIncome": 599000000,
    "operatingIncomeRatio": 0.0323189813,
    "totalOtherIncomeExpensesNet": -309000000,
    "incomeBeforeTax": 290000000,
    "incomeBeforeTaxRatio": 0.0156469192,
    "incomeTaxExpense": 34000000,
    "netIncome": 159000000,
    "netIncomeRatio": 0.0085788281,
    "eps": 0.09060000000000024,
    "epsdiluted": 0.09070000000000011,
    "weightedAverageShsOut": 1816000000,
    "weightedAverageShsOutDil": 1828000000,
    "link": null,
    "finalLink": null
  },
  {
    "date": "2021-07-03",
    "symbol": "DIS",
    "reportedCurrency": "USD",
    "cik": "0001744489",
    "fillingDate": "2021-08-12",
    "acceptedDate": "2021-08-12 17:01:29",
    "calendarYear": "2021",
    "period": "Q3",
    "revenue": 17022000000,
    "costOfRevenue": 11233000000,
    "grossProfit": 5789000000,
    "grossProfitRatio": 0.3400892962,
    "researchAndDevelopmentExpenses": 0,
    "generalAndAdministrativeExpenses": 0,
    "sellingAndMarketingExpenses": 0,
    "sellingGeneralAndAdministrativeExpenses": 3168000000,
    "otherExpenses": 1266000000,
    "operatingExpenses": 4434000000,
    "costAndExpenses": 15667000000,
    "interestIncome": 0,
    "interestExpense": 413000000,
    "depreciationAndAmortization": 1266000000,
    "ebitda": 2674000000,
    "ebitdaratio": 0.1570908236,
    "operatingIncome": 1355000000,
    "operatingIncomeRatio": 0.0796028669,
    "totalOtherIncomeExpensesNet": -360000000,
    "incomeBeforeTax": 995000000,
    "incomeBeforeTaxRatio": 0.0584537657,
    "incomeTaxExpense": -133000000,
    "netIncome": 918000000,
    "netIncomeRatio": 0.053930208,
    "eps": 0.5,
    "epsdiluted": 0.5,
    "weightedAverageShsOut": 1818000000,
    "weightedAverageShsOutDil": 1830000000,
    "link": "https://www.sec.gov/Archives/edgar/data/1744489/000174448921000181/0001744489-21-000181-index.htm",
    "finalLink": "https://www.sec.gov/Archives/edgar/data/1744489/000174448921000181/dis-20210703.htm"
  },
  {
    "date": "2021-04-03",
    "symbol": "DIS",
    "reportedCurrency": "USD",
    "cik": "0001744489",
    "fillingDate": "2021-05-13",
    "acceptedDate": "2021-05-13 17:01:15",
    "calendarYear": "2021",
    "period": "Q2",
    "revenue": 15613000000,
    "costOfRevenue": 9782000000,
    "grossProfit": 5831000000,
    "grossProfitRatio": 0.3734708256,
    "researchAndDevelopmentExpenses": 0,
    "generalAndAdministrativeExpenses": 0,
    "sellingAndMarketingExpenses": 0,
    "sellingGeneralAndAdministrativeExpenses": 3113000000,
    "otherExpenses": 1272000000,
    "operatingExpenses": 4385000000,
    "costAndExpenses": 14167000000,
    "interestIncome": 131000000,
    "interestExpense": 451000000,
    "depreciationAndAmortization": 1272000000,
    "ebitda": 2953000000,
    "ebitdaratio": 0.1891372574,
    "operatingIncome": 1446000000,
    "operatingIncomeRatio": 0.0926151284,
    "totalOtherIncomeExpensesNet": -216000000,
    "incomeBeforeTax": 1230000000,
    "incomeBeforeTaxRatio": 0.0787805034,
    "incomeTaxExpense": 108000000,
    "netIncome": 901000000,
    "netIncomeRatio": 0.05770832,
    "eps": 0.5,
    "epsdiluted": 0.49,
    "weightedAverageShsOut": 1817000000,
    "weightedAverageShsOutDil": 1829000000,
    "link": "https://www.sec.gov/Archives/edgar/data/1744489/000174448921000108/0001744489-21-000108-index.htm",
    "finalLink": "https://www.sec.gov/Archives/edgar/data/1744489/000174448921000108/dis-20210403.htm"
  },
  {
    "date": "2021-01-02",
    "symbol": "DIS",
    "reportedCurrency": "USD",
    "cik": "0001744489",
    "fillingDate": "2021-02-11",
    "acceptedDate": "2021-02-11 17:01:06",
    "calendarYear": "2021",
    "period": "Q1",
    "revenue": 16249000000,
    "costOfRevenue": 11775000000,
    "grossProfit": 4474000000,
    "grossProfitRatio": 0.2753400209,
    "researchAndDevelopmentExpenses": 0,
    "generalAndAdministrativeExpenses": 0,
    "sellingAndMarketingExpenses": 0,
    "sellingGeneralAndAdministrativeExpenses": 2917000000,
    "otherExpenses": 1298000000,
    "operatingExpenses": 4215000000,
    "costAndExpenses": 15990000000,
    "interestIncome": 113000000,
    "interestExpense": 404000000,
    "depreciationAndAmortization": 1298000000,
    "ebitda": 1748000000,
    "ebitdaratio": 0.1075758508,
    "operatingIncome": 259000000,
    "operatingIncomeRatio": 0.0159394424,
    "totalOtherIncomeExpensesNet": -213000000,
    "incomeBeforeTax": 46000000,
    "incomeBeforeTaxRatio": 0.0028309434,
    "incomeTaxExpense": 16000000,
    "netIncome": 17000000,
    "netIncomeRatio": 0.0010462182,
    "eps": 0.0094,
    "epsdiluted": 0.0093,
    "weightedAverageShsOut": 1812000000,
    "weightedAverageShsOutDil": 1823000000,
    "link": "https://www.sec.gov/Archives/edgar/data/1744489/000174448921000047/0001744489-21-000047-index.htm",
    "finalLink": "https://www.sec.gov/Archives/edgar/data/1744489/000174448921000047/dis-20210102.htm"
  },
  {
    "date": "2020-10-03",
    "symbol": "DIS",
    "reportedCurrency": "USD",
    "cik": "0001744489",
    "fillingDate": "2020-11-25",
    "acceptedDate": "2020-11-25 16:59:53",
    "calendarYear": "2020",
    "period": "Q4",
    "revenue": 14707000000,
    "costOfRevenue": 11013000000,
    "grossProfit": 3694000000,
    "grossProfitRatio": 0.2511729109,
    "researchAndDevelopmentExpenses": 0,
    "generalAndAdministrativeExpenses": 0,
    "sellingAndMarketingExpenses": 0,
    "sellingGeneralAndAdministrativeExpenses": 2812000000,
    "otherExpenses": 1335000000,
    "operatingExpenses": 4147000000,
    "costAndExpenses": 15160000000,
    "interestIncome": -24000000,
    "interestExpense": 464000000,
    "depreciationAndAmortization": 1335000000,
    "ebitda": 1063000000,
    "ebitdaratio": 0.0722785068,
    "operatingIncome": -453000000,
    "operatingIncomeRatio": -0.0308016591,
    "totalOtherIncomeExpensesNet": -127000000,
    "incomeBeforeTax": -580000000,
    "incomeBeforeTaxRatio": -0.0394370028,
    "incomeTaxExpense": 49000000,
    "netIncome": -710000000,
    "netIncomeRatio": -0.048276331,
    "eps": -0.3900000000000001,
    "epsdiluted": -0.3800000000000001,
    "weightedAverageShsOut": 1808000000,
    "weightedAverageShsOutDil": 1808000000,
    "link": null,
    "finalLink": null
  },
  {
    "date": "2020-06-27",
    "symbol": "DIS",
    "reportedCurrency": "USD",
    "cik": "0001744489",
    "fillingDate": "2020-08-04",
    "acceptedDate": "2020-08-04 17:03:34",
    "calendarYear": "2020",
    "period": "Q3",
    "revenue": 11779000000,
    "costOfRevenue": 7896000000,
    "grossProfit": 3883000000,
    "grossProfitRatio": 0.3296544698,
    "researchAndDevelopmentExpenses": 0,
    "generalAndAdministrativeExpenses": 0,
    "sellingAndMarketingExpenses": 0,
    "sellingGeneralAndAdministrativeExpenses": 2455000000,
    "otherExpenses": 1377000000,
    "operatingExpenses": 3832000000,
    "costAndExpenses": 11728000000,
    "interestIncome": 41000000,
    "interestExpense": 456000000,
    "depreciationAndAmortization": 1377000000,
    "ebitda": -3007000000,
    "ebitdaratio": -0.2552848289,
    "operatingIncome": 51000000,
    "operatingIncomeRatio": 0.0043297394,
    "totalOtherIncomeExpensesNet": -4891000000,
    "incomeBeforeTax": -4840000000,
    "incomeBeforeTaxRatio": -0.4109007556,
    "incomeTaxExpense": -331000000,
    "netIncome": -4721000000,
    "netIncomeRatio": -0.4007980304,
    "eps": -2.61,
    "epsdiluted": -2.61,
    "weightedAverageShsOut": 1809000000,
    "weightedAverageShsOutDil": 1809000000,
    "link": "https://www.sec.gov/Archives/edgar/data/1744489/000174448920000151/0001744489-20-000151-index.htm",
    "finalLink": "https://www.sec.gov/Archives/edgar/data/1744489/000174448920000151/dis-20200627.htm"
  },
  {
    "date": "2020-03-28",
    "symbol": "DIS",
    "reportedCurrency": "USD",
    "cik": "0001744489",
    "fillingDate": "2020-05-05",
    "acceptedDate": "2020-05-05 16:20:37",
    "calendarYear": "2020",
    "period": "Q2",
    "revenue": 18025000000,
    "costOfRevenue": 11937000000,
    "grossProfit": 6088000000,
    "grossProfitRatio": 0.3377531207,
    "researchAndDevelopmentExpenses": 0,
    "generalAndAdministrativeExpenses": 0,
    "sellingAndMarketingExpenses": 0,
    "sellingGeneralAndAdministrativeExpenses": 3393000000,
    "otherExpenses": 1334000000,
    "operatingExpenses": 4727000000,
    "costAndExpenses": 16664000000,
    "interestIncome": 63000000,
    "interestExpense": 365000000,
    "depreciationAndAmortization": 1334000000,
    "ebitda": 2750000000,
    "ebitdaratio": 0.1525658807,
    "operatingIncome": 1361000000,
    "operatingIncomeRatio": 0.0755062413,
    "totalOtherIncomeExpensesNet": -310000000,
    "incomeBeforeTax": 1051000000,
    "incomeBeforeTaxRatio": 0.0583079057,
    "incomeTaxExpense": 523000000,
    "netIncome": 460000000,
    "netIncomeRatio": 0.025520111,
    "eps": 0.25,
    "epsdiluted": 0.25,
    "weightedAverageShsOut": 1808000000,
    "weightedAverageShsOutDil": 1816000000,
    "link": "https://www.sec.gov/Archives/edgar/data/1744489/000174448920000102/0001744489-20-000102-index.htm",
    "finalLink": "https://www.sec.gov/Archives/edgar/data/1744489/000174448920000102/dis-20200328.htm"
  },
  {
    "date": "2019-12-28",
    "symbol": "DIS",
    "reportedCurrency": "USD",
    "cik": "0001744489",
    "fillingDate": "2020-02-04",
    "acceptedDate": "2020-02-04 17:02:50",
    "calendarYear": "2020",
    "period": "Q1",
    "revenue": 20877000000,
    "costOfRevenue": 13034000000,
    "grossProfit": 7843000000,
    "grossProfitRatio": 0.3756765819,
    "researchAndDevelopmentExpenses": 0,
    "generalAndAdministrativeExpenses": 0,
    "sellingAndMarketingExpenses": 0,
    "sellingGeneralAndAdministrativeExpenses": 3709000000,
    "otherExpenses": 1299000000,
    "operatingExpenses": 5008000000,
    "costAndExpenses": 18042000000,
    "interestIncome": 76000000,
    "interestExpense": 362000000,
    "depreciationAndAmortization": 1299000000,
    "ebitda": 4287000000,
    "ebitdaratio": 0.2053455956,
    "operatingIncome": 2835000000,
    "operatingIncomeRatio": 0.1357953729,
    "totalOtherIncomeExpensesNet": -209000000,
    "incomeBeforeTax": 2626000000,
    "incomeBeforeTaxRatio": 0.125784356,
    "incomeTaxExpense": 458000000,
    "netIncome": 2107000000,
    "netIncomeRatio": 0.1009244623,
    "eps": 1.17,
    "epsdiluted": 1.16,
    "weightedAverageShsOut": 1805000000,
    "weightedAverageShsOutDil": 1817000000,
    "link": "https://www.sec.gov/Archives/edgar/data/1744489/000174448920000046/0001744489-20-000046-index.htm",
    "finalLink": "https://www.sec.gov/Archives/edgar/data/1744489/000174448920000046/dis-20191228.htm"
  },
  {
    "date": "2019-09-28",
    "symbol": "DIS",
    "reportedCurrency": "USD",
    "cik": "0001744489",
    "fillingDate": "2019-11-20",
    "acceptedDate": "2019-11-20 17:18:30",
    "calendarYear": "2019",
    "period": "Q4",
    "revenue": 19100000000,
    "costOfRevenue": 11822000000,
    "grossProfit": 7278000000,
    "grossProfitRatio": 0.3810471204,
    "researchAndDevelopmentExpenses": 0,
    "generalAndAdministrativeExpenses": 0,
    "sellingAndMarketingExpenses": 0,
    "sellingGeneralAndAdministrativeExpenses": 3697000000,
    "otherExpenses": 1296000000,
    "operatingExpenses": 4993000000,
    "costAndExpenses": 16815000000,
    "interestIncome": 129000000,
    "interestExpense": 413000000,
    "depreciationAndAmortization": 1296000000,
    "ebitda": 2967000000,
    "ebitdaratio": 0.1553403141,
    "operatingIncome": 2285000000,
    "operatingIncomeRatio": 0.1196335079,
    "totalOtherIncomeExpensesNet": -1027000000,
    "incomeBeforeTax": 1258000000,
    "incomeBeforeTaxRatio": 0.0658638743,
    "incomeTaxExpense": 344000000,
    "netIncome": 1054000000,
    "netIncomeRatio": 0.0551832461,
    "eps": 0.58,
    "epsdiluted": 0.58,
    "weightedAverageShsOut": 1804000000,
    "weightedAverageShsOutDil": 1816000000,
    "link": "https://www.sec.gov/Archives/edgar/data/1744489/000174448919000225/0001744489-19-000225-index.htm",
    "finalLink": "https://www.sec.gov/Archives/edgar/data/1744489/000174448919000225/fy2019q410k.htm"
  },
  {
    "date": "2019-06-29",
    "symbol": "DIS",
    "reportedCurrency": "USD",
    "cik": "0001744489",
    "fillingDate": "2019-08-06",
    "acceptedDate": "2019-08-06 17:23:33",
    "calendarYear": "2019",
    "period": "Q3",
    "revenue": 20262000000,
    "costOfRevenue": 12837000000,
    "grossProfit": 7425000000,
    "grossProfitRatio": 0.3664495114,
    "researchAndDevelopmentExpenses": 0,
    "generalAndAdministrativeExpenses": 0,
    "sellingAndMarketingExpenses": 0,
    "sellingGeneralAndAdministrativeExpenses": 3368000000,
    "otherExpenses": 1306000000,
    "operatingExpenses": 4674000000,
    "costAndExpenses": 17511000000,
    "interestIncome": 34000000,
    "interestExpense": 472000000,
    "depreciationAndAmortization": 1306000000,
    "ebitda": 3787000000,
    "ebitdaratio": 0.1869015892,
    "operatingIncome": 2751000000,
    "operatingIncomeRatio": 0.1357713947,
    "totalOtherIncomeExpensesNet": -742000000,
    "incomeBeforeTax": 2009000000,
    "incomeBeforeTaxRatio": 0.0991511203,
    "incomeTaxExpense": 393000000,
    "netIncome": 1760000000,
    "netIncomeRatio": 0.0868621064,
    "eps": 0.98,
    "epsdiluted": 0.97,
    "weightedAverageShsOut": 1802000000,
    "weightedAverageShsOutDil": 1814000000,
    "link": "https://www.sec.gov/Archives/edgar/data/1744489/000174448919000167/0001744489-19-000167-index.htm",
    "finalLink": "https://www.sec.gov/Archives/edgar/data/1744489/000174448919000167/fy2019q310qdoc.htm"
  },
  {
    "date": "2019-03-30",
    "symbol": "DIS",
    "reportedCurrency": "USD",
    "cik": "0001744489",
    "fillingDate": "2019-05-08",
    "acceptedDate": "2019-05-08 17:31:44",
    "calendarYear": "2019",
    "period": "Q2",
    "revenue": 14922000000,
    "costOfRevenue": 8376000000,
    "grossProfit": 6546000000,
    "grossProfitRatio": 0.4386811419,
    "researchAndDevelopmentExpenses": 0,
    "generalAndAdministrativeExpenses": 0,
    "sellingAndMarketingExpenses": 0,
    "sellingGeneralAndAdministrativeExpenses": 2330000000,
    "otherExpenses": 828000000,
    "operatingExpenses": 3158000000,
    "costAndExpenses": 11534000000,
    "interestIncome": 30000000,
    "interestExpense": 198000000,
    "depreciationAndAmortization": 828000000,
    "ebitda": 8263000000,
    "ebitdaratio": 0.5537461466,
    "operatingIncome": 3388000000,
    "operatingIncomeRatio": 0.2270473127,
    "totalOtherIncomeExpensesNet": 3849000000,
    "incomeBeforeTax": 7237000000,
    "incomeBeforeTaxRatio": 0.4849886074,
    "incomeTaxExpense": 1647000000,
    "netIncome": 5452000000,
    "netIncomeRatio": 0.3653665728,
    "eps": 3.56,
    "epsdiluted": 3.55,
    "weightedAverageShsOut": 1530000000,
    "weightedAverageShsOutDil": 1537000000,
    "link": "https://www.sec.gov/Archives/edgar/data/1744489/000174448919000100/0001744489-19-000100-index.htm",
    "finalLink": "https://www.sec.gov/Archives/edgar/data/1744489/000174448919000100/fy2019q210qdoc.htm"
  },
  {
    "date": "2018-12-31",
    "symbol": "DIS",
    "reportedCurrency": "USD",
    "cik": "0001744489",
    "fillingDate": "2018-12-31",
    "acceptedDate": "2018-12-30 19:00:00",
    "calendarYear": "2019",
    "period": "Q1",
    "revenue": 15303000000,
    "costOfRevenue": 9001000000,
    "grossProfit": 6302000000,
    "grossProfitRatio": 0.4118146769,
    "researchAndDevelopmentExpenses": 0,
    "generalAndAdministrativeExpenses": 0,
    "sellingAndMarketingExpenses": 0,
    "sellingGeneralAndAdministrativeExpenses": 2152000000,
    "otherExpenses": 732000000,
    "operatingExpenses": 2884000000,
    "costAndExpenses": 11885000000,
    "interestIncome": 75000000,
    "interestExpense": 163000000,
    "depreciationAndAmortization": 732000000,
    "ebitda": 4326000000,
    "ebitdaratio": 0.2826896687,
    "operatingIncome": 3418000000,
    "operatingIncomeRatio": 0.2233548977,
    "totalOtherIncomeExpensesNet": 13000000,
    "incomeBeforeTax": 3431000000,
    "incomeBeforeTaxRatio": 0.2242044044,
    "incomeTaxExpense": 645000000,
    "netIncome": 2788000000,
    "netIncomeRatio": 0.1821864994,
    "eps": 1.87,
    "epsdiluted": 1.86,
    "weightedAverageShsOut": 1490000000,
    "weightedAverageShsOutDil": 1498000000,
    "link": "",
    "finalLink": ""
  },
  {
    "date": "2018-09-30",
    "symbol": "DIS",
    "reportedCurrency": "USD",
    "cik": "0001744489",
    "fillingDate": "2018-09-30",
    "acceptedDate": "2018-09-29 20:00:00",
    "calendarYear": "2018",
    "period": "Q4",
    "revenue": 14307000000,
    "costOfRevenue": 8108000000,
    "grossProfit": 6199000000,
    "grossProfitRatio": 0.4332844062,
    "researchAndDevelopmentExpenses": 0,
    "generalAndAdministrativeExpenses": 0,
    "sellingAndMarketingExpenses": 0,
    "sellingGeneralAndAdministrativeExpenses": 2322000000,
    "otherExpenses": 794000000,
    "operatingExpenses": 3116000000,
    "costAndExpenses": 11224000000,
    "interestIncome": 30000000,
    "interestExpense": 189000000,
    "depreciationAndAmortization": 794000000,
    "ebitda": 4185000000,
    "ebitdaratio": 0.2925141539,
    "operatingIncome": 3083000000,
    "operatingIncomeRatio": 0.2154889215,
    "totalOtherIncomeExpensesNet": 119000000,
    "incomeBeforeTax": 3202000000,
    "incomeBeforeTaxRatio": 0.2238065283,
    "incomeTaxExpense": 783000000,
    "netIncome": 2322000000,
    "netIncomeRatio": 0.1622981757,
    "eps": 1.56,
    "epsdiluted": 1.55,
    "weightedAverageShsOut": 1489000000,
    "weightedAverageShsOutDil": 1497000000,
    "link": "",
    "finalLink": ""
  },
  {
    "date": "2018-06-30",
    "symbol": "DIS",
    "reportedCurrency": "USD",
    "cik": "0001744489",
    "fillingDate": "2018-06-30",
    "acceptedDate": "2018-06-29 20:00:00",
    "calendarYear": "2018",
    "period": "Q3",
    "revenue": 15229000000,
    "costOfRevenue": 8348000000,
    "grossProfit": 6881000000,
    "grossProfitRatio": 0.4518353142,
    "researchAndDevelopmentExpenses": 0,
    "generalAndAdministrativeExpenses": 0,
    "sellingAndMarketingExpenses": 0,
    "sellingGeneralAndAdministrativeExpenses": 2213000000,
    "otherExpenses": 744000000,
    "operatingExpenses": 2957000000,
    "costAndExpenses": 11305000000,
    "interestIncome": 32000000,
    "interestExpense": 175000000,
    "depreciationAndAmortization": 744000000,
    "ebitda": 4773000000,
    "ebitdaratio": 0.3134151947,
    "operatingIncome": 3924000000,
    "operatingIncomeRatio": 0.2576662946,
    "totalOtherIncomeExpensesNet": -70000000,
    "incomeBeforeTax": 3854000000,
    "incomeBeforeTaxRatio": 0.253069801,
    "incomeTaxExpense": 795000000,
    "netIncome": 2916000000,
    "netIncomeRatio": 0.1914767877,
    "eps": 1.96,
    "epsdiluted": 1.95,
    "weightedAverageShsOut": 1491000000,
    "weightedAverageShsOutDil": 1498000000,
    "link": "",
    "finalLink": ""
  },
  {
    "date": "2018-03-31",
    "symbol": "DIS",
    "reportedCurrency": "USD",
    "cik": "0001744489",
    "fillingDate": "2018-03-31",
    "acceptedDate": "2018-03-30 20:00:00",
    "calendarYear": "2018",
    "period": "Q2",
    "revenue": 14548000000,
    "costOfRevenue": 7541000000,
    "grossProfit": 7007000000,
    "grossProfitRatio": 0.4816469618,
    "researchAndDevelopmentExpenses": 0,
    "generalAndAdministrativeExpenses": 0,
    "sellingAndMarketingExpenses": 0,
    "sellingGeneralAndAdministrativeExpenses": 2239000000,
    "otherExpenses": 731000000,
    "operatingExpenses": 2970000000,
    "costAndExpenses": 10511000000,
    "interestIncome": 29000000,
    "interestExpense": 172000000,
    "depreciationAndAmortization": 731000000,
    "ebitda": 4831000000,
    "ebitdaratio": 0.3320731372,
    "operatingIncome": 4037000000,
    "operatingIncomeRatio": 0.2774951883,
    "totalOtherIncomeExpensesNet": -109000000,
    "incomeBeforeTax": 3928000000,
    "incomeBeforeTaxRatio": 0.2700027495,
    "incomeTaxExpense": 813000000,
    "netIncome": 2937000000,
    "netIncomeRatio": 0.2018834204,
    "eps": 1.95,
    "epsdiluted": 1.95,
    "weightedAverageShsOut": 1503000000,
    "weightedAverageShsOutDil": 1510000000,
    "link": "",
    "finalLink": ""
  },
  {
    "date": "2017-12-31",
    "symbol": "DIS",
    "reportedCurrency": "USD",
    "cik": "0001744489",
    "fillingDate": "2017-12-31",
    "acceptedDate": "2017-12-30 19:00:00",
    "calendarYear": "2018",
    "period": "Q1",
    "revenue": 15351000000,
    "costOfRevenue": 8729000000,
    "grossProfit": 6622000000,
    "grossProfitRatio": 0.431372549,
    "researchAndDevelopmentExpenses": 0,
    "generalAndAdministrativeExpenses": 0,
    "sellingAndMarketingExpenses": 0,
    "sellingGeneralAndAdministrativeExpenses": 2087000000,
    "otherExpenses": 742000000,
    "operatingExpenses": 2829000000,
    "costAndExpenses": 11558000000,
    "interestIncome": 17000000,
    "interestExpense": 146000000,
    "depreciationAndAmortization": 742000000,
    "ebitda": 4633000000,
    "ebitdaratio": 0.3018044427,
    "operatingIncome": 3793000000,
    "operatingIncomeRatio": 0.2470848805,
    "totalOtherIncomeExpensesNet": -48000000,
    "incomeBeforeTax": 3745000000,
    "incomeBeforeTaxRatio": 0.2439580483,
    "incomeTaxExpense": -728000000,
    "netIncome": 4423000000,
    "netIncomeRatio": 0.2881245521,
    "eps": 2.93,
    "epsdiluted": 2.91,
    "weightedAverageShsOut": 1512000000,
    "weightedAverageShsOutDil": 1521000000,
    "link": "",
    "finalLink": ""
  },
  {
    "date": "2017-09-30",
    "symbol": "DIS",
    "reportedCurrency": "USD",
    "cik": "0001744489",
    "fillingDate": "2017-09-30",
    "acceptedDate": "2017-09-29 20:00:00",
    "calendarYear": "2017",
    "period": "Q4",
    "revenue": 12779000000,
    "costOfRevenue": 7214000000,
    "grossProfit": 5565000000,
    "grossProfitRatio": 0.4354800845,
    "researchAndDevelopmentExpenses": 0,
    "generalAndAdministrativeExpenses": 0,
    "sellingAndMarketingExpenses": 0,
    "sellingGeneralAndAdministrativeExpenses": 2228000000,
    "otherExpenses": 708000000,
    "operatingExpenses": 2936000000,
    "costAndExpenses": 10150000000,
    "interestIncome": 52000000,
    "interestExpense": 137000000,
    "depreciationAndAmortization": 708000000,
    "ebitda": 3539000000,
    "ebitdaratio": 0.2769387276,
    "operatingIncome": 2629000000,
    "operatingIncomeRatio": 0.2057281477,
    "totalOtherIncomeExpensesNet": 65000000,
    "incomeBeforeTax": 2694000000,
    "incomeBeforeTaxRatio": 0.2108146177,
    "incomeTaxExpense": 829000000,
    "netIncome": 1747000000,
    "netIncomeRatio": 0.1367086626,
    "eps": 1.14,
    "epsdiluted": 1.13,
    "weightedAverageShsOut": 1538000000,
    "weightedAverageShsOutDil": 1547000000,
    "link": "",
    "finalLink": ""
  },
  {
    "date": "2017-06-30",
    "symbol": "DIS",
    "reportedCurrency": "USD",
    "cik": "0001744489",
    "fillingDate": "2017-06-30",
    "acceptedDate": "2017-06-29 20:00:00",
    "calendarYear": "2017",
    "period": "Q3",
    "revenue": 14238000000,
    "costOfRevenue": 7717000000,
    "grossProfit": 6521000000,
    "grossProfitRatio": 0.4579997191,
    "researchAndDevelopmentExpenses": 0,
    "generalAndAdministrativeExpenses": 0,
    "sellingAndMarketingExpenses": 0,
    "sellingGeneralAndAdministrativeExpenses": 2022000000,
    "otherExpenses": 711000000,
    "operatingExpenses": 2733000000,
    "costAndExpenses": 10450000000,
    "interestIncome": 17000000,
    "interestExpense": 134000000,
    "depreciationAndAmortization": 711000000,
    "ebitda": 4463000000,
    "ebitdaratio": 0.3134569462,
    "operatingIncome": 3788000000,
    "operatingIncomeRatio": 0.2660486023,
    "totalOtherIncomeExpensesNet": -170000000,
    "incomeBeforeTax": 3618000000,
    "incomeBeforeTaxRatio": 0.2541087231,
    "incomeTaxExpense": 1144000000,
    "netIncome": 2366000000,
    "netIncomeRatio": 0.1661750246,
    "eps": 1.51,
    "epsdiluted": 1.51,
    "weightedAverageShsOut": 1562000000,
    "weightedAverageShsOutDil": 1572000000,
    "link": "",
    "finalLink": ""
  },
  {
    "date": "2017-03-31",
    "symbol": "DIS",
    "reportedCurrency": "USD",
    "cik": "0001744489",
    "fillingDate": "2017-03-31",
    "acceptedDate": "2017-03-30 20:00:00",
    "calendarYear": "2017",
    "period": "Q2",
    "revenue": 13336000000,
    "costOfRevenue": 6969000000,
    "grossProfit": 6367000000,
    "grossProfitRatio": 0.4774295141,
    "researchAndDevelopmentExpenses": 0,
    "generalAndAdministrativeExpenses": 0,
    "sellingAndMarketingExpenses": 0,
    "sellingGeneralAndAdministrativeExpenses": 1941000000,
    "otherExpenses": 676000000,
    "operatingExpenses": 2617000000,
    "costAndExpenses": 9586000000,
    "interestIncome": 31000000,
    "interestExpense": 115000000,
    "depreciationAndAmortization": 676000000,
    "ebitda": 4542000000,
    "ebitdaratio": 0.3405818836,
    "operatingIncome": 3750000000,
    "operatingIncomeRatio": 0.2811937612,
    "totalOtherIncomeExpensesNet": 1000000,
    "incomeBeforeTax": 3751000000,
    "incomeBeforeTaxRatio": 0.2812687463,
    "incomeTaxExpense": 1212000000,
    "netIncome": 2388000000,
    "netIncomeRatio": 0.1790641872,
    "eps": 1.51,
    "epsdiluted": 1.5,
    "weightedAverageShsOut": 1580000000,
    "weightedAverageShsOutDil": 1591000000,
    "link": "",
    "finalLink": ""
  },
  {
    "date": "2016-12-31",
    "symbol": "DIS",
    "reportedCurrency": "USD",
    "cik": "0001744489",
    "fillingDate": "2016-12-31",
    "acceptedDate": "2016-12-30 19:00:00",
    "calendarYear": "2017",
    "period": "Q1",
    "revenue": 14784000000,
    "costOfRevenue": 8406000000,
    "grossProfit": 6378000000,
    "grossProfitRatio": 0.4314123377,
    "researchAndDevelopmentExpenses": 0,
    "generalAndAdministrativeExpenses": 0,
    "sellingAndMarketingExpenses": 0,
    "sellingGeneralAndAdministrativeExpenses": 1985000000,
    "otherExpenses": 687000000,
    "operatingExpenses": 2672000000,
    "costAndExpenses": 11078000000,
    "interestIncome": 22000000,
    "interestExpense": 121000000,
    "depreciationAndAmortization": 687000000,
    "ebitda": 4533000000,
    "ebitdaratio": 0.3066152597,
    "operatingIncome": 3706000000,
    "operatingIncomeRatio": 0.2506764069,
    "totalOtherIncomeExpensesNet": 19000000,
    "incomeBeforeTax": 3725000000,
    "incomeBeforeTaxRatio": 0.2519615801,
    "incomeTaxExpense": 1237000000,
    "netIncome": 2479000000,
    "netIncomeRatio": 0.1676812771,
    "eps": 1.56,
    "epsdiluted": 1.55,
    "weightedAverageShsOut": 1592000000,
    "weightedAverageShsOutDil": 1603000000,
    "link": "",
    "finalLink": ""
  },
  {
    "date": "2016-09-30",
    "symbol": "DIS",
    "reportedCurrency": "USD",
    "cik": "0001744489",
    "fillingDate": "2016-09-30",
    "acceptedDate": "2016-09-29 20:00:00",
    "calendarYear": "2016",
    "period": "Q4",
    "revenue": 13142000000,
    "costOfRevenue": 7305000000,
    "grossProfit": 5837000000,
    "grossProfitRatio": 0.4441485314,
    "researchAndDevelopmentExpenses": 0,
    "generalAndAdministrativeExpenses": 0,
    "sellingAndMarketingExpenses": 0,
    "sellingGeneralAndAdministrativeExpenses": 2287000000,
    "otherExpenses": 689000000,
    "operatingExpenses": 2976000000,
    "costAndExpenses": 10281000000,
    "interestIncome": 20000000,
    "interestExpense": 119000000,
    "depreciationAndAmortization": 689000000,
    "ebitda": 3689000000,
    "ebitdaratio": 0.2807030893,
    "operatingIncome": 2861000000,
    "operatingIncomeRatio": 0.2176989804,
    "totalOtherIncomeExpensesNet": 20000000,
    "incomeBeforeTax": 2881000000,
    "incomeBeforeTaxRatio": 0.2192208187,
    "incomeTaxExpense": 989000000,
    "netIncome": 1771000000,
    "netIncomeRatio": 0.1347587886,
    "eps": 1.1,
    "epsdiluted": 1.1,
    "weightedAverageShsOut": 1606000000,
    "weightedAverageShsOutDil": 1615000000,
    "link": "",
    "finalLink": ""
  },
  {
    "date": "2016-06-30",
    "symbol": "DIS",
    "reportedCurrency": "USD",
    "cik": "0001744489",
    "fillingDate": "2016-06-30",
    "acceptedDate": "2016-06-29 20:00:00",
    "calendarYear": "2016",
    "period": "Q3",
    "revenue": 14277000000,
    "costOfRevenue": 7201000000,
    "grossProfit": 7076000000,
    "grossProfitRatio": 0.4956223296,
    "researchAndDevelopmentExpenses": 0,
    "generalAndAdministrativeExpenses": 0,
    "sellingAndMarketingExpenses": 0,
    "sellingGeneralAndAdministrativeExpenses": 2305000000,
    "otherExpenses": 626000000,
    "operatingExpenses": 2931000000,
    "costAndExpenses": 10132000000,
    "interestIncome": 18000000,
    "interestExpense": 88000000,
    "depreciationAndAmortization": 626000000,
    "ebitda": 4897000000,
    "ebitdaratio": 0.3429992295,
    "operatingIncome": 4145000000,
    "operatingIncomeRatio": 0.2903270995,
    "totalOtherIncomeExpensesNet": 38000000,
    "incomeBeforeTax": 4183000000,
    "incomeBeforeTaxRatio": 0.2929887231,
    "incomeTaxExpense": 1471000000,
    "netIncome": 2597000000,
    "netIncomeRatio": 0.1819009596,
    "eps": 1.6,
    "epsdiluted": 1.59,
    "weightedAverageShsOut": 1621000000,
    "weightedAverageShsOutDil": 1631000000,
    "link": "",
    "finalLink": ""
  },
  {
    "date": "2016-03-31",
    "symbol": "DIS",
    "reportedCurrency": "USD",
    "cik": "0001744489",
    "fillingDate": "2016-03-31",
    "acceptedDate": "2016-03-30 20:00:00",
    "calendarYear": "2016",
    "period": "Q2",
    "revenue": 12969000000,
    "costOfRevenue": 6864000000,
    "grossProfit": 6105000000,
    "grossProfitRatio": 0.4707379135,
    "researchAndDevelopmentExpenses": 0,
    "generalAndAdministrativeExpenses": 0,
    "sellingAndMarketingExpenses": 0,
    "sellingGeneralAndAdministrativeExpenses": 2137000000,
    "otherExpenses": 605000000,
    "operatingExpenses": 2742000000,
    "costAndExpenses": 9606000000,
    "interestIncome": 14000000,
    "interestExpense": 81000000,
    "depreciationAndAmortization": 605000000,
    "ebitda": 4132000000,
    "ebitdaratio": 0.3186059064,
    "operatingIncome": 3363000000,
    "operatingIncomeRatio": 0.2593106639,
    "totalOtherIncomeExpensesNet": 83000000,
    "incomeBeforeTax": 3446000000,
    "incomeBeforeTaxRatio": 0.2657105405,
    "incomeTaxExpense": 1170000000,
    "netIncome": 2143000000,
    "netIncomeRatio": 0.1652401881,
    "eps": 1.31,
    "epsdiluted": 1.3,
    "weightedAverageShsOut": 1633000000,
    "weightedAverageShsOutDil": 1643000000,
    "link": "",
    "finalLink": ""
  },
  {
    "date": "2015-12-31",
    "symbol": "DIS",
    "reportedCurrency": "USD",
    "cik": "0001744489",
    "fillingDate": "2015-12-31",
    "acceptedDate": "2015-12-30 19:00:00",
    "calendarYear": "2016",
    "period": "Q1",
    "revenue": 15244000000,
    "costOfRevenue": 8623000000,
    "grossProfit": 6621000000,
    "grossProfitRatio": 0.4343348203,
    "researchAndDevelopmentExpenses": 0,
    "generalAndAdministrativeExpenses": 0,
    "sellingAndMarketingExpenses": 0,
    "sellingGeneralAndAdministrativeExpenses": 2025000000,
    "otherExpenses": 607000000,
    "operatingExpenses": 2632000000,
    "costAndExpenses": 11255000000,
    "interestIncome": 42000000,
    "interestExpense": 66000000,
    "depreciationAndAmortization": 607000000,
    "ebitda": 5031000000,
    "ebitdaratio": 0.3300314878,
    "operatingIncome": 3989000000,
    "operatingIncomeRatio": 0.2616767253,
    "totalOtherIncomeExpensesNet": 369000000,
    "incomeBeforeTax": 4358000000,
    "incomeBeforeTaxRatio": 0.2858829703,
    "incomeTaxExpense": 1448000000,
    "netIncome": 2880000000,
    "netIncomeRatio": 0.1889267909,
    "eps": 1.74,
    "epsdiluted": 1.73,
    "weightedAverageShsOut": 1654000000,
    "weightedAverageShsOutDil": 1668000000,
    "link": "",
    "finalLink": ""
  },
  {
    "date": "2015-09-30",
    "symbol": "DIS",
    "reportedCurrency": "USD",
    "cik": "0001744489",
    "fillingDate": "2015-09-30",
    "acceptedDate": "2015-09-29 20:00:00",
    "calendarYear": "2015",
    "period": "Q4",
    "revenue": 13512000000,
    "costOfRevenue": 7355000000,
    "grossProfit": 6157000000,
    "grossProfitRatio": 0.4556690349,
    "researchAndDevelopmentExpenses": 0,
    "generalAndAdministrativeExpenses": 0,
    "sellingAndMarketingExpenses": 0,
    "sellingGeneralAndAdministrativeExpenses": 2406000000,
    "otherExpenses": 603000000,
    "operatingExpenses": 3009000000,
    "costAndExpenses": 10364000000,
    "interestIncome": 13000000,
    "interestExpense": 68000000,
    "depreciationAndAmortization": 603000000,
    "ebitda": 3895000000,
    "ebitdaratio": 0.2882622854,
    "operatingIncome": 3148000000,
    "operatingIncomeRatio": 0.2329780935,
    "totalOtherIncomeExpensesNet": 76000000,
    "incomeBeforeTax": 3224000000,
    "incomeBeforeTaxRatio": 0.2386027235,
    "incomeTaxExpense": 1483000000,
    "netIncome": 1609000000,
    "netIncomeRatio": 0.1190793369,
    "eps": 0.96,
    "epsdiluted": 0.95,
    "weightedAverageShsOut": 1679000000,
    "weightedAverageShsOutDil": 1694000000,
    "link": "",
    "finalLink": ""
  },
  {
    "date": "2015-06-30",
    "symbol": "DIS",
    "reportedCurrency": "USD",
    "cik": "0001744489",
    "fillingDate": "2015-06-30",
    "acceptedDate": "2015-06-29 20:00:00",
    "calendarYear": "2015",
    "period": "Q3",
    "revenue": 13101000000,
    "costOfRevenue": 6663000000,
    "grossProfit": 6438000000,
    "grossProfitRatio": 0.4914128692,
    "researchAndDevelopmentExpenses": 0,
    "generalAndAdministrativeExpenses": 0,
    "sellingAndMarketingExpenses": 0,
    "sellingGeneralAndAdministrativeExpenses": 2101000000,
    "otherExpenses": 575000000,
    "operatingExpenses": 2676000000,
    "costAndExpenses": 9339000000,
    "interestIncome": 50000000,
    "interestExpense": 62000000,
    "depreciationAndAmortization": 575000000,
    "ebitda": 4599000000,
    "ebitdaratio": 0.3510419052,
    "operatingIncome": 3762000000,
    "operatingIncomeRatio": 0.2871536524,
    "totalOtherIncomeExpensesNet": 200000000,
    "incomeBeforeTax": 3962000000,
    "incomeBeforeTaxRatio": 0.3024196626,
    "incomeTaxExpense": 1323000000,
    "netIncome": 2483000000,
    "netIncomeRatio": 0.189527517,
    "eps": 1.46,
    "epsdiluted": 1.45,
    "weightedAverageShsOut": 1696000000,
    "weightedAverageShsOutDil": 1711000000,
    "link": "",
    "finalLink": ""
  },
  {
    "date": "2015-03-31",
    "symbol": "DIS",
    "reportedCurrency": "USD",
    "cik": "0001744489",
    "fillingDate": "2015-03-31",
    "acceptedDate": "2015-03-30 20:00:00",
    "calendarYear": "2015",
    "period": "Q2",
    "revenue": 12461000000,
    "costOfRevenue": 6690000000,
    "grossProfit": 5771000000,
    "grossProfitRatio": 0.4631249498,
    "researchAndDevelopmentExpenses": 0,
    "generalAndAdministrativeExpenses": 0,
    "sellingAndMarketingExpenses": 0,
    "sellingGeneralAndAdministrativeExpenses": 2081000000,
    "otherExpenses": 584000000,
    "operatingExpenses": 2665000000,
    "costAndExpenses": 9355000000,
    "interestIncome": 74000000,
    "interestExpense": 66000000,
    "depreciationAndAmortization": 584000000,
    "ebitda": 3970000000,
    "ebitdaratio": 0.3185940133,
    "operatingIncome": 3106000000,
    "operatingIncomeRatio": 0.249257684,
    "totalOtherIncomeExpensesNet": 214000000,
    "incomeBeforeTax": 3320000000,
    "incomeBeforeTaxRatio": 0.2664312655,
    "incomeTaxExpense": 1092000000,
    "netIncome": 2108000000,
    "netIncomeRatio": 0.1691678035,
    "eps": 1.24,
    "epsdiluted": 1.23,
    "weightedAverageShsOut": 1699000000,
    "weightedAverageShsOutDil": 1715000000,
    "link": "",
    "finalLink": ""
  },
  {
    "date": "2014-12-31",
    "symbol": "DIS",
    "reportedCurrency": "USD",
    "cik": "0001744489",
    "fillingDate": "2014-12-31",
    "acceptedDate": "2014-12-30 19:00:00",
    "calendarYear": "2015",
    "period": "Q1",
    "revenue": 13391000000,
    "costOfRevenue": 7656000000,
    "grossProfit": 5735000000,
    "grossProfitRatio": 0.4282727205,
    "researchAndDevelopmentExpenses": 0,
    "generalAndAdministrativeExpenses": 0,
    "sellingAndMarketingExpenses": 0,
    "sellingGeneralAndAdministrativeExpenses": 1935000000,
    "otherExpenses": 592000000,
    "operatingExpenses": 2527000000,
    "costAndExpenses": 10183000000,
    "interestIncome": 11000000,
    "interestExpense": 69000000,
    "depreciationAndAmortization": 592000000,
    "ebitda": 4023000000,
    "ebitdaratio": 0.300425659,
    "operatingIncome": 3208000000,
    "operatingIncomeRatio": 0.2395638862,
    "totalOtherIncomeExpensesNet": 154000000,
    "incomeBeforeTax": 3362000000,
    "incomeBeforeTaxRatio": 0.2510641476,
    "incomeTaxExpense": 1118000000,
    "netIncome": 2182000000,
    "netIncomeRatio": 0.1629452617,
    "eps": 1.28,
    "epsdiluted": 1.27,
    "weightedAverageShsOut": 1700000000,
    "weightedAverageShsOutDil": 1717000000,
    "link": "",
    "finalLink": ""
  },
  {
    "date": "2014-09-30",
    "symbol": "DIS",
    "reportedCurrency": "USD",
    "cik": "0001744489",
    "fillingDate": "2014-09-30",
    "acceptedDate": "2014-09-29 20:00:00",
    "calendarYear": "2014",
    "period": "Q4",
    "revenue": 12389000000,
    "costOfRevenue": -860000000,
    "grossProfit": 13249000000,
    "grossProfitRatio": 1.0694164178,
    "researchAndDevelopmentExpenses": 0,
    "generalAndAdministrativeExpenses": 0,
    "sellingAndMarketingExpenses": 0,
    "sellingGeneralAndAdministrativeExpenses": 0,
    "otherExpenses": 10853000000,
    "operatingExpenses": 10853000000,
    "costAndExpenses": 9993000000,
    "interestIncome": 34000000,
    "interestExpense": 72000000,
    "depreciationAndAmortization": 590000000,
    "ebitda": 3123000000,
    "ebitdaratio": 0.2520784567,
    "operatingIncome": 2396000000,
    "operatingIncomeRatio": 0.1933973686,
    "totalOtherIncomeExpensesNet": 65000000,
    "incomeBeforeTax": 2461000000,
    "incomeBeforeTaxRatio": 0.1986439584,
    "incomeTaxExpense": 836000000,
    "netIncome": 1499000000,
    "netIncomeRatio": 0.1209944305,
    "eps": 0.87,
    "epsdiluted": 0.86,
    "weightedAverageShsOut": 1716000000,
    "weightedAverageShsOutDil": 1734000000,
    "link": "",
    "finalLink": ""
  },
  {
    "date": "2014-06-30",
    "symbol": "DIS",
    "reportedCurrency": "USD",
    "cik": "0001744489",
    "fillingDate": "2014-06-30",
    "acceptedDate": "2014-06-29 20:00:00",
    "calendarYear": "2014",
    "period": "Q3",
    "revenue": 12466000000,
    "costOfRevenue": 6364000000,
    "grossProfit": 6102000000,
    "grossProfitRatio": 0.4894914167,
    "researchAndDevelopmentExpenses": 0,
    "generalAndAdministrativeExpenses": 0,
    "sellingAndMarketingExpenses": 0,
    "sellingGeneralAndAdministrativeExpenses": 2047000000,
    "otherExpenses": 557000000,
    "operatingExpenses": 2604000000,
    "costAndExpenses": 8968000000,
    "interestIncome": 24000000,
    "interestExpense": 74000000,
    "depreciationAndAmortization": 557000000,
    "ebitda": 4301000000,
    "ebitdaratio": 0.3450184502,
    "operatingIncome": 3498000000,
    "operatingIncomeRatio": 0.2806032408,
    "totalOtherIncomeExpensesNet": 172000000,
    "incomeBeforeTax": 3670000000,
    "incomeBeforeTaxRatio": 0.2944007701,
    "incomeTaxExpense": 1251000000,
    "netIncome": 2245000000,
    "netIncomeRatio": 0.1800898444,
    "eps": 1.3,
    "epsdiluted": 1.28,
    "weightedAverageShsOut": 1732000000,
    "weightedAverageShsOutDil": 1748000000,
    "link": "",
    "finalLink": ""
  },
  {
    "date": "2014-03-31",
    "symbol": "DIS",
    "reportedCurrency": "USD",
    "cik": "0001744489",
    "fillingDate": "2014-03-31",
    "acceptedDate": "2014-03-30 20:00:00",
    "calendarYear": "2014",
    "period": "Q2",
    "revenue": 11649000000,
    "costOfRevenue": 5972000000,
    "grossProfit": 5677000000,
    "grossProfitRatio": 0.4873379689,
    "researchAndDevelopmentExpenses": 0,
    "generalAndAdministrativeExpenses": 0,
    "sellingAndMarketingExpenses": 0,
    "sellingGeneralAndAdministrativeExpenses": 2116000000,
    "otherExpenses": 580000000,
    "operatingExpenses": 2696000000,
    "costAndExpenses": 8668000000,
    "interestIncome": 129000000,
    "interestExpense": 67000000,
    "depreciationAndAmortization": 580000000,
    "ebitda": 3822000000,
    "ebitdaratio": 0.3280968323,
    "operatingIncome": 2981000000,
    "operatingIncomeRatio": 0.2559017941,
    "totalOtherIncomeExpensesNet": 194000000,
    "incomeBeforeTax": 3175000000,
    "incomeBeforeTaxRatio": 0.2725555842,
    "incomeTaxExpense": 1119000000,
    "netIncome": 1917000000,
    "netIncomeRatio": 0.1645634818,
    "eps": 1.1,
    "epsdiluted": 1.08,
    "weightedAverageShsOut": 1750000000,
    "weightedAverageShsOutDil": 1770000000,
    "link": "",
    "finalLink": ""
  },
  {
    "date": "2013-12-31",
    "symbol": "DIS",
    "reportedCurrency": "USD",
    "cik": "0001744489",
    "fillingDate": "2013-12-31",
    "acceptedDate": "2013-12-30 19:00:00",
    "calendarYear": "2014",
    "period": "Q1",
    "revenue": 12309000000,
    "costOfRevenue": 7065000000,
    "grossProfit": 5244000000,
    "grossProfitRatio": 0.4260297343,
    "researchAndDevelopmentExpenses": 0,
    "generalAndAdministrativeExpenses": 0,
    "sellingAndMarketingExpenses": 0,
    "sellingGeneralAndAdministrativeExpenses": 2018000000,
    "otherExpenses": 561000000,
    "operatingExpenses": 2579000000,
    "costAndExpenses": 9644000000,
    "interestIncome": 130000000,
    "interestExpense": 81000000,
    "depreciationAndAmortization": 561000000,
    "ebitda": 3582000000,
    "ebitdaratio": 0.2910065806,
    "operatingIncome": 2665000000,
    "operatingIncomeRatio": 0.216508246,
    "totalOtherIncomeExpensesNet": 275000000,
    "incomeBeforeTax": 2940000000,
    "incomeBeforeTaxRatio": 0.2388496222,
    "incomeTaxExpense": 1036000000,
    "netIncome": 1840000000,
    "netIncomeRatio": 0.1494841173,
    "eps": 1.04,
    "epsdiluted": 1.03,
    "weightedAverageShsOut": 1762000000,
    "weightedAverageShsOutDil": 1784000000,
    "link": "",
    "finalLink": ""
  },
  {
    "date": "2013-09-30",
    "symbol": "DIS",
    "reportedCurrency": "USD",
    "cik": "0001744489",
    "fillingDate": "2013-09-30",
    "acceptedDate": "2013-09-29 20:00:00",
    "calendarYear": "2013",
    "period": "Q4",
    "revenue": 11568000000,
    "costOfRevenue": 9409000000,
    "grossProfit": 2159000000,
    "grossProfitRatio": 0.1866355463,
    "researchAndDevelopmentExpenses": 0,
    "generalAndAdministrativeExpenses": 0,
    "sellingAndMarketingExpenses": 0,
    "sellingGeneralAndAdministrativeExpenses": 0,
    "otherExpenses": 0,
    "operatingExpenses": 0,
    "costAndExpenses": 9409000000,
    "interestIncome": 55000000,
    "interestExpense": 81000000,
    "depreciationAndAmortization": 559000000,
    "ebitda": 2864000000,
    "ebitdaratio": 0.2475795297,
    "operatingIncome": 2159000000,
    "operatingIncomeRatio": 0.1866355463,
    "totalOtherIncomeExpensesNet": 65000000,
    "incomeBeforeTax": 2224000000,
    "incomeBeforeTaxRatio": 0.1922544952,
    "incomeTaxExpense": 681000000,
    "netIncome": 1394000000,
    "netIncomeRatio": 0.1205048409,
    "eps": 0.78,
    "epsdiluted": 0.77,
    "weightedAverageShsOut": 1786000000,
    "weightedAverageShsOutDil": 1805000000,
    "link": "",
    "finalLink": ""
  },
  {
    "date": "2013-06-30",
    "symbol": "DIS",
    "reportedCurrency": "USD",
    "cik": "0001744489",
    "fillingDate": "2013-06-30",
    "acceptedDate": "2013-06-29 20:00:00",
    "calendarYear": "2013",
    "period": "Q3",
    "revenue": 11578000000,
    "costOfRevenue": 8574000000,
    "grossProfit": 3004000000,
    "grossProfitRatio": 0.259457592,
    "researchAndDevelopmentExpenses": 0,
    "generalAndAdministrativeExpenses": 0,
    "sellingAndMarketingExpenses": 0,
    "sellingGeneralAndAdministrativeExpenses": 0,
    "otherExpenses": 0,
    "operatingExpenses": 0,
    "costAndExpenses": 8574000000,
    "interestIncome": 10000000,
    "interestExpense": 93000000,
    "depreciationAndAmortization": 569000000,
    "ebitda": 3755000000,
    "ebitdaratio": 0.32432199,
    "operatingIncome": 3004000000,
    "operatingIncomeRatio": 0.259457592,
    "totalOtherIncomeExpensesNet": 89000000,
    "incomeBeforeTax": 3093000000,
    "incomeBeforeTaxRatio": 0.2671445846,
    "incomeTaxExpense": 1059000000,
    "netIncome": 1847000000,
    "netIncomeRatio": 0.1595266885,
    "eps": 1.02,
    "epsdiluted": 1.01,
    "weightedAverageShsOut": 1802000000,
    "weightedAverageShsOutDil": 1821000000,
    "link": "",
    "finalLink": ""
  },
  {
    "date": "2013-03-31",
    "symbol": "DIS",
    "reportedCurrency": "USD",
    "cik": "0001744489",
    "fillingDate": "2013-03-31",
    "acceptedDate": "2013-03-30 20:00:00",
    "calendarYear": "2013",
    "period": "Q2",
    "revenue": 10554000000,
    "costOfRevenue": 8359000000,
    "grossProfit": 2195000000,
    "grossProfitRatio": 0.2079780178,
    "researchAndDevelopmentExpenses": 0,
    "generalAndAdministrativeExpenses": 0,
    "sellingAndMarketingExpenses": 0,
    "sellingGeneralAndAdministrativeExpenses": 0,
    "otherExpenses": 0,
    "operatingExpenses": 0,
    "costAndExpenses": 8359000000,
    "interestIncome": 29000000,
    "interestExpense": 83000000,
    "depreciationAndAmortization": 550000000,
    "ebitda": 2908000000,
    "ebitdaratio": 0.2755353421,
    "operatingIncome": 2195000000,
    "operatingIncomeRatio": 0.2079780178,
    "totalOtherIncomeExpensesNet": 80000000,
    "incomeBeforeTax": 2275000000,
    "incomeBeforeTaxRatio": 0.2155580822,
    "incomeTaxExpense": 654000000,
    "netIncome": 1513000000,
    "netIncomeRatio": 0.1433579685,
    "eps": 0.84,
    "epsdiluted": 0.83,
    "weightedAverageShsOut": 1804000000,
    "weightedAverageShsOutDil": 1825000000,
    "link": "",
    "finalLink": ""
  },
  {
    "date": "2012-12-31",
    "symbol": "DIS",
    "reportedCurrency": "USD",
    "cik": "0001744489",
    "fillingDate": "2012-12-31",
    "acceptedDate": "2012-12-30 19:00:00",
    "calendarYear": "2013",
    "period": "Q1",
    "revenue": 11341000000,
    "costOfRevenue": 9249000000,
    "grossProfit": 2092000000,
    "grossProfitRatio": 0.1844634512,
    "researchAndDevelopmentExpenses": 0,
    "generalAndAdministrativeExpenses": 0,
    "sellingAndMarketingExpenses": 0,
    "sellingGeneralAndAdministrativeExpenses": 0,
    "otherExpenses": 0,
    "operatingExpenses": 0,
    "costAndExpenses": 9249000000,
    "interestIncome": 20000000,
    "interestExpense": 92000000,
    "depreciationAndAmortization": 514000000,
    "ebitda": 2634000000,
    "ebitdaratio": 0.2322546513,
    "operatingIncome": 2092000000,
    "operatingIncomeRatio": 0.1844634512,
    "totalOtherIncomeExpensesNet": -64000000,
    "incomeBeforeTax": 2028000000,
    "incomeBeforeTaxRatio": 0.1788202099,
    "incomeTaxExpense": 590000000,
    "netIncome": 1382000000,
    "netIncomeRatio": 0.1218587426,
    "eps": 0.78,
    "epsdiluted": 0.77,
    "weightedAverageShsOut": 1777000000,
    "weightedAverageShsOutDil": 1800000000,
    "link": "",
    "finalLink": ""
  },
  {
    "date": "2012-09-30",
    "symbol": "DIS",
    "reportedCurrency": "USD",
    "cik": "0001744489",
    "fillingDate": "2012-09-30",
    "acceptedDate": "2012-09-29 20:00:00",
    "calendarYear": "2012",
    "period": "Q4",
    "revenue": 10782000000,
    "costOfRevenue": 8758000000,
    "grossProfit": 2024000000,
    "grossProfitRatio": 0.1877202745,
    "researchAndDevelopmentExpenses": 0,
    "generalAndAdministrativeExpenses": 0,
    "sellingAndMarketingExpenses": 0,
    "sellingGeneralAndAdministrativeExpenses": 0,
    "otherExpenses": 0,
    "operatingExpenses": 0,
    "costAndExpenses": 8758000000,
    "interestIncome": 24000000,
    "interestExpense": 115000000,
    "depreciationAndAmortization": 492000000,
    "ebitda": 2721000000,
    "ebitdaratio": 0.2523650529,
    "operatingIncome": 2024000000,
    "operatingIncomeRatio": 0.1877202745,
    "totalOtherIncomeExpensesNet": 90000000,
    "incomeBeforeTax": 2114000000,
    "incomeBeforeTaxRatio": 0.1960675199,
    "incomeTaxExpense": 724000000,
    "netIncome": 1244000000,
    "netIncomeRatio": 0.115377481,
    "eps": 0.69,
    "epsdiluted": 0.68,
    "weightedAverageShsOut": 1793000000,
    "weightedAverageShsOutDil": 1817000000,
    "link": "",
    "finalLink": ""
  },
  {
    "date": "2012-06-30",
    "symbol": "DIS",
    "reportedCurrency": "USD",
    "cik": "0001744489",
    "fillingDate": "2012-06-30",
    "acceptedDate": "2012-06-29 20:00:00",
    "calendarYear": "2012",
    "period": "Q3",
    "revenue": 11088000000,
    "costOfRevenue": 8128000000,
    "grossProfit": 2960000000,
    "grossProfitRatio": 0.266955267,
    "researchAndDevelopmentExpenses": 0,
    "generalAndAdministrativeExpenses": 0,
    "sellingAndMarketingExpenses": 0,
    "sellingGeneralAndAdministrativeExpenses": 0,
    "otherExpenses": 0,
    "operatingExpenses": 0,
    "costAndExpenses": 8128000000,
    "interestIncome": 22000000,
    "interestExpense": 115000000,
    "depreciationAndAmortization": 522000000,
    "ebitda": 3666000000,
    "ebitdaratio": 0.3306277056,
    "operatingIncome": 2960000000,
    "operatingIncomeRatio": 0.266955267,
    "totalOtherIncomeExpensesNet": 69000000,
    "incomeBeforeTax": 3029000000,
    "incomeBeforeTaxRatio": 0.2731782107,
    "incomeTaxExpense": 993000000,
    "netIncome": 1831000000,
    "netIncomeRatio": 0.1651334776,
    "eps": 1.02,
    "epsdiluted": 1.01,
    "weightedAverageShsOut": 1791000000,
    "weightedAverageShsOutDil": 1812000000,
    "link": "",
    "finalLink": ""
  },
  {
    "date": "2012-03-31",
    "symbol": "DIS",
    "reportedCurrency": "USD",
    "cik": "0001744489",
    "fillingDate": "2012-03-31",
    "acceptedDate": "2012-03-30 20:00:00",
    "calendarYear": "2012",
    "period": "Q2",
    "revenue": 9629000000,
    "costOfRevenue": 7942000000,
    "grossProfit": 1687000000,
    "grossProfitRatio": 0.1751999169,
    "researchAndDevelopmentExpenses": 0,
    "generalAndAdministrativeExpenses": 0,
    "sellingAndMarketingExpenses": 0,
    "sellingGeneralAndAdministrativeExpenses": 0,
    "otherExpenses": 0,
    "operatingExpenses": 0,
    "costAndExpenses": 7942000000,
    "interestIncome": 31000000,
    "interestExpense": 126000000,
    "depreciationAndAmortization": 488000000,
    "ebitda": 2490000000,
    "ebitdaratio": 0.2585938311,
    "operatingIncome": 1687000000,
    "operatingIncomeRatio": 0.1751999169,
    "totalOtherIncomeExpensesNet": 189000000,
    "incomeBeforeTax": 1876000000,
    "incomeBeforeTaxRatio": 0.1948281234,
    "incomeTaxExpense": 650000000,
    "netIncome": 1143000000,
    "netIncomeRatio": 0.1187039153,
    "eps": 0.64,
    "epsdiluted": 0.63,
    "weightedAverageShsOut": 1793000000,
    "weightedAverageShsOutDil": 1818000000,
    "link": "",
    "finalLink": ""
  },
  {
    "date": "2011-12-31",
    "symbol": "DIS",
    "reportedCurrency": "USD",
    "cik": "0001744489",
    "fillingDate": "2011-12-31",
    "acceptedDate": "2011-12-30 19:00:00",
    "calendarYear": "2012",
    "period": "Q1",
    "revenue": 10779000000,
    "costOfRevenue": 8587000000,
    "grossProfit": 2192000000,
    "grossProfitRatio": 0.203358382,
    "researchAndDevelopmentExpenses": 0,
    "generalAndAdministrativeExpenses": 0,
    "sellingAndMarketingExpenses": 0,
    "sellingGeneralAndAdministrativeExpenses": 0,
    "otherExpenses": 0,
    "operatingExpenses": 0,
    "costAndExpenses": 8587000000,
    "interestIncome": 26000000,
    "interestExpense": 116000000,
    "depreciationAndAmortization": 485000000,
    "ebitda": 2842000000,
    "ebitdaratio": 0.263660822,
    "operatingIncome": 2192000000,
    "operatingIncomeRatio": 0.203358382,
    "totalOtherIncomeExpensesNet": 49000000,
    "incomeBeforeTax": 2241000000,
    "incomeBeforeTaxRatio": 0.2079042583,
    "incomeTaxExpense": 720000000,
    "netIncome": 1464000000,
    "netIncomeRatio": 0.1358196493,
    "eps": 0.81,
    "epsdiluted": 0.8,
    "weightedAverageShsOut": 1798000000,
    "weightedAverageShsOutDil": 1824000000,
    "link": "",
    "finalLink": ""
  },
  {
    "date": "2011-09-30",
    "symbol": "DIS",
    "reportedCurrency": "USD",
    "cik": "0001744489",
    "fillingDate": "2011-09-30",
    "acceptedDate": "2011-09-29 20:00:00",
    "calendarYear": "2011",
    "period": "Q4",
    "revenue": 10425000000,
    "costOfRevenue": 8558000000,
    "grossProfit": 1867000000,
    "grossProfitRatio": 0.179088729,
    "researchAndDevelopmentExpenses": 0,
    "generalAndAdministrativeExpenses": 0,
    "sellingAndMarketingExpenses": 0,
    "sellingGeneralAndAdministrativeExpenses": 0,
    "otherExpenses": 0,
    "operatingExpenses": 0,
    "costAndExpenses": 8558000000,
    "interestIncome": 34000000,
    "interestExpense": 111000000,
    "depreciationAndAmortization": 462000000,
    "ebitda": 2476000000,
    "ebitdaratio": 0.2375059952,
    "operatingIncome": 1867000000,
    "operatingIncomeRatio": 0.179088729,
    "totalOtherIncomeExpensesNet": 36000000,
    "incomeBeforeTax": 1903000000,
    "incomeBeforeTaxRatio": 0.1825419664,
    "incomeTaxExpense": 652000000,
    "netIncome": 1087000000,
    "netIncomeRatio": 0.1042685851,
    "eps": 0.59,
    "epsdiluted": 0.58,
    "weightedAverageShsOut": 1798000000,
    "weightedAverageShsOutDil": 1798000000,
    "link": "",
    "finalLink": ""
  },
  {
    "date": "2011-06-30",
    "symbol": "DIS",
    "reportedCurrency": "USD",
    "cik": "0001744489",
    "fillingDate": "2011-06-30",
    "acceptedDate": "2011-06-29 20:00:00",
    "calendarYear": "2011",
    "period": "Q3",
    "revenue": 10675000000,
    "costOfRevenue": 8229000000,
    "grossProfit": 2446000000,
    "grossProfitRatio": 0.2291334895,
    "researchAndDevelopmentExpenses": 0,
    "generalAndAdministrativeExpenses": 0,
    "sellingAndMarketingExpenses": 0,
    "sellingGeneralAndAdministrativeExpenses": 0,
    "otherExpenses": 0,
    "operatingExpenses": 0,
    "costAndExpenses": 8229000000,
    "interestIncome": 25000000,
    "interestExpense": 113000000,
    "depreciationAndAmortization": 476000000,
    "ebitda": 3097000000,
    "ebitdaratio": 0.290117096,
    "operatingIncome": 2446000000,
    "operatingIncomeRatio": 0.2291334895,
    "totalOtherIncomeExpensesNet": 62000000,
    "incomeBeforeTax": 2508000000,
    "incomeBeforeTaxRatio": 0.234941452,
    "incomeTaxExpense": 845000000,
    "netIncome": 1476000000,
    "netIncomeRatio": 0.1382669789,
    "eps": 0.78,
    "epsdiluted": 0.77,
    "weightedAverageShsOut": 1883000000,
    "weightedAverageShsOutDil": 1912000000,
    "link": "",
    "finalLink": ""
  },
  {
    "date": "2011-03-31",
    "symbol": "DIS",
    "reportedCurrency": "USD",
    "cik": "0001744489",
    "fillingDate": "2011-03-31",
    "acceptedDate": "2011-03-30 20:00:00",
    "calendarYear": "2011",
    "period": "Q2",
    "revenue": 9077000000,
    "costOfRevenue": 7549000000,
    "grossProfit": 1528000000,
    "grossProfitRatio": 0.1683375565,
    "researchAndDevelopmentExpenses": 0,
    "generalAndAdministrativeExpenses": 0,
    "sellingAndMarketingExpenses": 0,
    "sellingGeneralAndAdministrativeExpenses": 0,
    "otherExpenses": 0,
    "operatingExpenses": 0,
    "costAndExpenses": 7549000000,
    "interestIncome": 28000000,
    "interestExpense": 111000000,
    "depreciationAndAmortization": 456000000,
    "ebitda": 2135000000,
    "ebitdaratio": 0.2352098711,
    "operatingIncome": 1528000000,
    "operatingIncomeRatio": 0.1683375565,
    "totalOtherIncomeExpensesNet": 40000000,
    "incomeBeforeTax": 1568000000,
    "incomeBeforeTaxRatio": 0.1727442988,
    "incomeTaxExpense": 558000000,
    "netIncome": 942000000,
    "netIncomeRatio": 0.1037787815,
    "eps": 0.5,
    "epsdiluted": 0.49,
    "weightedAverageShsOut": 1899000000,
    "weightedAverageShsOutDil": 1934000000,
    "link": "",
    "finalLink": ""
  },
  {
    "date": "2010-12-31",
    "symbol": "DIS",
    "reportedCurrency": "USD",
    "cik": "0001744489",
    "fillingDate": "2010-12-31",
    "acceptedDate": "2010-12-30 19:00:00",
    "calendarYear": "2011",
    "period": "Q1",
    "revenue": 10716000000,
    "costOfRevenue": 8776000000,
    "grossProfit": 1940000000,
    "grossProfitRatio": 0.1810377006,
    "researchAndDevelopmentExpenses": 0,
    "generalAndAdministrativeExpenses": 0,
    "sellingAndMarketingExpenses": 0,
    "sellingGeneralAndAdministrativeExpenses": 0,
    "otherExpenses": 0,
    "operatingExpenses": 0,
    "costAndExpenses": 8776000000,
    "interestIncome": 5000000,
    "interestExpense": 100000000,
    "depreciationAndAmortization": 447000000,
    "ebitda": 2611000000,
    "ebitdaratio": 0.2436543486,
    "operatingIncome": 1940000000,
    "operatingIncomeRatio": 0.1810377006,
    "totalOtherIncomeExpensesNet": 124000000,
    "incomeBeforeTax": 2064000000,
    "incomeBeforeTaxRatio": 0.1926091825,
    "incomeTaxExpense": 730000000,
    "netIncome": 1302000000,
    "netIncomeRatio": 0.1215005599,
    "eps": 0.69,
    "epsdiluted": 0.68,
    "weightedAverageShsOut": 1891000000,
    "weightedAverageShsOutDil": 1927000000,
    "link": "",
    "finalLink": ""
  },
  {
    "date": "2010-09-30",
    "symbol": "DIS",
    "reportedCurrency": "USD",
    "cik": "0001744489",
    "fillingDate": "2010-09-30",
    "acceptedDate": "2010-09-29 20:00:00",
    "calendarYear": "2010",
    "period": "Q4",
    "revenue": 9742000000,
    "costOfRevenue": 8221000000,
    "grossProfit": 1521000000,
    "grossProfitRatio": 0.1561281051,
    "researchAndDevelopmentExpenses": 0,
    "generalAndAdministrativeExpenses": 0,
    "sellingAndMarketingExpenses": 0,
    "sellingGeneralAndAdministrativeExpenses": 0,
    "otherExpenses": 0,
    "operatingExpenses": 0,
    "costAndExpenses": 8221000000,
    "interestIncome": 1000000,
    "interestExpense": 88000000,
    "depreciationAndAmortization": 434000000,
    "ebitda": 1956000000,
    "ebitdaratio": 0.2007801273,
    "operatingIncome": 1521000000,
    "operatingIncomeRatio": 0.1561281051,
    "totalOtherIncomeExpensesNet": -87000000,
    "incomeBeforeTax": 1434000000,
    "incomeBeforeTaxRatio": 0.1471977007,
    "incomeTaxExpense": 468000000,
    "netIncome": 835000000,
    "netIncomeRatio": 0.0857113529,
    "eps": 0.45,
    "epsdiluted": 0.44,
    "weightedAverageShsOut": 1891000000,
    "weightedAverageShsOutDil": 1891000000,
    "link": "",
    "finalLink": ""
  },
  {
    "date": "2010-06-30",
    "symbol": "DIS",
    "reportedCurrency": "USD",
    "cik": "0001744489",
    "fillingDate": "2010-06-30",
    "acceptedDate": "2010-06-29 20:00:00",
    "calendarYear": "2010",
    "period": "Q3",
    "revenue": 10002000000,
    "costOfRevenue": 7723000000,
    "grossProfit": 2279000000,
    "grossProfitRatio": 0.2278544291,
    "researchAndDevelopmentExpenses": 0,
    "generalAndAdministrativeExpenses": 0,
    "sellingAndMarketingExpenses": 0,
    "sellingGeneralAndAdministrativeExpenses": 0,
    "otherExpenses": 0,
    "operatingExpenses": 0,
    "costAndExpenses": 7723000000,
    "interestIncome": 14000000,
    "interestExpense": 103000000,
    "depreciationAndAmortization": 432000000,
    "ebitda": 2871000000,
    "ebitdaratio": 0.2870425915,
    "operatingIncome": 2279000000,
    "operatingIncomeRatio": 0.2278544291,
    "totalOtherIncomeExpensesNet": 57000000,
    "incomeBeforeTax": 2336000000,
    "incomeBeforeTaxRatio": 0.2335532893,
    "incomeTaxExpense": 831000000,
    "netIncome": 1331000000,
    "netIncomeRatio": 0.1330733853,
    "eps": 0.68,
    "epsdiluted": 0.67,
    "weightedAverageShsOut": 1945000000,
    "weightedAverageShsOutDil": 1978000000,
    "link": "",
    "finalLink": ""
  },
  {
    "date": "2010-03-31",
    "symbol": "DIS",
    "reportedCurrency": "USD",
    "cik": "0001744489",
    "fillingDate": "2010-03-31",
    "acceptedDate": "2010-03-30 20:00:00",
    "calendarYear": "2010",
    "period": "Q2",
    "revenue": 8580000000,
    "costOfRevenue": 7068000000,
    "grossProfit": 1512000000,
    "grossProfitRatio": 0.1762237762,
    "researchAndDevelopmentExpenses": 0,
    "generalAndAdministrativeExpenses": 0,
    "sellingAndMarketingExpenses": 0,
    "sellingGeneralAndAdministrativeExpenses": 0,
    "otherExpenses": 0,
    "operatingExpenses": 0,
    "costAndExpenses": 7068000000,
    "interestIncome": 17000000,
    "interestExpense": 147000000,
    "depreciationAndAmortization": 424000000,
    "ebitda": 2106000000,
    "ebitdaratio": 0.2454545455,
    "operatingIncome": 1512000000,
    "operatingIncomeRatio": 0.1762237762,
    "totalOtherIncomeExpensesNet": 23000000,
    "incomeBeforeTax": 1535000000,
    "incomeBeforeTaxRatio": 0.1789044289,
    "incomeTaxExpense": 537000000,
    "netIncome": 953000000,
    "netIncomeRatio": 0.1110722611,
    "eps": 0.49,
    "epsdiluted": 0.48,
    "weightedAverageShsOut": 1940000000,
    "weightedAverageShsOutDil": 1973000000,
    "link": "",
    "finalLink": ""
  },
  {
    "date": "2009-12-31",
    "symbol": "DIS",
    "reportedCurrency": "USD",
    "cik": "0001744489",
    "fillingDate": "2009-12-31",
    "acceptedDate": "2009-12-30 19:00:00",
    "calendarYear": "2010",
    "period": "Q1",
    "revenue": 9739000000,
    "costOfRevenue": 8325000000,
    "grossProfit": 1414000000,
    "grossProfitRatio": 0.1451894445,
    "researchAndDevelopmentExpenses": 0,
    "generalAndAdministrativeExpenses": 0,
    "sellingAndMarketingExpenses": 0,
    "sellingGeneralAndAdministrativeExpenses": 0,
    "otherExpenses": 0,
    "operatingExpenses": 0,
    "costAndExpenses": 8325000000,
    "interestIncome": 15000000,
    "interestExpense": 118000000,
    "depreciationAndAmortization": 423000000,
    "ebitda": 1863000000,
    "ebitdaratio": 0.1912927405,
    "operatingIncome": 1414000000,
    "operatingIncomeRatio": 0.1451894445,
    "totalOtherIncomeExpensesNet": -92000000,
    "incomeBeforeTax": 1322000000,
    "incomeBeforeTaxRatio": 0.1357428894,
    "incomeTaxExpense": 478000000,
    "netIncome": 844000000,
    "netIncomeRatio": 0.0866618749,
    "eps": 0.45,
    "epsdiluted": 0.44,
    "weightedAverageShsOut": 1867000000,
    "weightedAverageShsOutDil": 1903000000,
    "link": "",
    "finalLink": ""
  },
  {
    "date": "2009-09-30",
    "symbol": "DIS",
    "reportedCurrency": "USD",
    "cik": "0001744489",
    "fillingDate": "2009-09-30",
    "acceptedDate": "2009-09-29 20:00:00",
    "calendarYear": "2009",
    "period": "Q4",
    "revenue": 9867000000,
    "costOfRevenue": 8272000000,
    "grossProfit": 1595000000,
    "grossProfitRatio": 0.1616499443,
    "researchAndDevelopmentExpenses": 0,
    "generalAndAdministrativeExpenses": 0,
    "sellingAndMarketingExpenses": 0,
    "sellingGeneralAndAdministrativeExpenses": 0,
    "otherExpenses": 0,
    "operatingExpenses": 0,
    "costAndExpenses": 8272000000,
    "interestIncome": 0,
    "interestExpense": 124000000,
    "depreciationAndAmortization": 425000000,
    "ebitda": 2210000000,
    "ebitdaratio": 0.2239789196,
    "operatingIncome": 1595000000,
    "operatingIncomeRatio": 0.1616499443,
    "totalOtherIncomeExpensesNet": 66000000,
    "incomeBeforeTax": 1661000000,
    "incomeBeforeTaxRatio": 0.1683389075,
    "incomeTaxExpense": 587000000,
    "netIncome": 895000000,
    "netIncomeRatio": 0.0907063951,
    "eps": 0.48,
    "epsdiluted": 0.47,
    "weightedAverageShsOut": 1859000000,
    "weightedAverageShsOutDil": 1867000000,
    "link": "",
    "finalLink": ""
  },
  {
    "date": "2009-06-30",
    "symbol": "DIS",
    "reportedCurrency": "USD",
    "cik": "0001744489",
    "fillingDate": "2009-06-30",
    "acceptedDate": "2009-06-29 20:00:00",
    "calendarYear": "2009",
    "period": "Q3",
    "revenue": 8596000000,
    "costOfRevenue": 6998000000,
    "grossProfit": 1598000000,
    "grossProfitRatio": 0.1859004188,
    "researchAndDevelopmentExpenses": 0,
    "generalAndAdministrativeExpenses": 0,
    "sellingAndMarketingExpenses": 0,
    "sellingGeneralAndAdministrativeExpenses": 0,
    "otherExpenses": 0,
    "operatingExpenses": 0,
    "costAndExpenses": 6998000000,
    "interestIncome": 59000000,
    "interestExpense": 134000000,
    "depreciationAndAmortization": 404000000,
    "ebitda": 2195000000,
    "ebitdaratio": 0.2553513262,
    "operatingIncome": 1598000000,
    "operatingIncomeRatio": 0.1859004188,
    "totalOtherIncomeExpensesNet": 59000000,
    "incomeBeforeTax": 1657000000,
    "incomeBeforeTaxRatio": 0.1927640763,
    "incomeTaxExpense": 626000000,
    "netIncome": 954000000,
    "netIncomeRatio": 0.110981852,
    "eps": 0.51,
    "epsdiluted": 0.51,
    "weightedAverageShsOut": 1857000000,
    "weightedAverageShsOutDil": 1874000000,
    "link": "",
    "finalLink": ""
  },
  {
    "date": "2009-03-31",
    "symbol": "DIS",
    "reportedCurrency": "USD",
    "cik": "0001744489",
    "fillingDate": "2009-03-31",
    "acceptedDate": "2009-03-30 20:00:00",
    "calendarYear": "2009",
    "period": "Q2",
    "revenue": 8087000000,
    "costOfRevenue": 6800000000,
    "grossProfit": 1287000000,
    "grossProfitRatio": 0.1591443057,
    "researchAndDevelopmentExpenses": 0,
    "generalAndAdministrativeExpenses": 0,
    "sellingAndMarketingExpenses": 0,
    "sellingGeneralAndAdministrativeExpenses": 0,
    "otherExpenses": 0,
    "operatingExpenses": 0,
    "costAndExpenses": 6800000000,
    "interestIncome": 22000000,
    "interestExpense": 128000000,
    "depreciationAndAmortization": 406000000,
    "ebitda": 1535000000,
    "ebitdaratio": 0.1898108075,
    "operatingIncome": 1287000000,
    "operatingIncomeRatio": 0.1591443057,
    "totalOtherIncomeExpensesNet": -286000000,
    "incomeBeforeTax": 1001000000,
    "incomeBeforeTaxRatio": 0.1237789044,
    "incomeTaxExpense": 348000000,
    "netIncome": 613000000,
    "netIncomeRatio": 0.0758006677,
    "eps": 0.33,
    "epsdiluted": 0.33,
    "weightedAverageShsOut": 1855000000,
    "weightedAverageShsOutDil": 1868000000,
    "link": "",
    "finalLink": ""
  },
  {
    "date": "2008-12-31",
    "symbol": "DIS",
    "reportedCurrency": "USD",
    "cik": "0001744489",
    "fillingDate": "2008-12-31",
    "acceptedDate": "2008-12-30 19:00:00",
    "calendarYear": "2009",
    "period": "Q1",
    "revenue": 9599000000,
    "costOfRevenue": 8382000000,
    "grossProfit": 1217000000,
    "grossProfitRatio": 0.12678404,
    "researchAndDevelopmentExpenses": 0,
    "generalAndAdministrativeExpenses": 0,
    "sellingAndMarketingExpenses": 0,
    "sellingGeneralAndAdministrativeExpenses": 0,
    "otherExpenses": 0,
    "operatingExpenses": 0,
    "costAndExpenses": 8382000000,
    "interestIncome": 0,
    "interestExpense": 139000000,
    "depreciationAndAmortization": 396000000,
    "ebitda": 1874000000,
    "ebitdaratio": 0.1952286697,
    "operatingIncome": 1217000000,
    "operatingIncomeRatio": 0.12678404,
    "totalOtherIncomeExpensesNet": 122000000,
    "incomeBeforeTax": 1339000000,
    "incomeBeforeTaxRatio": 0.1394936973,
    "incomeTaxExpense": 488000000,
    "netIncome": 845000000,
    "netIncomeRatio": 0.0880300031,
    "eps": 0.46,
    "epsdiluted": 0.45,
    "weightedAverageShsOut": 1852000000,
    "weightedAverageShsOutDil": 1872000000,
    "link": "",
    "finalLink": ""
  },
  {
    "date": "2008-09-30",
    "symbol": "DIS",
    "reportedCurrency": "USD",
    "cik": "0001744489",
    "fillingDate": "2008-09-30",
    "acceptedDate": "2008-09-29 20:00:00",
    "calendarYear": "2008",
    "period": "Q4",
    "revenue": 9445000000,
    "costOfRevenue": 7993000000,
    "grossProfit": 1452000000,
    "grossProfitRatio": 0.1537321334,
    "researchAndDevelopmentExpenses": 0,
    "generalAndAdministrativeExpenses": 0,
    "sellingAndMarketingExpenses": 0,
    "sellingGeneralAndAdministrativeExpenses": 0,
    "otherExpenses": 0,
    "operatingExpenses": 0,
    "costAndExpenses": 7993000000,
    "interestIncome": 0,
    "interestExpense": 0,
    "depreciationAndAmortization": 404000000,
    "ebitda": 1856000000,
    "ebitdaratio": 0.1965060879,
    "operatingIncome": 1452000000,
    "operatingIncomeRatio": 0.1537321334,
    "totalOtherIncomeExpensesNet": -65000000,
    "incomeBeforeTax": 1387000000,
    "incomeBeforeTaxRatio": 0.1468501853,
    "incomeTaxExpense": 490000000,
    "netIncome": 760000000,
    "netIncomeRatio": 0.0804658549,
    "eps": 0.4,
    "epsdiluted": 0.41,
    "weightedAverageShsOut": 1852000000,
    "weightedAverageShsOutDil": 1852000000,
    "link": "",
    "finalLink": ""
  },
  {
    "date": "2008-06-30",
    "symbol": "DIS",
    "reportedCurrency": "USD",
    "cik": "0001744489",
    "fillingDate": "2008-06-30",
    "acceptedDate": "2008-06-29 20:00:00",
    "calendarYear": "2008",
    "period": "Q3",
    "revenue": 9236000000,
    "costOfRevenue": 7215000000,
    "grossProfit": 2021000000,
    "grossProfitRatio": 0.21881767,
    "researchAndDevelopmentExpenses": 0,
    "generalAndAdministrativeExpenses": 0,
    "sellingAndMarketingExpenses": 0,
    "sellingGeneralAndAdministrativeExpenses": 0,
    "otherExpenses": 0,
    "operatingExpenses": 0,
    "costAndExpenses": 7215000000,
    "interestIncome": 0,
    "interestExpense": 141000000,
    "depreciationAndAmortization": 402000000,
    "ebitda": 2630000000,
    "ebitdaratio": 0.2847553053,
    "operatingIncome": 2021000000,
    "operatingIncomeRatio": 0.21881767,
    "totalOtherIncomeExpensesNet": 66000000,
    "incomeBeforeTax": 2087000000,
    "incomeBeforeTaxRatio": 0.2259636206,
    "incomeTaxExpense": 712000000,
    "netIncome": 1284000000,
    "netIncomeRatio": 0.1390212213,
    "eps": 0.68,
    "epsdiluted": 0.66,
    "weightedAverageShsOut": 1900000000,
    "weightedAverageShsOutDil": 1940000000,
    "link": "",
    "finalLink": ""
  },
  {
    "date": "2008-03-31",
    "symbol": "DIS",
    "reportedCurrency": "USD",
    "cik": "0001744489",
    "fillingDate": "2008-03-31",
    "acceptedDate": "2008-03-30 20:00:00",
    "calendarYear": "2008",
    "period": "Q2",
    "revenue": 8710000000,
    "costOfRevenue": 6812000000,
    "grossProfit": 1898000000,
    "grossProfitRatio": 0.2179104478,
    "researchAndDevelopmentExpenses": 0,
    "generalAndAdministrativeExpenses": 0,
    "sellingAndMarketingExpenses": 0,
    "sellingGeneralAndAdministrativeExpenses": 0,
    "otherExpenses": 0,
    "operatingExpenses": 0,
    "costAndExpenses": 6812000000,
    "interestIncome": 39000000,
    "interestExpense": 186000000,
    "depreciationAndAmortization": 391000000,
    "ebitda": 2472000000,
    "ebitdaratio": 0.2838117107,
    "operatingIncome": 1898000000,
    "operatingIncomeRatio": 0.2179104478,
    "totalOtherIncomeExpensesNet": -3000000,
    "incomeBeforeTax": 1895000000,
    "incomeBeforeTaxRatio": 0.2175660161,
    "incomeTaxExpense": 712000000,
    "netIncome": 1133000000,
    "netIncomeRatio": 0.1300803674,
    "eps": 0.6,
    "epsdiluted": 0.58,
    "weightedAverageShsOut": 1883000000,
    "weightedAverageShsOutDil": 1960000000,
    "link": "",
    "finalLink": ""
  },
  {
    "date": "2007-12-31",
    "symbol": "DIS",
    "reportedCurrency": "USD",
    "cik": "0001744489",
    "fillingDate": "2007-12-31",
    "acceptedDate": "2007-12-30 19:00:00",
    "calendarYear": "2008",
    "period": "Q1",
    "revenue": 10452000000,
    "costOfRevenue": 8419000000,
    "grossProfit": 2033000000,
    "grossProfitRatio": 0.1945082281,
    "researchAndDevelopmentExpenses": 0,
    "generalAndAdministrativeExpenses": 0,
    "sellingAndMarketingExpenses": 0,
    "sellingGeneralAndAdministrativeExpenses": 0,
    "otherExpenses": 0,
    "operatingExpenses": 0,
    "costAndExpenses": 8419000000,
    "interestIncome": 0,
    "interestExpense": 0,
    "depreciationAndAmortization": 385000000,
    "ebitda": 2418000000,
    "ebitdaratio": 0.2313432836,
    "operatingIncome": 2033000000,
    "operatingIncomeRatio": 0.1945082281,
    "totalOtherIncomeExpensesNet": 0,
    "incomeBeforeTax": 2033000000,
    "incomeBeforeTaxRatio": 0.1945082281,
    "incomeTaxExpense": 759000000,
    "netIncome": 1250000000,
    "netIncomeRatio": 0.119594336,
    "eps": 0.66,
    "epsdiluted": 0.63,
    "weightedAverageShsOut": 1904000000,
    "weightedAverageShsOutDil": 1989000000,
    "link": "",
    "finalLink": ""
  },
  {
    "date": "2007-09-30",
    "symbol": "DIS",
    "reportedCurrency": "USD",
    "cik": "0001744489",
    "fillingDate": "2007-09-30",
    "acceptedDate": "2007-09-29 20:00:00",
    "calendarYear": "2007",
    "period": "Q4",
    "revenue": 8930000000,
    "costOfRevenue": 7359000000,
    "grossProfit": 1571000000,
    "grossProfitRatio": 0.1759238522,
    "researchAndDevelopmentExpenses": 0,
    "generalAndAdministrativeExpenses": 0,
    "sellingAndMarketingExpenses": 0,
    "sellingGeneralAndAdministrativeExpenses": 0,
    "otherExpenses": 0,
    "operatingExpenses": 0,
    "costAndExpenses": 7359000000,
    "interestIncome": 0,
    "interestExpense": 0,
    "depreciationAndAmortization": 392000000,
    "ebitda": 1963000000,
    "ebitdaratio": 0.2198208287,
    "operatingIncome": 1571000000,
    "operatingIncomeRatio": 0.1759238522,
    "totalOtherIncomeExpensesNet": -67000000,
    "incomeBeforeTax": 1504000000,
    "incomeBeforeTaxRatio": 0.1684210526,
    "incomeTaxExpense": 521000000,
    "netIncome": 877000000,
    "netIncomeRatio": 0.0982082867,
    "eps": 0.46,
    "epsdiluted": 0.45,
    "weightedAverageShsOut": 1904000000,
    "weightedAverageShsOutDil": 1904000000,
    "link": "",
    "finalLink": ""
  },
  {
    "date": "2007-06-30",
    "symbol": "DIS",
    "reportedCurrency": "USD",
    "cik": "0001744489",
    "fillingDate": "2007-06-30",
    "acceptedDate": "2007-06-29 20:00:00",
    "calendarYear": "2007",
    "period": "Q3",
    "revenue": 9045000000,
    "costOfRevenue": 7022000000,
    "grossProfit": 2023000000,
    "grossProfitRatio": 0.2236594804,
    "researchAndDevelopmentExpenses": 0,
    "generalAndAdministrativeExpenses": 0,
    "sellingAndMarketingExpenses": 0,
    "sellingGeneralAndAdministrativeExpenses": 0,
    "otherExpenses": 0,
    "operatingExpenses": 0,
    "costAndExpenses": 7022000000,
    "interestIncome": 0,
    "interestExpense": 0,
    "depreciationAndAmortization": 365000000,
    "ebitda": 2388000000,
    "ebitdaratio": 0.264013267,
    "operatingIncome": 2023000000,
    "operatingIncomeRatio": 0.2236594804,
    "totalOtherIncomeExpensesNet": 4000000,
    "incomeBeforeTax": 2027000000,
    "incomeBeforeTaxRatio": 0.2241017137,
    "incomeTaxExpense": 762000000,
    "netIncome": 1178000000,
    "netIncomeRatio": 0.1302377004,
    "eps": 0.59,
    "epsdiluted": 0.57,
    "weightedAverageShsOut": 1982000000,
    "weightedAverageShsOutDil": 2070000000,
    "link": "",
    "finalLink": ""
  },
  {
    "date": "2007-03-31",
    "symbol": "DIS",
    "reportedCurrency": "USD",
    "cik": "0001744489",
    "fillingDate": "2007-03-31",
    "acceptedDate": "2007-03-30 20:00:00",
    "calendarYear": "2007",
    "period": "Q2",
    "revenue": 7954000000,
    "costOfRevenue": 6441000000,
    "grossProfit": 1513000000,
    "grossProfitRatio": 0.1902187579,
    "researchAndDevelopmentExpenses": 0,
    "generalAndAdministrativeExpenses": 0,
    "sellingAndMarketingExpenses": 0,
    "sellingGeneralAndAdministrativeExpenses": 0,
    "otherExpenses": 0,
    "operatingExpenses": 0,
    "costAndExpenses": 6441000000,
    "interestIncome": 0,
    "interestExpense": 0,
    "depreciationAndAmortization": 360000000,
    "ebitda": 1873000000,
    "ebitdaratio": 0.2354790043,
    "operatingIncome": 1513000000,
    "operatingIncomeRatio": 0.1902187579,
    "totalOtherIncomeExpensesNet": -9000000,
    "incomeBeforeTax": 1504000000,
    "incomeBeforeTaxRatio": 0.1890872517,
    "incomeTaxExpense": 582000000,
    "netIncome": 931000000,
    "netIncomeRatio": 0.1170480262,
    "eps": 0.46,
    "epsdiluted": 0.44,
    "weightedAverageShsOut": 2039000000,
    "weightedAverageShsOutDil": 2129000000,
    "link": "",
    "finalLink": ""
  },
  {
    "date": "2006-12-31",
    "symbol": "DIS",
    "reportedCurrency": "USD",
    "cik": "0001744489",
    "fillingDate": "2006-12-31",
    "acceptedDate": "2006-12-30 19:00:00",
    "calendarYear": "2007",
    "period": "Q1",
    "revenue": 9581000000,
    "costOfRevenue": 7907000000,
    "grossProfit": 1674000000,
    "grossProfitRatio": 0.1747208016,
    "researchAndDevelopmentExpenses": 0,
    "generalAndAdministrativeExpenses": 0,
    "sellingAndMarketingExpenses": 0,
    "sellingGeneralAndAdministrativeExpenses": 0,
    "otherExpenses": 0,
    "operatingExpenses": 0,
    "costAndExpenses": 7907000000,
    "interestIncome": 0,
    "interestExpense": 0,
    "depreciationAndAmortization": 374000000,
    "ebitda": 2048000000,
    "ebitdaratio": 0.2137563929,
    "operatingIncome": 1674000000,
    "operatingIncomeRatio": 0.1747208016,
    "totalOtherIncomeExpensesNet": 1016000000,
    "incomeBeforeTax": 2690000000,
    "incomeBeforeTaxRatio": 0.2807640121,
    "incomeTaxExpense": 1009000000,
    "netIncome": 1701000000,
    "netIncomeRatio": 0.177538879,
    "eps": 0.83,
    "epsdiluted": 0.79,
    "weightedAverageShsOut": 2059000000,
    "weightedAverageShsOutDil": 2148000000,
    "link": "",
    "finalLink": ""
  },
  {
    "date": "2006-09-30",
    "symbol": "DIS",
    "reportedCurrency": "USD",
    "cik": "0001744489",
    "fillingDate": "2006-09-30",
    "acceptedDate": "2006-09-29 20:00:00",
    "calendarYear": "2006",
    "period": "Q4",
    "revenue": 8784000000,
    "costOfRevenue": 7441000000,
    "grossProfit": 1343000000,
    "grossProfitRatio": 0.1528916211,
    "researchAndDevelopmentExpenses": 0,
    "generalAndAdministrativeExpenses": 0,
    "sellingAndMarketingExpenses": 0,
    "sellingGeneralAndAdministrativeExpenses": 0,
    "otherExpenses": 0,
    "operatingExpenses": 0,
    "costAndExpenses": 7441000000,
    "interestIncome": 0,
    "interestExpense": 0,
    "depreciationAndAmortization": 348000000,
    "ebitda": 1691000000,
    "ebitdaratio": 0.1925091075,
    "operatingIncome": 1343000000,
    "operatingIncomeRatio": 0.1528916211,
    "totalOtherIncomeExpensesNet": -33000000,
    "incomeBeforeTax": 1310000000,
    "incomeBeforeTaxRatio": 0.1491347905,
    "incomeTaxExpense": 446000000,
    "netIncome": 782000000,
    "netIncomeRatio": 0.0890255009,
    "eps": 0.38,
    "epsdiluted": 0.37,
    "weightedAverageShsOut": 2059000000,
    "weightedAverageShsOutDil": 2059000000,
    "link": "",
    "finalLink": ""
  },
  {
    "date": "2006-06-30",
    "symbol": "DIS",
    "reportedCurrency": "USD",
    "cik": "0001744489",
    "fillingDate": "2006-06-30",
    "acceptedDate": "2006-06-29 20:00:00",
    "calendarYear": "2006",
    "period": "Q3",
    "revenue": 8474000000,
    "costOfRevenue": 6734000000,
    "grossProfit": 1740000000,
    "grossProfitRatio": 0.2053339627,
    "researchAndDevelopmentExpenses": 0,
    "generalAndAdministrativeExpenses": 0,
    "sellingAndMarketingExpenses": 0,
    "sellingGeneralAndAdministrativeExpenses": 0,
    "otherExpenses": 0,
    "operatingExpenses": 0,
    "costAndExpenses": 6734000000,
    "interestIncome": 0,
    "interestExpense": 0,
    "depreciationAndAmortization": 356000000,
    "ebitda": 2096000000,
    "ebitdaratio": 0.2473448194,
    "operatingIncome": 1740000000,
    "operatingIncomeRatio": 0.2053339627,
    "totalOtherIncomeExpensesNet": 21000000,
    "incomeBeforeTax": 1761000000,
    "incomeBeforeTaxRatio": 0.2078121312,
    "incomeTaxExpense": 593000000,
    "netIncome": 1125000000,
    "netIncomeRatio": 0.1327590276,
    "eps": 0.54,
    "epsdiluted": 0.53,
    "weightedAverageShsOut": 2071000000,
    "weightedAverageShsOutDil": 2147000000,
    "link": "",
    "finalLink": ""
  },
  {
    "date": "2006-03-31",
    "symbol": "DIS",
    "reportedCurrency": "USD",
    "cik": "0001744489",
    "fillingDate": "2006-03-31",
    "acceptedDate": "2006-03-30 19:00:00",
    "calendarYear": "2006",
    "period": "Q2",
    "revenue": 8027000000,
    "costOfRevenue": 6841000000,
    "grossProfit": 1186000000,
    "grossProfitRatio": 0.1477513392,
    "researchAndDevelopmentExpenses": 0,
    "generalAndAdministrativeExpenses": 0,
    "sellingAndMarketingExpenses": 0,
    "sellingGeneralAndAdministrativeExpenses": 0,
    "otherExpenses": 0,
    "operatingExpenses": 0,
    "costAndExpenses": 6841000000,
    "interestIncome": 0,
    "interestExpense": 0,
    "depreciationAndAmortization": 357000000,
    "ebitda": 1543000000,
    "ebitdaratio": 0.1922262365,
    "operatingIncome": 1186000000,
    "operatingIncomeRatio": 0.1477513392,
    "totalOtherIncomeExpensesNet": -37000000,
    "incomeBeforeTax": 1149000000,
    "incomeBeforeTaxRatio": 0.1431418961,
    "incomeTaxExpense": 404000000,
    "netIncome": 733000000,
    "netIncomeRatio": 0.0913168058,
    "eps": 0.38,
    "epsdiluted": 0.37,
    "weightedAverageShsOut": 1924000000,
    "weightedAverageShsOutDil": 1990000000,
    "link": "",
    "finalLink": ""
  },
  {
    "date": "2005-12-31",
    "symbol": "DIS",
    "reportedCurrency": "USD",
    "cik": "0001744489",
    "fillingDate": "2005-12-31",
    "acceptedDate": "2005-12-30 19:00:00",
    "calendarYear": "2006",
    "period": "Q1",
    "revenue": 8854000000,
    "costOfRevenue": 7693000000,
    "grossProfit": 1161000000,
    "grossProfitRatio": 0.1311271742,
    "researchAndDevelopmentExpenses": 0,
    "generalAndAdministrativeExpenses": 0,
    "sellingAndMarketingExpenses": 0,
    "sellingGeneralAndAdministrativeExpenses": 0,
    "otherExpenses": 0,
    "operatingExpenses": 0,
    "costAndExpenses": 7693000000,
    "interestIncome": 0,
    "interestExpense": 0,
    "depreciationAndAmortization": 369000000,
    "ebitda": 1530000000,
    "ebitdaratio": 0.1728032528,
    "operatingIncome": 1161000000,
    "operatingIncomeRatio": 0.1311271742,
    "totalOtherIncomeExpensesNet": 18000000,
    "incomeBeforeTax": 1179000000,
    "incomeBeforeTaxRatio": 0.1331601536,
    "incomeTaxExpense": 429000000,
    "netIncome": 734000000,
    "netIncomeRatio": 0.082900384,
    "eps": 0.38,
    "epsdiluted": 0.37,
    "weightedAverageShsOut": 1940000000,
    "weightedAverageShsOutDil": 1999000000,
    "link": "",
    "finalLink": ""
  },
  {
    "date": "2005-09-30",
    "symbol": "DIS",
    "reportedCurrency": "USD",
    "cik": "0001744489",
    "fillingDate": "2005-09-30",
    "acceptedDate": "2005-09-29 20:00:00",
    "calendarYear": "2005",
    "period": "Q4",
    "revenue": 7734000000,
    "costOfRevenue": 7321000000,
    "grossProfit": 413000000,
    "grossProfitRatio": 0.0534005689,
    "researchAndDevelopmentExpenses": 0,
    "generalAndAdministrativeExpenses": 0,
    "sellingAndMarketingExpenses": 0,
    "sellingGeneralAndAdministrativeExpenses": 0,
    "otherExpenses": 0,
    "operatingExpenses": 0,
    "costAndExpenses": 7321000000,
    "interestIncome": 0,
    "interestExpense": 0,
    "depreciationAndAmortization": 341000000,
    "ebitda": 754000000,
    "ebitdaratio": 0.0974915956,
    "operatingIncome": 413000000,
    "operatingIncomeRatio": 0.0534005689,
    "totalOtherIncomeExpensesNet": -119000000,
    "incomeBeforeTax": 294000000,
    "incomeBeforeTaxRatio": 0.0380139643,
    "incomeTaxExpense": -53000000,
    "netIncome": 261000000,
    "netIncomeRatio": 0.0337470908,
    "eps": 0.15,
    "epsdiluted": 0.16,
    "weightedAverageShsOut": 1940000000,
    "weightedAverageShsOutDil": 1940000000,
    "link": "",
    "finalLink": ""
  },
  {
    "date": "2005-06-30",
    "symbol": "DIS",
    "reportedCurrency": "USD",
    "cik": "0001744489",
    "fillingDate": "2005-06-30",
    "acceptedDate": "2005-06-29 20:00:00",
    "calendarYear": "2005",
    "period": "Q3",
    "revenue": 7715000000,
    "costOfRevenue": 6433000000,
    "grossProfit": 1282000000,
    "grossProfitRatio": 0.1661697991,
    "researchAndDevelopmentExpenses": 0,
    "generalAndAdministrativeExpenses": 0,
    "sellingAndMarketingExpenses": 0,
    "sellingGeneralAndAdministrativeExpenses": 0,
    "otherExpenses": 0,
    "operatingExpenses": 0,
    "costAndExpenses": 6433000000,
    "interestIncome": 0,
    "interestExpense": 0,
    "depreciationAndAmortization": 350000000,
    "ebitda": 1632000000,
    "ebitdaratio": 0.2115359689,
    "operatingIncome": 1282000000,
    "operatingIncomeRatio": 0.1661697991,
    "totalOtherIncomeExpensesNet": 15000000,
    "incomeBeforeTax": 1297000000,
    "incomeBeforeTaxRatio": 0.1681140635,
    "incomeTaxExpense": 439000000,
    "netIncome": 811000000,
    "netIncomeRatio": 0.1051198963,
    "eps": 0.4,
    "epsdiluted": 0.39,
    "weightedAverageShsOut": 2031000000,
    "weightedAverageShsOutDil": 2096000000,
    "link": "",
    "finalLink": ""
  },
  {
    "date": "2005-03-31",
    "symbol": "DIS",
    "reportedCurrency": "USD",
    "cik": "0001744489",
    "fillingDate": "2005-03-31",
    "acceptedDate": "2005-03-30 19:00:00",
    "calendarYear": "2005",
    "period": "Q2",
    "revenue": 7829000000,
    "costOfRevenue": 6720000000,
    "grossProfit": 1109000000,
    "grossProfitRatio": 0.1416528292,
    "researchAndDevelopmentExpenses": 0,
    "generalAndAdministrativeExpenses": 0,
    "sellingAndMarketingExpenses": 0,
    "sellingGeneralAndAdministrativeExpenses": 0,
    "otherExpenses": 0,
    "operatingExpenses": 0,
    "costAndExpenses": 6720000000,
    "interestIncome": 0,
    "interestExpense": 0,
    "depreciationAndAmortization": 330000000,
    "ebitda": 1439000000,
    "ebitdaratio": 0.1838038064,
    "operatingIncome": 1109000000,
    "operatingIncomeRatio": 0.1416528292,
    "totalOtherIncomeExpensesNet": 16000000,
    "incomeBeforeTax": 1125000000,
    "incomeBeforeTaxRatio": 0.143696513,
    "incomeTaxExpense": 414000000,
    "netIncome": 657000000,
    "netIncomeRatio": 0.0839187636,
    "eps": 0.32,
    "epsdiluted": 0.31,
    "weightedAverageShsOut": 2044000000,
    "weightedAverageShsOutDil": 2114000000,
    "link": "",
    "finalLink": ""
  },
  {
    "date": "2004-12-31",
    "symbol": "DIS",
    "reportedCurrency": "USD",
    "cik": "0001744489",
    "fillingDate": "2004-12-31",
    "acceptedDate": "2004-12-30 19:00:00",
    "calendarYear": "2005",
    "period": "Q1",
    "revenue": 8666000000,
    "costOfRevenue": 7550000000,
    "grossProfit": 1116000000,
    "grossProfitRatio": 0.1287791369,
    "researchAndDevelopmentExpenses": 0,
    "generalAndAdministrativeExpenses": 0,
    "sellingAndMarketingExpenses": 0,
    "sellingGeneralAndAdministrativeExpenses": 0,
    "otherExpenses": 0,
    "operatingExpenses": 0,
    "costAndExpenses": 7550000000,
    "interestIncome": 0,
    "interestExpense": 0,
    "depreciationAndAmortization": 326000000,
    "ebitda": 1442000000,
    "ebitdaratio": 0.1663974152,
    "operatingIncome": 1116000000,
    "operatingIncomeRatio": 0.1287791369,
    "totalOtherIncomeExpensesNet": -32000000,
    "incomeBeforeTax": 1084000000,
    "incomeBeforeTaxRatio": 0.1250865451,
    "incomeTaxExpense": 372000000,
    "netIncome": 686000000,
    "netIncomeRatio": 0.0791599354,
    "eps": 0.34,
    "epsdiluted": 0.33,
    "weightedAverageShsOut": 2042000000,
    "weightedAverageShsOutDil": 2107000000,
    "link": "",
    "finalLink": ""
  },
  {
    "date": "2004-09-30",
    "symbol": "DIS",
    "reportedCurrency": "USD",
    "cik": "0001744489",
    "fillingDate": "2004-09-30",
    "acceptedDate": "2004-09-29 20:00:00",
    "calendarYear": "2004",
    "period": "Q4",
    "revenue": 7543000000,
    "costOfRevenue": 6792000000,
    "grossProfit": 751000000,
    "grossProfitRatio": 0.0995625083,
    "researchAndDevelopmentExpenses": 0,
    "generalAndAdministrativeExpenses": 0,
    "sellingAndMarketingExpenses": 0,
    "sellingGeneralAndAdministrativeExpenses": 0,
    "otherExpenses": 0,
    "operatingExpenses": 0,
    "costAndExpenses": 6792000000,
    "interestIncome": 0,
    "interestExpense": 0,
    "depreciationAndAmortization": 330000000,
    "ebitda": 1081000000,
    "ebitdaratio": 0.1433116797,
    "operatingIncome": 751000000,
    "operatingIncomeRatio": 0.0995625083,
    "totalOtherIncomeExpensesNet": -104000000,
    "incomeBeforeTax": 647000000,
    "incomeBeforeTaxRatio": 0.0857748906,
    "incomeTaxExpense": 65000000,
    "netIncome": 516000000,
    "netIncomeRatio": 0.0684077953,
    "eps": 0.19,
    "epsdiluted": 0.19,
    "weightedAverageShsOut": 2042000000,
    "weightedAverageShsOutDil": 2042000000,
    "link": "",
    "finalLink": ""
  },
  {
    "date": "2004-06-30",
    "symbol": "DIS",
    "reportedCurrency": "USD",
    "cik": "0001744489",
    "fillingDate": "2004-06-30",
    "acceptedDate": "2004-06-29 20:00:00",
    "calendarYear": "2004",
    "period": "Q3",
    "revenue": 7471000000,
    "costOfRevenue": 6375000000,
    "grossProfit": 1096000000,
    "grossProfitRatio": 0.1467005756,
    "researchAndDevelopmentExpenses": 0,
    "generalAndAdministrativeExpenses": 0,
    "sellingAndMarketingExpenses": 0,
    "sellingGeneralAndAdministrativeExpenses": 0,
    "otherExpenses": 0,
    "operatingExpenses": 0,
    "costAndExpenses": 6375000000,
    "interestIncome": 0,
    "interestExpense": 0,
    "depreciationAndAmortization": 320000000,
    "ebitda": 1416000000,
    "ebitdaratio": 0.1895328604,
    "operatingIncome": 1096000000,
    "operatingIncomeRatio": 0.1467005756,
    "totalOtherIncomeExpensesNet": -81000000,
    "incomeBeforeTax": 1015000000,
    "incomeBeforeTaxRatio": 0.1358586535,
    "incomeTaxExpense": 365000000,
    "netIncome": 604000000,
    "netIncomeRatio": 0.0808459376,
    "eps": 0.29,
    "epsdiluted": 0.29,
    "weightedAverageShsOut": 2053000000,
    "weightedAverageShsOutDil": 2111000000,
    "link": "",
    "finalLink": ""
  },
  {
    "date": "2004-03-31",
    "symbol": "DIS",
    "reportedCurrency": "USD",
    "cik": "0001744489",
    "fillingDate": "2004-03-31",
    "acceptedDate": "2004-03-30 19:00:00",
    "calendarYear": "2004",
    "period": "Q2",
    "revenue": 7189000000,
    "costOfRevenue": 6153000000,
    "grossProfit": 1036000000,
    "grossProfitRatio": 0.1441090555,
    "researchAndDevelopmentExpenses": 0,
    "generalAndAdministrativeExpenses": 0,
    "sellingAndMarketingExpenses": 0,
    "sellingGeneralAndAdministrativeExpenses": 0,
    "otherExpenses": 0,
    "operatingExpenses": 0,
    "costAndExpenses": 6153000000,
    "interestIncome": 0,
    "interestExpense": 0,
    "depreciationAndAmortization": 279000000,
    "ebitda": 1315000000,
    "ebitdaratio": 0.1829183475,
    "operatingIncome": 1036000000,
    "operatingIncomeRatio": 0.1441090555,
    "totalOtherIncomeExpensesNet": -73000000,
    "incomeBeforeTax": 963000000,
    "incomeBeforeTaxRatio": 0.1339546529,
    "incomeTaxExpense": 357000000,
    "netIncome": 537000000,
    "netIncomeRatio": 0.0746974544,
    "eps": 0.26,
    "epsdiluted": 0.26,
    "weightedAverageShsOut": 2048000000,
    "weightedAverageShsOutDil": 2110000000,
    "link": "",
    "finalLink": ""
  },
  {
    "date": "2003-12-31",
    "symbol": "DIS",
    "reportedCurrency": "USD",
    "cik": "0001744489",
    "fillingDate": "2003-12-31",
    "acceptedDate": "2003-12-30 19:00:00",
    "calendarYear": "2004",
    "period": "Q1",
    "revenue": 8549000000,
    "costOfRevenue": 7384000000,
    "grossProfit": 1165000000,
    "grossProfitRatio": 0.1362732483,
    "researchAndDevelopmentExpenses": 0,
    "generalAndAdministrativeExpenses": 0,
    "sellingAndMarketingExpenses": 0,
    "sellingGeneralAndAdministrativeExpenses": 0,
    "otherExpenses": 0,
    "operatingExpenses": 0,
    "costAndExpenses": 7384000000,
    "interestIncome": 0,
    "interestExpense": 0,
    "depreciationAndAmortization": 273000000,
    "ebitda": 1438000000,
    "ebitdaratio": 0.1682068078,
    "operatingIncome": 1165000000,
    "operatingIncomeRatio": 0.1362732483,
    "totalOtherIncomeExpensesNet": -51000000,
    "incomeBeforeTax": 1114000000,
    "incomeBeforeTaxRatio": 0.1303076383,
    "incomeTaxExpense": 410000000,
    "netIncome": 688000000,
    "netIncomeRatio": 0.0804772488,
    "eps": 0.34,
    "epsdiluted": 0.33,
    "weightedAverageShsOut": 2045000000,
    "weightedAverageShsOutDil": 2099000000,
    "link": "",
    "finalLink": ""
  },
  {
    "date": "2003-09-30",
    "symbol": "DIS",
    "reportedCurrency": "USD",
    "cik": "0001744489",
    "fillingDate": "2003-09-30",
    "acceptedDate": "2003-09-29 20:00:00",
    "calendarYear": "2003",
    "period": "Q4",
    "revenue": 7088000000,
    "costOfRevenue": 6315000000,
    "grossProfit": 773000000,
    "grossProfitRatio": 0.1090575621,
    "researchAndDevelopmentExpenses": 0,
    "generalAndAdministrativeExpenses": 0,
    "sellingAndMarketingExpenses": 0,
    "sellingGeneralAndAdministrativeExpenses": 0,
    "otherExpenses": 4000000,
    "operatingExpenses": 4000000,
    "costAndExpenses": 6319000000,
    "interestIncome": 0,
    "interestExpense": 0,
    "depreciationAndAmortization": 251000000,
    "ebitda": 1020000000,
    "ebitdaratio": 0.1439051919,
    "operatingIncome": 769000000,
    "operatingIncomeRatio": 0.108493228,
    "totalOtherIncomeExpensesNet": -61000000,
    "incomeBeforeTax": 708000000,
    "incomeBeforeTaxRatio": 0.0998871332,
    "incomeTaxExpense": 198000000,
    "netIncome": 382000000,
    "netIncomeRatio": 0.0538939052,
    "eps": 0.17,
    "epsdiluted": 0.18,
    "weightedAverageShsOut": 2045000000,
    "weightedAverageShsOutDil": 2045000000,
    "link": "",
    "finalLink": ""
  },
  {
    "date": "2003-06-30",
    "symbol": "DIS",
    "reportedCurrency": "USD",
    "cik": "0001744489",
    "fillingDate": "2003-06-30",
    "acceptedDate": "2003-06-29 20:00:00",
    "calendarYear": "2003",
    "period": "Q3",
    "revenue": 6377000000,
    "costOfRevenue": 5431000000,
    "grossProfit": 946000000,
    "grossProfitRatio": 0.1483456171,
    "researchAndDevelopmentExpenses": 0,
    "generalAndAdministrativeExpenses": 0,
    "sellingAndMarketingExpenses": 0,
    "sellingGeneralAndAdministrativeExpenses": 0,
    "otherExpenses": 0,
    "operatingExpenses": 0,
    "costAndExpenses": 5431000000,
    "interestIncome": 0,
    "interestExpense": 0,
    "depreciationAndAmortization": 284000000,
    "ebitda": 1230000000,
    "ebitdaratio": 0.1928806649,
    "operatingIncome": 946000000,
    "operatingIncomeRatio": 0.1483456171,
    "totalOtherIncomeExpensesNet": -82000000,
    "incomeBeforeTax": 864000000,
    "incomeBeforeTaxRatio": 0.1354869061,
    "incomeTaxExpense": 322000000,
    "netIncome": 502000000,
    "netIncomeRatio": 0.0787204014,
    "eps": 0.25,
    "epsdiluted": 0.24,
    "weightedAverageShsOut": 2043000000,
    "weightedAverageShsOutDil": 2084000000,
    "link": "",
    "finalLink": ""
  },
  {
    "date": "2003-03-31",
    "symbol": "DIS",
    "reportedCurrency": "USD",
    "cik": "0001744489",
    "fillingDate": "2003-03-31",
    "acceptedDate": "2003-03-30 19:00:00",
    "calendarYear": "2003",
    "period": "Q2",
    "revenue": 6500000000,
    "costOfRevenue": 5786000000,
    "grossProfit": 714000000,
    "grossProfitRatio": 0.1098461538,
    "researchAndDevelopmentExpenses": 0,
    "generalAndAdministrativeExpenses": 0,
    "sellingAndMarketingExpenses": 0,
    "sellingGeneralAndAdministrativeExpenses": 0,
    "otherExpenses": 7000000,
    "operatingExpenses": 7000000,
    "costAndExpenses": 5793000000,
    "interestIncome": 0,
    "interestExpense": 0,
    "depreciationAndAmortization": 281000000,
    "ebitda": 995000000,
    "ebitdaratio": 0.1530769231,
    "operatingIncome": 714000000,
    "operatingIncomeRatio": 0.1098461538,
    "totalOtherIncomeExpensesNet": -127000000,
    "incomeBeforeTax": 587000000,
    "incomeBeforeTaxRatio": 0.0903076923,
    "incomeTaxExpense": 219000000,
    "netIncome": 314000000,
    "netIncomeRatio": 0.0483076923,
    "eps": 0.15,
    "epsdiluted": 0.15,
    "weightedAverageShsOut": 2042000000,
    "weightedAverageShsOutDil": 2043000000,
    "link": "",
    "finalLink": ""
  },
  {
    "date": "2002-12-31",
    "symbol": "DIS",
    "reportedCurrency": "USD",
    "cik": "0001744489",
    "fillingDate": "2002-12-31",
    "acceptedDate": "2002-12-30 19:00:00",
    "calendarYear": "2003",
    "period": "Q1",
    "revenue": 7170000000,
    "costOfRevenue": 6795000000,
    "grossProfit": 375000000,
    "grossProfitRatio": 0.0523012552,
    "researchAndDevelopmentExpenses": 0,
    "generalAndAdministrativeExpenses": 0,
    "sellingAndMarketingExpenses": 0,
    "sellingGeneralAndAdministrativeExpenses": 0,
    "otherExpenses": 5000000,
    "operatingExpenses": 5000000,
    "costAndExpenses": 6800000000,
    "interestIncome": 0,
    "interestExpense": 0,
    "depreciationAndAmortization": 261000000,
    "ebitda": 636000000,
    "ebitdaratio": 0.0887029289,
    "operatingIncome": 375000000,
    "operatingIncomeRatio": 0.0523012552,
    "totalOtherIncomeExpensesNet": -206000000,
    "incomeBeforeTax": 169000000,
    "incomeBeforeTaxRatio": 0.0235704324,
    "incomeTaxExpense": 77000000,
    "netIncome": 36000000,
    "netIncomeRatio": 0.0050209205,
    "eps": 0.02,
    "epsdiluted": 0.02,
    "weightedAverageShsOut": 2042000000,
    "weightedAverageShsOutDil": 2044000000,
    "link": "",
    "finalLink": ""
  },
  {
    "date": "2002-09-30",
    "symbol": "DIS",
    "reportedCurrency": "USD",
    "cik": "0001744489",
    "fillingDate": "2002-09-30",
    "acceptedDate": "2002-09-29 20:00:00",
    "calendarYear": "2002",
    "period": "Q4",
    "revenue": 6662000000,
    "costOfRevenue": 6263000000,
    "grossProfit": 399000000,
    "grossProfitRatio": 0.0598919243,
    "researchAndDevelopmentExpenses": 0,
    "generalAndAdministrativeExpenses": 0,
    "sellingAndMarketingExpenses": 0,
    "sellingGeneralAndAdministrativeExpenses": 0,
    "otherExpenses": 7000000,
    "operatingExpenses": 7000000,
    "costAndExpenses": 6270000000,
    "interestIncome": 0,
    "interestExpense": 0,
    "depreciationAndAmortization": 267000000,
    "ebitda": 659000000,
    "ebitdaratio": 0.0989192435,
    "operatingIncome": 392000000,
    "operatingIncomeRatio": 0.0588411888,
    "totalOtherIncomeExpensesNet": -103000000,
    "incomeBeforeTax": 289000000,
    "incomeBeforeTaxRatio": 0.0433803663,
    "incomeTaxExpense": 96000000,
    "netIncome": 175000000,
    "netIncomeRatio": 0.0262683879,
    "eps": 0.08,
    "epsdiluted": 0.08,
    "weightedAverageShsOut": 2042000000,
    "weightedAverageShsOutDil": 2042000000,
    "link": "",
    "finalLink": ""
  },
  {
    "date": "2002-06-30",
    "symbol": "DIS",
    "reportedCurrency": "USD",
    "cik": "0001744489",
    "fillingDate": "2002-06-30",
    "acceptedDate": "2002-06-29 20:00:00",
    "calendarYear": "2002",
    "period": "Q3",
    "revenue": 5795000000,
    "costOfRevenue": 5043000000,
    "grossProfit": 752000000,
    "grossProfitRatio": 0.1297670406,
    "researchAndDevelopmentExpenses": 0,
    "generalAndAdministrativeExpenses": 0,
    "sellingAndMarketingExpenses": 0,
    "sellingGeneralAndAdministrativeExpenses": 0,
    "otherExpenses": 9000000,
    "operatingExpenses": 9000000,
    "costAndExpenses": 5052000000,
    "interestIncome": 0,
    "interestExpense": 0,
    "depreciationAndAmortization": 264000000,
    "ebitda": 1007000000,
    "ebitdaratio": 0.1737704918,
    "operatingIncome": 743000000,
    "operatingIncomeRatio": 0.1282139776,
    "totalOtherIncomeExpensesNet": -107000000,
    "incomeBeforeTax": 636000000,
    "incomeBeforeTaxRatio": 0.1097497843,
    "incomeTaxExpense": 253000000,
    "netIncome": 364000000,
    "netIncomeRatio": 0.0628127696,
    "eps": 0.18,
    "epsdiluted": 0.18,
    "weightedAverageShsOut": 2041000000,
    "weightedAverageShsOutDil": 2046000000,
    "link": "",
    "finalLink": ""
  },
  {
    "date": "2002-03-31",
    "symbol": "DIS",
    "reportedCurrency": "USD",
    "cik": "0001744489",
    "fillingDate": "2002-03-31",
    "acceptedDate": "2002-03-30 19:00:00",
    "calendarYear": "2002",
    "period": "Q2",
    "revenue": 5856000000,
    "costOfRevenue": 5251000000,
    "grossProfit": 605000000,
    "grossProfitRatio": 0.1033128415,
    "researchAndDevelopmentExpenses": 0,
    "generalAndAdministrativeExpenses": 0,
    "sellingAndMarketingExpenses": 0,
    "sellingGeneralAndAdministrativeExpenses": 0,
    "otherExpenses": 2000000,
    "operatingExpenses": 2000000,
    "costAndExpenses": 5253000000,
    "interestIncome": 0,
    "interestExpense": 0,
    "depreciationAndAmortization": 258000000,
    "ebitda": 861000000,
    "ebitdaratio": 0.1470286885,
    "operatingIncome": 603000000,
    "operatingIncomeRatio": 0.1029713115,
    "totalOtherIncomeExpensesNet": -109000000,
    "incomeBeforeTax": 494000000,
    "incomeBeforeTaxRatio": 0.0843579235,
    "incomeTaxExpense": 205000000,
    "netIncome": 259000000,
    "netIncomeRatio": 0.0442281421,
    "eps": 0.13,
    "epsdiluted": 0.13,
    "weightedAverageShsOut": 2039000000,
    "weightedAverageShsOutDil": 2045000000,
    "link": "",
    "finalLink": ""
  },
  {
    "date": "2001-12-31",
    "symbol": "DIS",
    "reportedCurrency": "USD",
    "cik": "0001744489",
    "fillingDate": "2001-12-31",
    "acceptedDate": "2001-12-30 19:00:00",
    "calendarYear": "2002",
    "period": "Q1",
    "revenue": 7016000000,
    "costOfRevenue": 6367000000,
    "grossProfit": 649000000,
    "grossProfitRatio": 0.0925028506,
    "researchAndDevelopmentExpenses": 0,
    "generalAndAdministrativeExpenses": 0,
    "sellingAndMarketingExpenses": 0,
    "sellingGeneralAndAdministrativeExpenses": 0,
    "otherExpenses": 3000000,
    "operatingExpenses": 3000000,
    "costAndExpenses": 6370000000,
    "interestIncome": 0,
    "interestExpense": 0,
    "depreciationAndAmortization": 253000000,
    "ebitda": 899000000,
    "ebitdaratio": 0.1281356899,
    "operatingIncome": 646000000,
    "operatingIncomeRatio": 0.0920752566,
    "totalOtherIncomeExpensesNet": 125000000,
    "incomeBeforeTax": 771000000,
    "incomeBeforeTaxRatio": 0.1098916762,
    "incomeTaxExpense": 299000000,
    "netIncome": 438000000,
    "netIncomeRatio": 0.0624287343,
    "eps": 0.21,
    "epsdiluted": 0.21,
    "weightedAverageShsOut": 2039000000,
    "weightedAverageShsOutDil": 2040000000,
    "link": "",
    "finalLink": ""
  },
  {
    "date": "2001-09-30",
    "symbol": "DIS",
    "reportedCurrency": "USD",
    "cik": "0001744489",
    "fillingDate": "2001-09-30",
    "acceptedDate": "2001-09-29 20:00:00",
    "calendarYear": "2001",
    "period": "Q4",
    "revenue": 5812000000,
    "costOfRevenue": 5307000000,
    "grossProfit": 505000000,
    "grossProfitRatio": 0.0868891948,
    "researchAndDevelopmentExpenses": 0,
    "generalAndAdministrativeExpenses": 0,
    "sellingAndMarketingExpenses": 0,
    "sellingGeneralAndAdministrativeExpenses": 0,
    "otherExpenses": 145000000,
    "operatingExpenses": 145000000,
    "costAndExpenses": 5452000000,
    "interestIncome": 0,
    "interestExpense": 0,
    "depreciationAndAmortization": 397000000,
    "ebitda": 757000000,
    "ebitdaratio": 0.1302477632,
    "operatingIncome": 360000000,
    "operatingIncomeRatio": 0.0619408121,
    "totalOtherIncomeExpensesNet": -1353000000,
    "incomeBeforeTax": -993000000,
    "incomeBeforeTaxRatio": -0.1708534067,
    "incomeTaxExpense": 96000000,
    "netIncome": 53000000,
    "netIncomeRatio": 0.009119064,
    "eps": 0.02,
    "epsdiluted": 0.02,
    "weightedAverageShsOut": 2040000000,
    "weightedAverageShsOutDil": 2040000000,
    "link": "",
    "finalLink": ""
  },
  {
    "date": "2001-06-30",
    "symbol": "DIS",
    "reportedCurrency": "USD",
    "cik": "0001744489",
    "fillingDate": "2001-06-30",
    "acceptedDate": "2001-06-29 20:00:00",
    "calendarYear": "2001",
    "period": "Q3",
    "revenue": 5960000000,
    "costOfRevenue": 4932000000,
    "grossProfit": 1028000000,
    "grossProfitRatio": 0.1724832215,
    "researchAndDevelopmentExpenses": 0,
    "generalAndAdministrativeExpenses": 0,
    "sellingAndMarketingExpenses": 0,
    "sellingGeneralAndAdministrativeExpenses": 0,
    "otherExpenses": 145000000,
    "operatingExpenses": 145000000,
    "costAndExpenses": 5077000000,
    "interestIncome": 0,
    "interestExpense": 0,
    "depreciationAndAmortization": 408000000,
    "ebitda": 1291000000,
    "ebitdaratio": 0.2166107383,
    "operatingIncome": 883000000,
    "operatingIncomeRatio": 0.1481543624,
    "totalOtherIncomeExpensesNet": -152000000,
    "incomeBeforeTax": 731000000,
    "incomeBeforeTaxRatio": 0.1226510067,
    "incomeTaxExpense": 339000000,
    "netIncome": 392000000,
    "netIncomeRatio": 0.0657718121,
    "eps": 0.19,
    "epsdiluted": 0.19,
    "weightedAverageShsOut": 2091000000,
    "weightedAverageShsOutDil": 2107000000,
    "link": "",
    "finalLink": ""
  },
  {
    "date": "2001-03-31",
    "symbol": "DIS",
    "reportedCurrency": "USD",
    "cik": "0001744489",
    "fillingDate": "2001-03-31",
    "acceptedDate": "2001-03-30 19:00:00",
    "calendarYear": "2001",
    "period": "Q2",
    "revenue": 6049000000,
    "costOfRevenue": 5133000000,
    "grossProfit": 916000000,
    "grossProfitRatio": 0.1514299884,
    "researchAndDevelopmentExpenses": 0,
    "generalAndAdministrativeExpenses": 0,
    "sellingAndMarketingExpenses": 0,
    "sellingGeneralAndAdministrativeExpenses": 0,
    "otherExpenses": 184000000,
    "operatingExpenses": 184000000,
    "costAndExpenses": 5317000000,
    "interestIncome": 0,
    "interestExpense": 0,
    "depreciationAndAmortization": 419000000,
    "ebitda": 1151000000,
    "ebitdaratio": 0.190279385,
    "operatingIncome": 732000000,
    "operatingIncomeRatio": 0.1210117375,
    "totalOtherIncomeExpensesNet": -1028000000,
    "incomeBeforeTax": -296000000,
    "incomeBeforeTaxRatio": -0.0489337081,
    "incomeTaxExpense": 238000000,
    "netIncome": -567000000,
    "netIncomeRatio": -0.0937345016,
    "eps": -0.26,
    "epsdiluted": -0.26,
    "weightedAverageShsOut": 2082000000,
    "weightedAverageShsOutDil": 2098000000,
    "link": "",
    "finalLink": ""
  },
  {
    "date": "2000-12-31",
    "symbol": "DIS",
    "reportedCurrency": "USD",
    "cik": "0001744489",
    "fillingDate": "2000-12-31",
    "acceptedDate": "2000-12-30 19:00:00",
    "calendarYear": "2001",
    "period": "Q1",
    "revenue": 7433000000,
    "costOfRevenue": 6283000000,
    "grossProfit": 1150000000,
    "grossProfitRatio": 0.1547154581,
    "researchAndDevelopmentExpenses": 0,
    "generalAndAdministrativeExpenses": 0,
    "sellingAndMarketingExpenses": 0,
    "sellingGeneralAndAdministrativeExpenses": 0,
    "otherExpenses": 293000000,
    "operatingExpenses": 293000000,
    "costAndExpenses": 6576000000,
    "interestIncome": 0,
    "interestExpense": 0,
    "depreciationAndAmortization": 530000000,
    "ebitda": 1387000000,
    "ebitdaratio": 0.186600296,
    "operatingIncome": 857000000,
    "operatingIncomeRatio": 0.1152966501,
    "totalOtherIncomeExpensesNet": -229000000,
    "incomeBeforeTax": 628000000,
    "incomeBeforeTaxRatio": 0.0844880936,
    "incomeTaxExpense": 386000000,
    "netIncome": -36000000,
    "netIncomeRatio": -0.0048432665,
    "eps": 0.03,
    "epsdiluted": 0.03,
    "weightedAverageShsOut": 2082000000,
    "weightedAverageShsOutDil": 2103000000,
    "link": "",
    "finalLink": ""
  },
  {
    "date": "2000-09-30",
    "symbol": "DIS",
    "reportedCurrency": "USD",
    "cik": "0001744489",
    "fillingDate": "2000-09-30",
    "acceptedDate": "2000-09-29 20:00:00",
    "calendarYear": "2000",
    "period": "Q4",
    "revenue": 6116000000,
    "costOfRevenue": 4559000000,
    "grossProfit": 1557000000,
    "grossProfitRatio": 0.2545781557,
    "researchAndDevelopmentExpenses": 0,
    "generalAndAdministrativeExpenses": 0,
    "sellingAndMarketingExpenses": 0,
    "sellingGeneralAndAdministrativeExpenses": 69000000,
    "otherExpenses": 974000000,
    "operatingExpenses": 1043000000,
    "costAndExpenses": 5602000000,
    "interestIncome": 0,
    "interestExpense": 0,
    "depreciationAndAmortization": 974000000,
    "ebitda": 1488000000,
    "ebitdaratio": 0.2432962721,
    "operatingIncome": 514000000,
    "operatingIncomeRatio": 0.0840418574,
    "totalOtherIncomeExpensesNet": 21000000,
    "incomeBeforeTax": 535000000,
    "incomeBeforeTaxRatio": 0.0874754742,
    "incomeTaxExpense": 368000000,
    "netIncome": 167000000,
    "netIncomeRatio": 0.0273054284,
    "eps": 0.28,
    "epsdiluted": 0.27,
    "weightedAverageShsOut": 2082000000,
    "weightedAverageShsOutDil": 2082000000,
    "link": "",
    "finalLink": ""
  },
  {
    "date": "2000-06-30",
    "symbol": "DIS",
    "reportedCurrency": "USD",
    "cik": "0001744489",
    "fillingDate": "2000-06-30",
    "acceptedDate": "2000-06-29 20:00:00",
    "calendarYear": "2000",
    "period": "Q3",
    "revenue": 6053000000,
    "costOfRevenue": 4935000000,
    "grossProfit": 1118000000,
    "grossProfitRatio": 0.1847018008,
    "researchAndDevelopmentExpenses": 0,
    "generalAndAdministrativeExpenses": 0,
    "sellingAndMarketingExpenses": 0,
    "sellingGeneralAndAdministrativeExpenses": 1000000,
    "otherExpenses": 339000000,
    "operatingExpenses": 340000000,
    "costAndExpenses": 5275000000,
    "interestIncome": 0,
    "interestExpense": 0,
    "depreciationAndAmortization": 602000000,
    "ebitda": 1380000000,
    "ebitdaratio": 0.2279861226,
    "operatingIncome": 778000000,
    "operatingIncomeRatio": 0.1285313068,
    "totalOtherIncomeExpensesNet": 50000000,
    "incomeBeforeTax": 828000000,
    "incomeBeforeTaxRatio": 0.1367916736,
    "incomeTaxExpense": 425000000,
    "netIncome": 361000000,
    "netIncomeRatio": 0.059639848,
    "eps": 0.21,
    "epsdiluted": 0.21,
    "weightedAverageShsOut": 2078000000,
    "weightedAverageShsOutDil": 2115000000,
    "link": "",
    "finalLink": ""
  },
  {
    "date": "2000-03-31",
    "symbol": "DIS",
    "reportedCurrency": "USD",
    "cik": "0001744489",
    "fillingDate": "2000-03-31",
    "acceptedDate": "2000-03-30 19:00:00",
    "calendarYear": "2000",
    "period": "Q2",
    "revenue": 6307000000,
    "costOfRevenue": 5549000000,
    "grossProfit": 758000000,
    "grossProfitRatio": 0.1201839226,
    "researchAndDevelopmentExpenses": 0,
    "generalAndAdministrativeExpenses": 0,
    "sellingAndMarketingExpenses": 0,
    "sellingGeneralAndAdministrativeExpenses": 38000000,
    "otherExpenses": 306000000,
    "operatingExpenses": 344000000,
    "costAndExpenses": 5893000000,
    "interestIncome": 0,
    "interestExpense": 0,
    "depreciationAndAmortization": 571000000,
    "ebitda": 985000000,
    "ebitdaratio": 0.1561756778,
    "operatingIncome": 414000000,
    "operatingIncomeRatio": 0.0656413509,
    "totalOtherIncomeExpensesNet": -734000000,
    "incomeBeforeTax": -320000000,
    "incomeBeforeTaxRatio": -0.050737276,
    "incomeTaxExpense": 223000000,
    "netIncome": 77000000,
    "netIncomeRatio": 0.012208657,
    "eps": -0.08,
    "epsdiluted": -0.08,
    "weightedAverageShsOut": 2069000000,
    "weightedAverageShsOutDil": 2103000000,
    "link": "",
    "finalLink": ""
  },
  {
    "date": "1999-12-31",
    "symbol": "DIS",
    "reportedCurrency": "USD",
    "cik": "0001744489",
    "fillingDate": "1999-12-31",
    "acceptedDate": "1999-12-30 19:00:00",
    "calendarYear": "2000",
    "period": "Q1",
    "revenue": 6940000000,
    "costOfRevenue": 5612000000,
    "grossProfit": 1328000000,
    "grossProfitRatio": 0.1913544669,
    "researchAndDevelopmentExpenses": 0,
    "generalAndAdministrativeExpenses": 0,
    "sellingAndMarketingExpenses": 0,
    "sellingGeneralAndAdministrativeExpenses": -3000000,
    "otherExpenses": 459000000,
    "operatingExpenses": 456000000,
    "costAndExpenses": 6068000000,
    "interestIncome": 0,
    "interestExpense": 0,
    "depreciationAndAmortization": 456000000,
    "ebitda": 1328000000,
    "ebitdaratio": 0.1913544669,
    "operatingIncome": 872000000,
    "operatingIncomeRatio": 0.125648415,
    "totalOtherIncomeExpensesNet": 33000000,
    "incomeBeforeTax": 905000000,
    "incomeBeforeTaxRatio": 0.1304034582,
    "incomeTaxExpense": 590000000,
    "netIncome": 315000000,
    "netIncomeRatio": 0.045389049,
    "eps": 0.17,
    "epsdiluted": 0.17,
    "weightedAverageShsOut": 2064000000,
    "weightedAverageShsOutDil": 2081000000,
    "link": "",
    "finalLink": ""
  },
  {
    "date": "1999-09-30",
    "symbol": "DIS",
    "reportedCurrency": "USD",
    "cik": "0001744489",
    "fillingDate": "1999-09-30",
    "acceptedDate": "1999-09-29 20:00:00",
    "calendarYear": "1999",
    "period": "Q4",
    "revenue": 5781000000,
    "costOfRevenue": 4270000000,
    "grossProfit": 1511000000,
    "grossProfitRatio": 0.2613734648,
    "researchAndDevelopmentExpenses": 0,
    "generalAndAdministrativeExpenses": 0,
    "sellingAndMarketingExpenses": 0,
    "sellingGeneralAndAdministrativeExpenses": 25000000,
    "otherExpenses": 990000000,
    "operatingExpenses": 1015000000,
    "costAndExpenses": 5285000000,
    "interestIncome": 0,
    "interestExpense": 0,
    "depreciationAndAmortization": 990000000,
    "ebitda": 1486000000,
    "ebitdaratio": 0.2570489535,
    "operatingIncome": 496000000,
    "operatingIncomeRatio": 0.0857983048,
    "totalOtherIncomeExpensesNet": -316000000,
    "incomeBeforeTax": 180000000,
    "incomeBeforeTaxRatio": 0.0311364816,
    "incomeTaxExpense": 95000000,
    "netIncome": 85000000,
    "netIncomeRatio": 0.0147033385,
    "eps": 0.04,
    "epsdiluted": 0.03,
    "weightedAverageShsOut": 2081000000,
    "weightedAverageShsOutDil": 2081000000,
    "link": "",
    "finalLink": ""
  },
  {
    "date": "1999-06-30",
    "symbol": "DIS",
    "reportedCurrency": "USD",
    "cik": "0001744489",
    "fillingDate": "1999-06-30",
    "acceptedDate": "1999-06-29 20:00:00",
    "calendarYear": "1999",
    "period": "Q3",
    "revenue": 5531000000,
    "costOfRevenue": 3697000000,
    "grossProfit": 1834000000,
    "grossProfitRatio": 0.3315856084,
    "researchAndDevelopmentExpenses": 0,
    "generalAndAdministrativeExpenses": 0,
    "sellingAndMarketingExpenses": 0,
    "sellingGeneralAndAdministrativeExpenses": 17000000,
    "otherExpenses": 874000000,
    "operatingExpenses": 891000000,
    "costAndExpenses": 4588000000,
    "interestIncome": 0,
    "interestExpense": 0,
    "depreciationAndAmortization": 879000000,
    "ebitda": 1822000000,
    "ebitdaratio": 0.3294160188,
    "operatingIncome": 943000000,
    "operatingIncomeRatio": 0.1704935816,
    "totalOtherIncomeExpensesNet": -279000000,
    "incomeBeforeTax": 664000000,
    "incomeBeforeTaxRatio": 0.1200506238,
    "incomeTaxExpense": 296000000,
    "netIncome": 368000000,
    "netIncomeRatio": 0.0665340806,
    "eps": 0.18,
    "epsdiluted": 0.18,
    "weightedAverageShsOut": 2059000000,
    "weightedAverageShsOutDil": 2086000000,
    "link": "",
    "finalLink": ""
  },
  {
    "date": "1999-03-31",
    "symbol": "DIS",
    "reportedCurrency": "USD",
    "cik": "0001744489",
    "fillingDate": "1999-03-31",
    "acceptedDate": "1999-03-30 19:00:00",
    "calendarYear": "1999",
    "period": "Q2",
    "revenue": 5516000000,
    "costOfRevenue": 3839000000,
    "grossProfit": 1677000000,
    "grossProfitRatio": 0.3040246555,
    "researchAndDevelopmentExpenses": 0,
    "generalAndAdministrativeExpenses": 0,
    "sellingAndMarketingExpenses": 0,
    "sellingGeneralAndAdministrativeExpenses": 70000000,
    "otherExpenses": 942000000,
    "operatingExpenses": 1012000000,
    "costAndExpenses": 4851000000,
    "interestIncome": 0,
    "interestExpense": 0,
    "depreciationAndAmortization": 942000000,
    "ebitda": 1607000000,
    "ebitdaratio": 0.2913343002,
    "operatingIncome": 665000000,
    "operatingIncomeRatio": 0.1205583756,
    "totalOtherIncomeExpensesNet": -270000000,
    "incomeBeforeTax": 395000000,
    "incomeBeforeTaxRatio": 0.0716098622,
    "incomeTaxExpense": 169000000,
    "netIncome": 226000000,
    "netIncomeRatio": 0.0409717186,
    "eps": 0.11,
    "epsdiluted": 0.11,
    "weightedAverageShsOut": 2054545455,
    "weightedAverageShsOutDil": 2054545455,
    "link": "",
    "finalLink": ""
  },
  {
    "date": "1998-12-31",
    "symbol": "DIS",
    "reportedCurrency": "USD",
    "cik": "0001744489",
    "fillingDate": "1998-12-31",
    "acceptedDate": "1998-12-30 19:00:00",
    "calendarYear": "1999",
    "period": "Q1",
    "revenue": 6597000000,
    "costOfRevenue": 4591000000,
    "grossProfit": 2006000000,
    "grossProfitRatio": 0.304077611,
    "researchAndDevelopmentExpenses": 0,
    "generalAndAdministrativeExpenses": 0,
    "sellingAndMarketingExpenses": 0,
    "sellingGeneralAndAdministrativeExpenses": 38000000,
    "otherExpenses": 968000000,
    "operatingExpenses": 1006000000,
    "costAndExpenses": 5597000000,
    "interestIncome": 0,
    "interestExpense": 0,
    "depreciationAndAmortization": 968000000,
    "ebitda": 1968000000,
    "ebitdaratio": 0.298317417,
    "operatingIncome": 1000000000,
    "operatingIncomeRatio": 0.1515840534,
    "totalOtherIncomeExpensesNet": 75000000,
    "incomeBeforeTax": 1075000000,
    "incomeBeforeTaxRatio": 0.1629528574,
    "incomeTaxExpense": 453000000,
    "netIncome": 622000000,
    "netIncomeRatio": 0.0942852812,
    "eps": 0.3,
    "epsdiluted": 0.3,
    "weightedAverageShsOut": 2073333333,
    "weightedAverageShsOutDil": 2073333333,
    "link": "",
    "finalLink": ""
  },
  {
    "date": "1998-09-30",
    "symbol": "DIS",
    "reportedCurrency": "USD",
    "cik": "0001744489",
    "fillingDate": "1998-09-30",
    "acceptedDate": "1998-09-29 20:00:00",
    "calendarYear": "1998",
    "period": "Q4",
    "revenue": 6147000000,
    "costOfRevenue": 5793000000,
    "grossProfit": 354000000,
    "grossProfitRatio": 0.0575890678,
    "researchAndDevelopmentExpenses": 0,
    "generalAndAdministrativeExpenses": 0,
    "sellingAndMarketingExpenses": 0,
    "sellingGeneralAndAdministrativeExpenses": 61000000,
    "otherExpenses": -397000000,
    "operatingExpenses": -336000000,
    "costAndExpenses": 5457000000,
    "interestIncome": 0,
    "interestExpense": 0,
    "depreciationAndAmortization": -397000000,
    "ebitda": 293000000,
    "ebitdaratio": 0.0476655279,
    "operatingIncome": 690000000,
    "operatingIncomeRatio": 0.112249878,
    "totalOtherIncomeExpensesNet": -177000000,
    "incomeBeforeTax": 513000000,
    "incomeBeforeTaxRatio": 0.0834553441,
    "incomeTaxExpense": 217000000,
    "netIncome": 296000000,
    "netIncomeRatio": 0.0481535708,
    "eps": 0.66,
    "epsdiluted": 0.64,
    "weightedAverageShsOut": 2071000000,
    "weightedAverageShsOutDil": 2076000000,
    "link": "",
    "finalLink": ""
  },
  {
    "date": "1998-06-30",
    "symbol": "DIS",
    "reportedCurrency": "USD",
    "cik": "0001744489",
    "fillingDate": "1998-06-30",
    "acceptedDate": "1998-06-29 20:00:00",
    "calendarYear": "1998",
    "period": "Q3",
    "revenue": 5248000000,
    "costOfRevenue": 3052000000,
    "grossProfit": 2196000000,
    "grossProfitRatio": 0.418445122,
    "researchAndDevelopmentExpenses": 0,
    "generalAndAdministrativeExpenses": 0,
    "sellingAndMarketingExpenses": 0,
    "sellingGeneralAndAdministrativeExpenses": 49000000,
    "otherExpenses": 1273000000,
    "operatingExpenses": 1322000000,
    "costAndExpenses": 4374000000,
    "interestIncome": 0,
    "interestExpense": 0,
    "depreciationAndAmortization": 822000000,
    "ebitda": 2147000000,
    "ebitdaratio": 0.4091082317,
    "operatingIncome": 874000000,
    "operatingIncomeRatio": 0.1665396341,
    "totalOtherIncomeExpensesNet": -161000000,
    "incomeBeforeTax": 713000000,
    "incomeBeforeTaxRatio": 0.1358612805,
    "incomeTaxExpense": 298000000,
    "netIncome": 415000000,
    "netIncomeRatio": 0.0790777439,
    "eps": 0.0667,
    "epsdiluted": 0.0667,
    "weightedAverageShsOut": 2068929000,
    "weightedAverageShsOutDil": 2068929000,
    "link": "",
    "finalLink": ""
  },
  {
    "date": "1998-03-31",
    "symbol": "DIS",
    "reportedCurrency": "USD",
    "cik": "0001744489",
    "fillingDate": "1998-03-31",
    "acceptedDate": "1998-03-30 19:00:00",
    "calendarYear": "1998",
    "period": "Q2",
    "revenue": 5242000000,
    "costOfRevenue": 3041000000,
    "grossProfit": 2201000000,
    "grossProfitRatio": 0.4198779092,
    "researchAndDevelopmentExpenses": 0,
    "generalAndAdministrativeExpenses": 0,
    "sellingAndMarketingExpenses": 0,
    "sellingGeneralAndAdministrativeExpenses": 48000000,
    "otherExpenses": 1352000000,
    "operatingExpenses": 1400000000,
    "costAndExpenses": 4441000000,
    "interestIncome": 0,
    "interestExpense": 0,
    "depreciationAndAmortization": 219000000,
    "ebitda": 2153000000,
    "ebitdaratio": 0.4107210988,
    "operatingIncome": 801000000,
    "operatingIncomeRatio": 0.1528042732,
    "totalOtherIncomeExpensesNet": -150000000,
    "incomeBeforeTax": 651000000,
    "incomeBeforeTaxRatio": 0.1241892407,
    "incomeTaxExpense": 267000000,
    "netIncome": 384000000,
    "netIncomeRatio": 0.073254483,
    "eps": 0.0633,
    "epsdiluted": 0.06,
    "weightedAverageShsOut": 2036999961,
    "weightedAverageShsOutDil": 2036999961,
    "link": "",
    "finalLink": ""
  },
  {
    "date": "1997-12-31",
    "symbol": "DIS",
    "reportedCurrency": "USD",
    "cik": "0001744489",
    "fillingDate": "1997-12-31",
    "acceptedDate": "1997-12-30 19:00:00",
    "calendarYear": "1998",
    "period": "Q1",
    "revenue": 6339000000,
    "costOfRevenue": 3321000000,
    "grossProfit": 3018000000,
    "grossProfitRatio": 0.4761003313,
    "researchAndDevelopmentExpenses": 0,
    "generalAndAdministrativeExpenses": 0,
    "sellingAndMarketingExpenses": 0,
    "sellingGeneralAndAdministrativeExpenses": 78000000,
    "otherExpenses": 1526000000,
    "operatingExpenses": 1604000000,
    "costAndExpenses": 4925000000,
    "interestIncome": 0,
    "interestExpense": 0,
    "depreciationAndAmortization": 1526000000,
    "ebitda": 2940000000,
    "ebitdaratio": 0.4637955513,
    "operatingIncome": 1414000000,
    "operatingIncomeRatio": 0.2230635747,
    "totalOtherIncomeExpensesNet": -134000000,
    "incomeBeforeTax": 1280000000,
    "incomeBeforeTaxRatio": 0.2019245938,
    "incomeTaxExpense": 525000000,
    "netIncome": 755000000,
    "netIncomeRatio": 0.1191039596,
    "eps": 0.12,
    "epsdiluted": 0.12,
    "weightedAverageShsOut": 2030999967,
    "weightedAverageShsOutDil": 2030999967,
    "link": "",
    "finalLink": ""
  },
  {
    "date": "1997-09-30",
    "symbol": "DIS",
    "reportedCurrency": "USD",
    "cik": "0001744489",
    "fillingDate": "1997-09-30",
    "acceptedDate": "1997-09-29 20:00:00",
    "calendarYear": "1997",
    "period": "Q4",
    "revenue": 5520000000,
    "costOfRevenue": 3372000000,
    "grossProfit": 2148000000,
    "grossProfitRatio": 0.3891304348,
    "researchAndDevelopmentExpenses": 0,
    "generalAndAdministrativeExpenses": 0,
    "sellingAndMarketingExpenses": 0,
    "sellingGeneralAndAdministrativeExpenses": 100000000,
    "otherExpenses": 1187000000,
    "operatingExpenses": 1287000000,
    "costAndExpenses": 4659000000,
    "interestIncome": 0,
    "interestExpense": 0,
    "depreciationAndAmortization": 1187000000,
    "ebitda": 2048000000,
    "ebitdaratio": 0.3710144928,
    "operatingIncome": 861000000,
    "operatingIncomeRatio": 0.1559782609,
    "totalOtherIncomeExpensesNet": -153000000,
    "incomeBeforeTax": 708000000,
    "incomeBeforeTaxRatio": 0.1282608696,
    "incomeTaxExpense": 297000000,
    "netIncome": 411000000,
    "netIncomeRatio": 0.0744565217,
    "eps": 0.07,
    "epsdiluted": 0.07,
    "weightedAverageShsOut": 2024999973,
    "weightedAverageShsOutDil": 2030999967,
    "link": "",
    "finalLink": ""
  },
  {
    "date": "1997-06-30",
    "symbol": "DIS",
    "reportedCurrency": "USD",
    "cik": "0001744489",
    "fillingDate": "1997-06-30",
    "acceptedDate": "1997-06-29 20:00:00",
    "calendarYear": "1997",
    "period": "Q3",
    "revenue": 5194000000,
    "costOfRevenue": 2983000000,
    "grossProfit": 2211000000,
    "grossProfitRatio": 0.4256834809,
    "researchAndDevelopmentExpenses": 0,
    "generalAndAdministrativeExpenses": 0,
    "sellingAndMarketingExpenses": 0,
    "sellingGeneralAndAdministrativeExpenses": 69000000,
    "otherExpenses": 1151000000,
    "operatingExpenses": 1220000000,
    "costAndExpenses": 4203000000,
    "interestIncome": 0,
    "interestExpense": 0,
    "depreciationAndAmortization": 1151000000,
    "ebitda": 2142000000,
    "ebitdaratio": 0.4123989218,
    "operatingIncome": 991000000,
    "operatingIncomeRatio": 0.1907970735,
    "totalOtherIncomeExpensesNet": -185000000,
    "incomeBeforeTax": 806000000,
    "incomeBeforeTaxRatio": 0.1551790528,
    "incomeTaxExpense": 333000000,
    "netIncome": 473000000,
    "netIncomeRatio": 0.0910666153,
    "eps": 0.0767,
    "epsdiluted": 0.0767,
    "weightedAverageShsOut": 2025401571,
    "weightedAverageShsOutDil": 2025401571,
    "link": "",
    "finalLink": ""
  },
  {
    "date": "1997-03-31",
    "symbol": "DIS",
    "reportedCurrency": "USD",
    "cik": "0001744489",
    "fillingDate": "1997-03-31",
    "acceptedDate": "1997-03-30 19:00:00",
    "calendarYear": "1997",
    "period": "Q2",
    "revenue": 5481000000,
    "costOfRevenue": 3444000000,
    "grossProfit": 2037000000,
    "grossProfitRatio": 0.3716475096,
    "researchAndDevelopmentExpenses": 0,
    "generalAndAdministrativeExpenses": 0,
    "sellingAndMarketingExpenses": 0,
    "sellingGeneralAndAdministrativeExpenses": 108000000,
    "otherExpenses": 1173000000,
    "operatingExpenses": 1281000000,
    "costAndExpenses": 4725000000,
    "interestIncome": 0,
    "interestExpense": 0,
    "depreciationAndAmortization": 1173000000,
    "ebitda": 1929000000,
    "ebitdaratio": 0.3519430761,
    "operatingIncome": 756000000,
    "operatingIncomeRatio": 0.1379310345,
    "totalOtherIncomeExpensesNet": -184000000,
    "incomeBeforeTax": 572000000,
    "incomeBeforeTaxRatio": 0.1043605182,
    "incomeTaxExpense": 239000000,
    "netIncome": 333000000,
    "netIncomeRatio": 0.0607553366,
    "eps": 0.0533,
    "epsdiluted": 0.0533,
    "weightedAverageShsOut": 2025401571,
    "weightedAverageShsOutDil": 2025401571,
    "link": "",
    "finalLink": ""
  },
  {
    "date": "1996-12-31",
    "symbol": "DIS",
    "reportedCurrency": "USD",
    "cik": "0001744489",
    "fillingDate": "1996-12-31",
    "acceptedDate": "1996-12-30 19:00:00",
    "calendarYear": "1997",
    "period": "Q1",
    "revenue": 6278000000,
    "costOfRevenue": 3404000000,
    "grossProfit": 2874000000,
    "grossProfitRatio": 0.4577891048,
    "researchAndDevelopmentExpenses": 0,
    "generalAndAdministrativeExpenses": 0,
    "sellingAndMarketingExpenses": 0,
    "sellingGeneralAndAdministrativeExpenses": 90000000,
    "otherExpenses": 1447000000,
    "operatingExpenses": 1537000000,
    "costAndExpenses": 4941000000,
    "interestIncome": 0,
    "interestExpense": 0,
    "depreciationAndAmortization": 1447000000,
    "ebitda": 2784000000,
    "ebitdaratio": 0.4434533291,
    "operatingIncome": 1337000000,
    "operatingIncomeRatio": 0.2129659127,
    "totalOtherIncomeExpensesNet": -36000000,
    "incomeBeforeTax": 1301000000,
    "incomeBeforeTaxRatio": 0.2072316024,
    "incomeTaxExpense": 552000000,
    "netIncome": 749000000,
    "netIncomeRatio": 0.1193055113,
    "eps": 0.12,
    "epsdiluted": 0.12,
    "weightedAverageShsOut": 2024999973,
    "weightedAverageShsOutDil": 2024999973,
    "link": "",
    "finalLink": ""
  },
  {
    "date": "1996-09-30",
    "symbol": "DIS",
    "reportedCurrency": "USD",
    "cik": "0001744489",
    "fillingDate": "1996-09-30",
    "acceptedDate": "1996-09-29 20:00:00",
    "calendarYear": "1996",
    "period": "Q4",
    "revenue": 5272000000,
    "costOfRevenue": 3252000000,
    "grossProfit": 2020000000,
    "grossProfitRatio": 0.3831562974,
    "researchAndDevelopmentExpenses": 0,
    "generalAndAdministrativeExpenses": 0,
    "sellingAndMarketingExpenses": 0,
    "sellingGeneralAndAdministrativeExpenses": 61000000,
    "otherExpenses": 1162000000,
    "operatingExpenses": 1223000000,
    "costAndExpenses": 4475000000,
    "interestIncome": 0,
    "interestExpense": 0,
    "depreciationAndAmortization": 1162000000,
    "ebitda": 1959000000,
    "ebitdaratio": 0.371585736,
    "operatingIncome": 797000000,
    "operatingIncomeRatio": 0.1511760243,
    "totalOtherIncomeExpensesNet": -171000000,
    "incomeBeforeTax": 626000000,
    "incomeBeforeTaxRatio": 0.1187405159,
    "incomeTaxExpense": 290000000,
    "netIncome": 336000000,
    "netIncomeRatio": 0.0637329287,
    "eps": 0.0566,
    "epsdiluted": 0.0566,
    "weightedAverageShsOut": 2024024000,
    "weightedAverageShsOutDil": 2024999973,
    "link": "",
    "finalLink": ""
  },
  {
    "date": "1996-06-30",
    "symbol": "DIS",
    "reportedCurrency": "USD",
    "cik": "0001744489",
    "fillingDate": "1996-06-30",
    "acceptedDate": "1996-06-29 20:00:00",
    "calendarYear": "1996",
    "period": "Q3",
    "revenue": 5087000000,
    "costOfRevenue": 2928000000,
    "grossProfit": 2159000000,
    "grossProfitRatio": 0.4244151759,
    "researchAndDevelopmentExpenses": 0,
    "generalAndAdministrativeExpenses": 0,
    "sellingAndMarketingExpenses": 0,
    "sellingGeneralAndAdministrativeExpenses": 66000000,
    "otherExpenses": 1203000000,
    "operatingExpenses": 1269000000,
    "costAndExpenses": 4197000000,
    "interestIncome": 0,
    "interestExpense": 0,
    "depreciationAndAmortization": 1203000000,
    "ebitda": 2093000000,
    "ebitdaratio": 0.4114409279,
    "operatingIncome": 890000000,
    "operatingIncomeRatio": 0.1749557696,
    "totalOtherIncomeExpensesNet": -171000000,
    "incomeBeforeTax": 719000000,
    "incomeBeforeTaxRatio": 0.1413406723,
    "incomeTaxExpense": 313000000,
    "netIncome": 406000000,
    "netIncomeRatio": 0.0798112837,
    "eps": 0.0667,
    "epsdiluted": 0.0667,
    "weightedAverageShsOut": 2044054000,
    "weightedAverageShsOutDil": 2044054000,
    "link": "",
    "finalLink": ""
  },
  {
    "date": "1996-03-31",
    "symbol": "DIS",
    "reportedCurrency": "USD",
    "cik": "0001744489",
    "fillingDate": "1996-03-31",
    "acceptedDate": "1996-03-30 19:00:00",
    "calendarYear": "1996",
    "period": "Q2",
    "revenue": 4543000000,
    "costOfRevenue": 2874000000,
    "grossProfit": 1669000000,
    "grossProfitRatio": 0.3673783843,
    "researchAndDevelopmentExpenses": 0,
    "generalAndAdministrativeExpenses": 0,
    "sellingAndMarketingExpenses": 0,
    "sellingGeneralAndAdministrativeExpenses": 97000000,
    "otherExpenses": 1013000000,
    "operatingExpenses": 1110000000,
    "costAndExpenses": 3984000000,
    "interestIncome": 0,
    "interestExpense": 0,
    "depreciationAndAmortization": 1013000000,
    "ebitda": 1572000000,
    "ebitdaratio": 0.3460268545,
    "operatingIncome": 559000000,
    "operatingIncomeRatio": 0.1230464451,
    "totalOtherIncomeExpensesNet": -608000000,
    "incomeBeforeTax": -49000000,
    "incomeBeforeTaxRatio": -0.0107858243,
    "incomeTaxExpense": -24000000,
    "netIncome": -25000000,
    "netIncomeRatio": -0.0055029716,
    "eps": -0.0033,
    "epsdiluted": -0.0033,
    "weightedAverageShsOut": 1888889000,
    "weightedAverageShsOutDil": 1888889000,
    "link": "",
    "finalLink": ""
  },
  {
    "date": "1995-12-31",
    "symbol": "DIS",
    "reportedCurrency": "USD",
    "cik": "0001744489",
    "fillingDate": "1995-12-31",
    "acceptedDate": "1995-12-30 19:00:00",
    "calendarYear": "1996",
    "period": "Q1",
    "revenue": 3818000000,
    "costOfRevenue": 2399000000,
    "grossProfit": 1419000000,
    "grossProfitRatio": 0.3716605553,
    "researchAndDevelopmentExpenses": 0,
    "generalAndAdministrativeExpenses": 0,
    "sellingAndMarketingExpenses": 0,
    "sellingGeneralAndAdministrativeExpenses": 54000000,
    "otherExpenses": 566000000,
    "operatingExpenses": 620000000,
    "costAndExpenses": 3019000000,
    "interestIncome": 0,
    "interestExpense": 0,
    "depreciationAndAmortization": 566000000,
    "ebitda": 1365000000,
    "ebitdaratio": 0.3575170246,
    "operatingIncome": 799000000,
    "operatingIncomeRatio": 0.2092718701,
    "totalOtherIncomeExpensesNet": -35000000,
    "incomeBeforeTax": 764000000,
    "incomeBeforeTaxRatio": 0.2001047669,
    "incomeTaxExpense": 268000000,
    "netIncome": 496000000,
    "netIncomeRatio": 0.1299109481,
    "eps": 0.1,
    "epsdiluted": 0.1,
    "weightedAverageShsOut": 1576577000,
    "weightedAverageShsOutDil": 1576577000,
    "link": "",
    "finalLink": ""
  },
  {
    "date": "1995-09-30",
    "symbol": "DIS",
    "reportedCurrency": "USD",
    "cik": "0001744489",
    "fillingDate": "1995-09-30",
    "acceptedDate": "1995-09-29 20:00:00",
    "calendarYear": "1995",
    "period": "Q4",
    "revenue": 3123600000,
    "costOfRevenue": 2124900000,
    "grossProfit": 998700000,
    "grossProfitRatio": 0.3197272378,
    "researchAndDevelopmentExpenses": 0,
    "generalAndAdministrativeExpenses": 0,
    "sellingAndMarketingExpenses": 0,
    "sellingGeneralAndAdministrativeExpenses": 56800000,
    "otherExpenses": 512700000,
    "operatingExpenses": 569500000,
    "costAndExpenses": 2694400000,
    "interestIncome": 0,
    "interestExpense": 0,
    "depreciationAndAmortization": 512700000,
    "ebitda": 941900000,
    "ebitdaratio": 0.3015430913,
    "operatingIncome": 429200000,
    "operatingIncomeRatio": 0.1374055577,
    "totalOtherIncomeExpensesNet": -24500000,
    "incomeBeforeTax": 404700000,
    "incomeBeforeTaxRatio": 0.1295620438,
    "incomeTaxExpense": 140700000,
    "netIncome": 264000000,
    "netIncomeRatio": 0.084517864,
    "eps": 0.0566,
    "epsdiluted": 0.0566,
    "weightedAverageShsOut": 1574775000,
    "weightedAverageShsOutDil": 1576577000,
    "link": "",
    "finalLink": ""
  }
]