[
  {
    "date": "2025-06-30",
    "symbol": "DLR",
    "reportedCurrency": "USD",
    "cik": "0001297996",
    "fillingDate": "2025-08-01",
    "acceptedDate": "2025-08-01 16:42:34",
    "calendarYear": "2025",
    "period": "Q2",
    "revenue": 1493150000,
    "costOfRevenue": 661528000,
    "grossProfit": 831622000,
    "grossProfitRatio": 0.5569581087,
    "researchAndDevelopmentExpenses": 0,
    "generalAndAdministrativeExpenses": 0,
    "sellingAndMarketingExpenses": 0,
    "sellingGeneralAndAdministrativeExpenses": 136017000,
    "otherExpenses": 483908000,
    "operatingExpenses": 619925000,
    "costAndExpenses": 1281453000,
    "interestIncome": 0,
    "interestExpense": 0,
    "depreciationAndAmortization": 461167000,
    "ebitda": 1630379000,
    "ebitdaratio": 1.0919057027,
    "operatingIncome": 211697000,
    "operatingIncomeRatio": 0.1417787898,
    "totalOtherIncomeExpensesNet": 848132000,
    "incomeBeforeTax": 1059829000,
    "incomeBeforeTaxRatio": 0.7097940595,
    "incomeTaxExpense": 12883000,
    "netIncome": 1032156000,
    "netIncomeRatio": 0.6912607575,
    "eps": 3.03,
    "epsdiluted": 2.94,
    "weightedAverageShsOut": 337589000,
    "weightedAverageShsOutDil": 345734000,
    "link": "https://www.sec.gov/Archives/edgar/data/1297996/000155837025009991/0001558370-25-009991-index.htm",
    "finalLink": "https://www.sec.gov/Archives/edgar/data/1297996/000155837025009991/dlr-20250630x10q.htm"
  },
  {
    "date": "2025-03-31",
    "symbol": "DLR",
    "reportedCurrency": "USD",
    "cik": "0001297996",
    "fillingDate": "2025-05-01",
    "acceptedDate": "2025-05-01 17:23:22",
    "calendarYear": "2025",
    "period": "Q1",
    "revenue": 1407637000,
    "costOfRevenue": 605324000,
    "grossProfit": 802313000,
    "grossProfitRatio": 0.5699715196,
    "researchAndDevelopmentExpenses": 0,
    "generalAndAdministrativeExpenses": 0,
    "sellingAndMarketingExpenses": 0,
    "sellingGeneralAndAdministrativeExpenses": 123540000,
    "otherExpenses": 483023000,
    "operatingExpenses": 606563000,
    "costAndExpenses": 1211887000,
    "interestIncome": 0,
    "interestExpense": 0,
    "depreciationAndAmortization": 443009000,
    "ebitda": 665003000,
    "ebitdaratio": 0.4724250641,
    "operatingIncome": 195750000,
    "operatingIncomeRatio": 0.1390628408,
    "totalOtherIncomeExpensesNet": -72220000,
    "incomeBeforeTax": 123530000,
    "incomeBeforeTaxRatio": 0.0877569999,
    "incomeTaxExpense": 17135000,
    "netIncome": 109974000,
    "netIncomeRatio": 0.0781266761,
    "eps": 0.3,
    "epsdiluted": 0.27,
    "weightedAverageShsOut": 336683000,
    "weightedAverageShsOutDil": 344721000,
    "link": "https://www.sec.gov/Archives/edgar/data/1297996/000155837025006125/0001558370-25-006125-index.htm",
    "finalLink": "https://www.sec.gov/Archives/edgar/data/1297996/000155837025006125/dlr-20250331x10q.htm"
  },
  {
    "date": "2024-12-31",
    "symbol": "DLR",
    "reportedCurrency": "USD",
    "cik": "0001297996",
    "fillingDate": "2025-02-25",
    "acceptedDate": "2025-02-24 21:40:43",
    "calendarYear": "2024",
    "period": "Q4",
    "revenue": 1435862000,
    "costOfRevenue": 662689000,
    "grossProfit": 773173000,
    "grossProfitRatio": 0.5384730566,
    "researchAndDevelopmentExpenses": 0,
    "generalAndAdministrativeExpenses": 0,
    "sellingAndMarketingExpenses": 0,
    "sellingGeneralAndAdministrativeExpenses": 126816000,
    "otherExpenses": 502035000,
    "operatingExpenses": 628851000,
    "costAndExpenses": 1291540000,
    "interestIncome": 0,
    "interestExpense": 0,
    "depreciationAndAmortization": 455355000,
    "ebitda": 750713000,
    "ebitdaratio": 0.5228308849,
    "operatingIncome": 144322000,
    "operatingIncomeRatio": 0.1005124448,
    "totalOtherIncomeExpensesNet": 46294000,
    "incomeBeforeTax": 190616000,
    "incomeBeforeTaxRatio": 0.1327537047,
    "incomeTaxExpense": 4928000,
    "netIncome": 189569000,
    "netIncomeRatio": 0.132024526,
    "eps": 0.54,
    "epsdiluted": 0.51,
    "weightedAverageShsOut": 333376000,
    "weightedAverageShsOutDil": 340690000,
    "link": "https://www.sec.gov/Archives/edgar/data/1297996/000155837025001424/0001558370-25-001424-index.htm",
    "finalLink": "https://www.sec.gov/Archives/edgar/data/1297996/000155837025001424/dlr-20241231x10k.htm"
  },
  {
    "date": "2024-09-30",
    "symbol": "DLR",
    "reportedCurrency": "USD",
    "cik": "0001297996",
    "fillingDate": "2024-11-01",
    "acceptedDate": "2024-11-01 17:01:14",
    "calendarYear": "2024",
    "period": "Q3",
    "revenue": 1431214000,
    "costOfRevenue": 656361000,
    "grossProfit": 774853000,
    "grossProfitRatio": 0.5413956264,
    "researchAndDevelopmentExpenses": 0,
    "generalAndAdministrativeExpenses": 0,
    "sellingAndMarketingExpenses": 0,
    "sellingGeneralAndAdministrativeExpenses": 117602000,
    "otherExpenses": 488965000,
    "operatingExpenses": 606567000,
    "costAndExpenses": 1262928000,
    "interestIncome": 0,
    "interestExpense": 0,
    "depreciationAndAmortization": 459997000,
    "ebitda": 636361000,
    "ebitdaratio": 0.444630223,
    "operatingIncome": 168286000,
    "operatingIncomeRatio": 0.1175826955,
    "totalOtherIncomeExpensesNet": -115725000,
    "incomeBeforeTax": 52561000,
    "incomeBeforeTaxRatio": 0.0367247665,
    "incomeTaxExpense": 12427000,
    "netIncome": 51193000,
    "netIncomeRatio": 0.0357689346,
    "eps": 0.13,
    "epsdiluted": 0.0925,
    "weightedAverageShsOut": 327977000,
    "weightedAverageShsOutDil": 336249000,
    "link": "https://www.sec.gov/Archives/edgar/data/1297996/000155837024014149/0001558370-24-014149-index.htm",
    "finalLink": "https://www.sec.gov/Archives/edgar/data/1297996/000155837024014149/dlr-20240930x10q.htm"
  },
  {
    "date": "2024-06-30",
    "symbol": "DLR",
    "reportedCurrency": "USD",
    "cik": "0001297996",
    "fillingDate": "2024-08-02",
    "acceptedDate": "2024-08-02 17:17:23",
    "calendarYear": "2024",
    "period": "Q2",
    "revenue": 1356749000,
    "costOfRevenue": 607276000,
    "grossProfit": 749473000,
    "grossProfitRatio": 0.5524035765,
    "researchAndDevelopmentExpenses": 0,
    "generalAndAdministrativeExpenses": 0,
    "sellingAndMarketingExpenses": 0,
    "sellingGeneralAndAdministrativeExpenses": 120395000,
    "otherExpenses": 619189000,
    "operatingExpenses": 739584000,
    "costAndExpenses": 1346860000,
    "interestIncome": 0,
    "interestExpense": 0,
    "depreciationAndAmortization": 425343000,
    "ebitda": 629759000,
    "ebitdaratio": 0.4641676537,
    "operatingIncome": 9889000,
    "operatingIncomeRatio": 0.0072887469,
    "totalOtherIncomeExpensesNet": 79771000,
    "incomeBeforeTax": 89660000,
    "incomeBeforeTaxRatio": 0.0660844416,
    "incomeTaxExpense": 14992000,
    "netIncome": 80220000,
    "netIncomeRatio": 0.0591266329,
    "eps": 0.22,
    "epsdiluted": 0.2,
    "weightedAverageShsOut": 319537000,
    "weightedAverageShsOutDil": 327946000,
    "link": "https://www.sec.gov/Archives/edgar/data/1297996/000155837024010734/0001558370-24-010734-index.htm",
    "finalLink": "https://www.sec.gov/Archives/edgar/data/1297996/000155837024010734/dlr-20240630x10q.htm"
  },
  {
    "date": "2024-03-31",
    "symbol": "DLR",
    "reportedCurrency": "USD",
    "cik": "0001297996",
    "fillingDate": "2024-05-03",
    "acceptedDate": "2024-05-03 17:17:47",
    "calendarYear": "2024",
    "period": "Q1",
    "revenue": 1331143000,
    "costOfRevenue": 592789000,
    "grossProfit": 738354000,
    "grossProfitRatio": 0.5546766951,
    "researchAndDevelopmentExpenses": 0,
    "generalAndAdministrativeExpenses": 0,
    "sellingAndMarketingExpenses": 0,
    "sellingGeneralAndAdministrativeExpenses": 115210000,
    "otherExpenses": 473777000,
    "operatingExpenses": 588987000,
    "costAndExpenses": 1181776000,
    "interestIncome": 0,
    "interestExpense": 0,
    "depreciationAndAmortization": 431102000,
    "ebitda": 850887000,
    "ebitdaratio": 0.639215321,
    "operatingIncome": 149367000,
    "operatingIncomeRatio": 0.1122095823,
    "totalOtherIncomeExpensesNet": 160883000,
    "incomeBeforeTax": 310250000,
    "incomeBeforeTaxRatio": 0.2330703764,
    "incomeTaxExpense": 22413000,
    "netIncome": 281508000,
    "netIncomeRatio": 0.2114784062,
    "eps": 0.87,
    "epsdiluted": 0.82,
    "weightedAverageShsOut": 312292000,
    "weightedAverageShsOutDil": 320798000,
    "link": "https://www.sec.gov/Archives/edgar/data/1297996/000155837024006671/0001558370-24-006671-index.htm",
    "finalLink": "https://www.sec.gov/Archives/edgar/data/1297996/000155837024006671/dlr-20240331x10q.htm"
  },
  {
    "date": "2023-12-31",
    "symbol": "DLR",
    "reportedCurrency": "USD",
    "cik": "0001297996",
    "fillingDate": "2024-02-23",
    "acceptedDate": "2024-02-23 07:24:51",
    "calendarYear": "2023",
    "period": "Q4",
    "revenue": 1369639000,
    "costOfRevenue": 647156000,
    "grossProfit": 722483000,
    "grossProfitRatio": 0.5274988519,
    "researchAndDevelopmentExpenses": 0,
    "generalAndAdministrativeExpenses": 0,
    "sellingAndMarketingExpenses": 0,
    "sellingGeneralAndAdministrativeExpenses": 116799000,
    "otherExpenses": 471643000,
    "operatingExpenses": 588442000,
    "costAndExpenses": 1235598000,
    "interestIncome": 0,
    "interestExpense": 0,
    "depreciationAndAmortization": 420475000,
    "ebitda": 574728000,
    "ebitdaratio": 0.4196200605,
    "operatingIncome": 134041000,
    "operatingIncomeRatio": 0.097865934,
    "totalOtherIncomeExpensesNet": -93426000,
    "incomeBeforeTax": 40615000,
    "incomeBeforeTaxRatio": 0.0296537993,
    "incomeTaxExpense": 20724000,
    "netIncome": 28310000,
    "netIncomeRatio": 0.0206696801,
    "eps": 0.0593,
    "epsdiluted": 0.0593,
    "weightedAverageShsOut": 305781000,
    "weightedAverageShsOutDil": 305781000,
    "link": "https://www.sec.gov/Archives/edgar/data/1297996/000155837024001575/0001558370-24-001575-index.htm",
    "finalLink": "https://www.sec.gov/Archives/edgar/data/1297996/000155837024001575/dlr-20231231x10k.htm"
  },
  {
    "date": "2023-09-30",
    "symbol": "DLR",
    "reportedCurrency": "USD",
    "cik": "0001297996",
    "fillingDate": "2023-11-09",
    "acceptedDate": "2023-11-09 16:25:12",
    "calendarYear": "2023",
    "period": "Q3",
    "revenue": 1402432000,
    "costOfRevenue": 684112000,
    "grossProfit": 718320000,
    "grossProfitRatio": 0.5121959567,
    "researchAndDevelopmentExpenses": 0,
    "generalAndAdministrativeExpenses": 0,
    "sellingAndMarketingExpenses": 0,
    "sellingGeneralAndAdministrativeExpenses": 110721000,
    "otherExpenses": 549373000,
    "operatingExpenses": 660094000,
    "costAndExpenses": 1344206000,
    "interestIncome": 0,
    "interestExpense": 0,
    "depreciationAndAmortization": 420613000,
    "ebitda": 1294546000,
    "ebitdaratio": 0.923072206,
    "operatingIncome": 58226000,
    "operatingIncomeRatio": 0.0415178775,
    "totalOtherIncomeExpensesNet": 704940000,
    "incomeBeforeTax": 763166000,
    "incomeBeforeTaxRatio": 0.5441732647,
    "incomeTaxExpense": 17228000,
    "netIncome": 733618000,
    "netIncomeRatio": 0.5231041505,
    "eps": 2.4,
    "epsdiluted": 2.33,
    "weightedAverageShsOut": 301827000,
    "weightedAverageShsOutDil": 311341000,
    "link": "https://www.sec.gov/Archives/edgar/data/1297996/000155837023018593/0001558370-23-018593-index.htm",
    "finalLink": "https://www.sec.gov/Archives/edgar/data/1297996/000155837023018593/dlr-20230930x10q.htm"
  },
  {
    "date": "2023-06-30",
    "symbol": "DLR",
    "reportedCurrency": "USD",
    "cik": "0001297996",
    "fillingDate": "2023-08-04",
    "acceptedDate": "2023-08-04 09:09:58",
    "calendarYear": "2023",
    "period": "Q2",
    "revenue": 1366267000,
    "costOfRevenue": 650799000,
    "grossProfit": 715468000,
    "grossProfitRatio": 0.5236663112,
    "researchAndDevelopmentExpenses": 0,
    "generalAndAdministrativeExpenses": 0,
    "sellingAndMarketingExpenses": 0,
    "sellingGeneralAndAdministrativeExpenses": 109616000,
    "otherExpenses": 450992000,
    "operatingExpenses": 560608000,
    "costAndExpenses": 1211407000,
    "interestIncome": 0,
    "interestExpense": 0,
    "depreciationAndAmortization": 432573000,
    "ebitda": 675508000,
    "ebitdaratio": 0.4944187337,
    "operatingIncome": 154860000,
    "operatingIncomeRatio": 0.1133453417,
    "totalOtherIncomeExpensesNet": -23041000,
    "incomeBeforeTax": 131818999,
    "incomeBeforeTaxRatio": 0.0964811409,
    "incomeTaxExpense": 16172999,
    "netIncome": 118184000,
    "netIncomeRatio": 0.0865013939,
    "eps": 0.37,
    "epsdiluted": 0.35,
    "weightedAverageShsOut": 295390000,
    "weightedAverageShsOutDil": 306819000,
    "link": "https://www.sec.gov/Archives/edgar/data/1297996/000155837023013321/0001558370-23-013321-index.htm",
    "finalLink": "https://www.sec.gov/Archives/edgar/data/1297996/000155837023013321/dlr-20230630x10q.htm"
  },
  {
    "date": "2023-03-31",
    "symbol": "DLR",
    "reportedCurrency": "USD",
    "cik": "0001297996",
    "fillingDate": "2023-05-04",
    "acceptedDate": "2023-05-04 16:43:05",
    "calendarYear": "2023",
    "period": "Q1",
    "revenue": 1338723000,
    "costOfRevenue": 616004000,
    "grossProfit": 722719000,
    "grossProfitRatio": 0.539857013,
    "researchAndDevelopmentExpenses": 0,
    "generalAndAdministrativeExpenses": 0,
    "sellingAndMarketingExpenses": 0,
    "sellingGeneralAndAdministrativeExpenses": 111920000,
    "otherExpenses": 433465000,
    "operatingExpenses": 545385000,
    "costAndExpenses": 1161389000,
    "interestIncome": 0,
    "interestExpense": 0,
    "depreciationAndAmortization": 421198000,
    "ebitda": 613709000,
    "ebitdaratio": 0.4584286667,
    "operatingIncome": 177334000,
    "operatingIncomeRatio": 0.1324650432,
    "totalOtherIncomeExpensesNet": -87043000,
    "incomeBeforeTax": 90291000,
    "incomeBeforeTaxRatio": 0.067445618,
    "incomeTaxExpense": 21454000,
    "netIncome": 68726000,
    "netIncomeRatio": 0.0513369831,
    "eps": 0.2,
    "epsdiluted": 0.2,
    "weightedAverageShsOut": 291219000,
    "weightedAverageShsOutDil": 303065000,
    "link": "https://www.sec.gov/Archives/edgar/data/1297996/000155837023008142/0001558370-23-008142-index.htm",
    "finalLink": "https://www.sec.gov/Archives/edgar/data/1297996/000155837023008142/dlr-20230331x10q.htm"
  },
  {
    "date": "2022-12-31",
    "symbol": "DLR",
    "reportedCurrency": "USD",
    "cik": "0001297996",
    "fillingDate": "2023-02-27",
    "acceptedDate": "2023-02-24 21:24:08",
    "calendarYear": "2022",
    "period": "Q4",
    "revenue": 1233108000,
    "costOfRevenue": 537601000,
    "grossProfit": 695506000,
    "grossProfitRatio": 0.564026833,
    "researchAndDevelopmentExpenses": 0,
    "generalAndAdministrativeExpenses": 0,
    "sellingAndMarketingExpenses": 0,
    "sellingGeneralAndAdministrativeExpenses": 120431000,
    "otherExpenses": 454095000,
    "operatingExpenses": 574526000,
    "costAndExpenses": 1112127000,
    "interestIncome": 0,
    "interestExpense": 0,
    "depreciationAndAmortization": 430130000,
    "ebitda": 500097000,
    "ebitdaratio": 0.4055581506,
    "operatingIncome": 120980000,
    "operatingIncomeRatio": 0.0981098168,
    "totalOtherIncomeExpensesNet": -137895000,
    "incomeBeforeTax": -16913000,
    "incomeBeforeTaxRatio": -0.0137157491,
    "incomeTaxExpense": -17676000,
    "netIncome": 3901000,
    "netIncomeRatio": 0.003163551,
    "eps": -0.0217,
    "epsdiluted": -0.02,
    "weightedAverageShsOut": 289364739,
    "weightedAverageShsOutDil": 301712082,
    "link": "https://www.sec.gov/Archives/edgar/data/1297996/000155837023002087/0001558370-23-002087-index.htm",
    "finalLink": "https://www.sec.gov/Archives/edgar/data/1297996/000155837023002087/dlr-20221231x10k.htm"
  },
  {
    "date": "2022-09-30",
    "symbol": "DLR",
    "reportedCurrency": "USD",
    "cik": "0001297996",
    "fillingDate": "2022-11-04",
    "acceptedDate": "2022-11-04 17:15:21",
    "calendarYear": "2022",
    "period": "Q3",
    "revenue": 1192083000,
    "costOfRevenue": 521593000,
    "grossProfit": 670490000,
    "grossProfitRatio": 0.5624524467,
    "researchAndDevelopmentExpenses": 0,
    "generalAndAdministrativeExpenses": 0,
    "sellingAndMarketingExpenses": 0,
    "sellingGeneralAndAdministrativeExpenses": 97447000,
    "otherExpenses": 415662000,
    "operatingExpenses": 513109000,
    "costAndExpenses": 1034702000,
    "interestIncome": 0,
    "interestExpense": 0,
    "depreciationAndAmortization": 388704000,
    "ebitda": 723573000,
    "ebitdaratio": 0.6069820642,
    "operatingIncome": 157381000,
    "operatingIncomeRatio": 0.1320218475,
    "totalOtherIncomeExpensesNet": 100986000,
    "incomeBeforeTax": 258367000,
    "incomeBeforeTaxRatio": 0.2167357474,
    "incomeTaxExpense": 19576000,
    "netIncome": 237075000,
    "netIncomeRatio": 0.198874575,
    "eps": 0.79,
    "epsdiluted": 0.75,
    "weightedAverageShsOut": 286693000,
    "weightedAverageShsOutDil": 296415000,
    "link": "https://www.sec.gov/Archives/edgar/data/1297996/000155837022016456/0001558370-22-016456-index.htm",
    "finalLink": "https://www.sec.gov/Archives/edgar/data/1297996/000155837022016456/dlr-20220930x10q.htm"
  },
  {
    "date": "2022-06-30",
    "symbol": "DLR",
    "reportedCurrency": "USD",
    "cik": "0001297996",
    "fillingDate": "2022-08-05",
    "acceptedDate": "2022-08-05 17:12:52",
    "calendarYear": "2022",
    "period": "Q2",
    "revenue": 1139322000,
    "costOfRevenue": 472551000,
    "grossProfit": 666771000,
    "grossProfitRatio": 0.5852349029,
    "researchAndDevelopmentExpenses": 0,
    "generalAndAdministrativeExpenses": 0,
    "sellingAndMarketingExpenses": 0,
    "sellingGeneralAndAdministrativeExpenses": 105776000,
    "otherExpenses": 390623000,
    "operatingExpenses": 496399000,
    "costAndExpenses": 968950000,
    "interestIncome": 0,
    "interestExpense": 0,
    "depreciationAndAmortization": 376967000,
    "ebitda": 526259000,
    "ebitdaratio": 0.4619054139,
    "operatingIncome": 170372000,
    "operatingIncomeRatio": 0.1495380586,
    "totalOtherIncomeExpensesNet": -90103000,
    "incomeBeforeTax": 80269000,
    "incomeBeforeTaxRatio": 0.0704533047,
    "incomeTaxExpense": 16405999,
    "netIncome": 63427000,
    "netIncomeRatio": 0.0556708288,
    "eps": 0.19,
    "epsdiluted": 0.19,
    "weightedAverageShsOut": 284694000,
    "weightedAverageShsOutDil": 285110000,
    "link": "https://www.sec.gov/Archives/edgar/data/1297996/000155837022012450/0001558370-22-012450-index.htm",
    "finalLink": "https://www.sec.gov/Archives/edgar/data/1297996/000155837022012450/dlr-20220630x10q.htm"
  },
  {
    "date": "2022-03-31",
    "symbol": "DLR",
    "reportedCurrency": "USD",
    "cik": "0001297996",
    "fillingDate": "2022-05-06",
    "acceptedDate": "2022-05-06 16:55:41",
    "calendarYear": "2022",
    "period": "Q1",
    "revenue": 1127322000,
    "costOfRevenue": 485817000,
    "grossProfit": 641505000,
    "grossProfitRatio": 0.569052143,
    "researchAndDevelopmentExpenses": 0,
    "generalAndAdministrativeExpenses": 0,
    "sellingAndMarketingExpenses": 0,
    "sellingGeneralAndAdministrativeExpenses": 98513000,
    "otherExpenses": 401757000,
    "operatingExpenses": 500270000,
    "costAndExpenses": 986087000,
    "interestIncome": 0,
    "interestExpense": 0,
    "depreciationAndAmortization": 382132000,
    "ebitda": 539011000,
    "ebitdaratio": 0.4781340203,
    "operatingIncome": 141235000,
    "operatingIncomeRatio": 0.1252836368,
    "totalOtherIncomeExpensesNet": -51081000,
    "incomeBeforeTax": 90154000,
    "incomeBeforeTaxRatio": 0.079971827,
    "incomeTaxExpense": 13244000,
    "netIncome": 73281000,
    "netIncomeRatio": 0.0650044974,
    "eps": 0.22,
    "epsdiluted": 0.22,
    "weightedAverageShsOut": 284526000,
    "weightedAverageShsOutDil": 285025000,
    "link": "https://www.sec.gov/Archives/edgar/data/1297996/000155837022007648/0001558370-22-007648-index.htm",
    "finalLink": "https://www.sec.gov/Archives/edgar/data/1297996/000155837022007648/dlr-20220331x10q.htm"
  },
  {
    "date": "2021-12-31",
    "symbol": "DLR",
    "reportedCurrency": "USD",
    "cik": "0001297996",
    "fillingDate": "2022-02-25",
    "acceptedDate": "2022-02-25 17:19:45",
    "calendarYear": "2021",
    "period": "Q4",
    "revenue": 1111167000,
    "costOfRevenue": 465362000,
    "grossProfit": 645805000,
    "grossProfitRatio": 0.5811952659,
    "researchAndDevelopmentExpenses": 0,
    "generalAndAdministrativeExpenses": 0,
    "sellingAndMarketingExpenses": 0,
    "sellingGeneralAndAdministrativeExpenses": 104708000,
    "otherExpenses": 409600000,
    "operatingExpenses": 514308000,
    "costAndExpenses": 979670000,
    "interestIncome": 0,
    "interestExpense": 0,
    "depreciationAndAmortization": 378883000,
    "ebitda": 1545003000,
    "ebitdaratio": 1.3904327612,
    "operatingIncome": 131497000,
    "operatingIncomeRatio": 0.1183413474,
    "totalOtherIncomeExpensesNet": 962861000,
    "incomeBeforeTax": 1094358000,
    "incomeBeforeTaxRatio": 0.9848726609,
    "incomeTaxExpense": 3961000,
    "netIncome": 1067810000,
    "netIncomeRatio": 0.9609806627,
    "eps": 3.73,
    "epsdiluted": 3.71,
    "weightedAverageShsOut": 283869662,
    "weightedAverageShsOutDil": 284868184,
    "link": "https://www.sec.gov/Archives/edgar/data/1297996/000155837022002195/0001558370-22-002195-index.htm",
    "finalLink": "https://www.sec.gov/Archives/edgar/data/1297996/000155837022002195/dlr-20211231x10k.htm"
  },
  {
    "date": "2021-09-30",
    "symbol": "DLR",
    "reportedCurrency": "USD",
    "cik": "0001297996",
    "fillingDate": "2021-11-05",
    "acceptedDate": "2021-11-05 16:03:25",
    "calendarYear": "2021",
    "period": "Q3",
    "revenue": 1133136000,
    "costOfRevenue": 466962000,
    "grossProfit": 666174000,
    "grossProfitRatio": 0.5879029525,
    "researchAndDevelopmentExpenses": 0,
    "generalAndAdministrativeExpenses": 0,
    "sellingAndMarketingExpenses": 0,
    "sellingGeneralAndAdministrativeExpenses": 98460000,
    "otherExpenses": 383349000,
    "operatingExpenses": 481809000,
    "costAndExpenses": 948771000,
    "interestIncome": 0,
    "interestExpense": 0,
    "depreciationAndAmortization": 369035000,
    "ebitda": 590702000,
    "ebitdaratio": 0.5212984143,
    "operatingIncome": 184365000,
    "operatingIncomeRatio": 0.1627033295,
    "totalOtherIncomeExpensesNet": -34115000,
    "incomeBeforeTax": 150250000,
    "incomeBeforeTaxRatio": 0.1325966168,
    "incomeTaxExpense": 13709000,
    "netIncome": 134275000,
    "netIncomeRatio": 0.1184985739,
    "eps": 0.44,
    "epsdiluted": 0.44,
    "weightedAverageShsOut": 283105966,
    "weightedAverageShsOutDil": 283799538,
    "link": "https://www.sec.gov/Archives/edgar/data/1297996/000155837021014831/0001558370-21-014831-index.htm",
    "finalLink": "https://www.sec.gov/Archives/edgar/data/1297996/000155837021014831/dlr-20210930x10q.htm"
  },
  {
    "date": "2021-06-30",
    "symbol": "DLR",
    "reportedCurrency": "USD",
    "cik": "0001297996",
    "fillingDate": "2021-08-06",
    "acceptedDate": "2021-08-06 16:21:30",
    "calendarYear": "2021",
    "period": "Q2",
    "revenue": 1093188000,
    "costOfRevenue": 431714000,
    "grossProfit": 661474000,
    "grossProfitRatio": 0.6050871396,
    "researchAndDevelopmentExpenses": 0,
    "generalAndAdministrativeExpenses": 0,
    "sellingAndMarketingExpenses": 0,
    "sellingGeneralAndAdministrativeExpenses": 97492000,
    "otherExpenses": 378354000,
    "operatingExpenses": 475846000,
    "costAndExpenses": 907560000,
    "interestIncome": 0,
    "interestExpense": 0,
    "depreciationAndAmortization": 368981000,
    "ebitda": 617375000,
    "ebitdaratio": 0.5647473262,
    "operatingIncome": 185628000,
    "operatingIncomeRatio": 0.1698042789,
    "totalOtherIncomeExpensesNet": -12248000,
    "incomeBeforeTax": 173380000,
    "incomeBeforeTaxRatio": 0.1586003505,
    "incomeTaxExpense": 47582000,
    "netIncome": 121254000,
    "netIncomeRatio": 0.1109177927,
    "eps": 0.45,
    "epsdiluted": 0.45,
    "weightedAverageShsOut": 281791855,
    "weightedAverageShsOutDil": 282433857,
    "link": "https://www.sec.gov/Archives/edgar/data/1297996/000155837021010824/0001558370-21-010824-index.htm",
    "finalLink": "https://www.sec.gov/Archives/edgar/data/1297996/000155837021010824/dlr-20210630x10q.htm"
  },
  {
    "date": "2021-03-31",
    "symbol": "DLR",
    "reportedCurrency": "USD",
    "cik": "0001297996",
    "fillingDate": "2021-05-07",
    "acceptedDate": "2021-05-07 16:17:20",
    "calendarYear": "2021",
    "period": "Q1",
    "revenue": 1090391000,
    "costOfRevenue": 414282000,
    "grossProfit": 676109000,
    "grossProfitRatio": 0.6200610607,
    "researchAndDevelopmentExpenses": 0,
    "generalAndAdministrativeExpenses": 0,
    "sellingAndMarketingExpenses": 0,
    "sellingGeneralAndAdministrativeExpenses": 99994000,
    "otherExpenses": 383596000,
    "operatingExpenses": 483590000,
    "costAndExpenses": 897872000,
    "interestIncome": 0,
    "interestExpense": 0,
    "depreciationAndAmortization": 369733000,
    "ebitda": 854795000,
    "ebitdaratio": 0.7839343868,
    "operatingIncome": 192519000,
    "operatingIncomeRatio": 0.1765596011,
    "totalOtherIncomeExpensesNet": 209704000,
    "incomeBeforeTax": 402223000,
    "incomeBeforeTaxRatio": 0.3688796037,
    "incomeTaxExpense": 7547000,
    "netIncome": 385920000,
    "netIncomeRatio": 0.3539280863,
    "eps": 1.32,
    "epsdiluted": 1.32,
    "weightedAverageShsOut": 281094798,
    "weightedAverageShsOutDil": 281916961,
    "link": "https://www.sec.gov/Archives/edgar/data/1297996/000155837021006512/0001558370-21-006512-index.htm",
    "finalLink": "https://www.sec.gov/Archives/edgar/data/1297996/000155837021006512/dlr-20210331x10q.htm"
  },
  {
    "date": "2020-12-31",
    "symbol": "DLR",
    "reportedCurrency": "USD",
    "cik": "0001297996",
    "fillingDate": "2021-03-01",
    "acceptedDate": "2021-03-01 17:05:19",
    "calendarYear": "2020",
    "period": "Q4",
    "revenue": 1062608999,
    "costOfRevenue": 420312000,
    "grossProfit": 642297000,
    "grossProfitRatio": 0.6044528144,
    "researchAndDevelopmentExpenses": 0,
    "generalAndAdministrativeExpenses": 0,
    "sellingAndMarketingExpenses": 0,
    "sellingGeneralAndAdministrativeExpenses": 102188000,
    "otherExpenses": 379846000,
    "operatingExpenses": 482034000,
    "costAndExpenses": 902346000,
    "interestIncome": 0,
    "interestExpense": 0,
    "depreciationAndAmortization": 359915000,
    "ebitda": 500593000,
    "ebitdaratio": 0.4710980243,
    "operatingIncome": 160263000,
    "operatingIncomeRatio": 0.1508202925,
    "totalOtherIncomeExpensesNet": -97433000,
    "incomeBeforeTax": 62830000,
    "incomeBeforeTaxRatio": 0.0591280519,
    "incomeTaxExpense": 3322000,
    "netIncome": 57691000,
    "netIncomeRatio": 0.0542918421,
    "eps": 0.16,
    "epsdiluted": 0.16,
    "weightedAverageShsOut": 280117213,
    "weightedAverageShsOutDil": 281122368,
    "link": "https://www.sec.gov/Archives/edgar/data/1297996/000155837021002191/0001558370-21-002191-index.htm",
    "finalLink": "https://www.sec.gov/Archives/edgar/data/1297996/000155837021002191/dlr-20201231x10k.htm"
  },
  {
    "date": "2020-09-30",
    "symbol": "DLR",
    "reportedCurrency": "USD",
    "cik": "0001297996",
    "fillingDate": "2020-11-06",
    "acceptedDate": "2020-11-06 16:09:13",
    "calendarYear": "2020",
    "period": "Q3",
    "revenue": 1024667999,
    "costOfRevenue": 401338000,
    "grossProfit": 623330000,
    "grossProfitRatio": 0.6083238674,
    "researchAndDevelopmentExpenses": 0,
    "generalAndAdministrativeExpenses": 0,
    "sellingAndMarketingExpenses": 0,
    "sellingGeneralAndAdministrativeExpenses": 91352000,
    "otherExpenses": 387575000,
    "operatingExpenses": 478927000,
    "costAndExpenses": 880265000,
    "interestIncome": 0,
    "interestExpense": 0,
    "depreciationAndAmortization": 365842000,
    "ebitda": 469940000,
    "ebitdaratio": 0.4586265995,
    "operatingIncome": 144403000,
    "operatingIncomeRatio": 0.1409266222,
    "totalOtherIncomeExpensesNet": -129804000,
    "incomeBeforeTax": 14599000,
    "incomeBeforeTaxRatio": 0.0142475417,
    "incomeTaxExpense": 16053000,
    "netIncome": -138000,
    "netIncomeRatio": -0.0001346778,
    "eps": -0.14,
    "epsdiluted": -0.14,
    "weightedAverageShsOut": 270214413,
    "weightedAverageShsOutDil": 270214413,
    "link": "https://www.sec.gov/Archives/edgar/data/1297996/000155837020013155/0001558370-20-013155-index.htm",
    "finalLink": "https://www.sec.gov/Archives/edgar/data/1297996/000155837020013155/dlr-20200930x10q.htm"
  },
  {
    "date": "2020-06-30",
    "symbol": "DLR",
    "reportedCurrency": "USD",
    "cik": "0001297996",
    "fillingDate": "2020-08-10",
    "acceptedDate": "2020-08-07 20:04:10",
    "calendarYear": "2020",
    "period": "Q2",
    "revenue": 992995000,
    "costOfRevenue": 381088000,
    "grossProfit": 611907000,
    "grossProfitRatio": 0.6162236466,
    "researchAndDevelopmentExpenses": 0,
    "generalAndAdministrativeExpenses": 0,
    "sellingAndMarketingExpenses": 0,
    "sellingGeneralAndAdministrativeExpenses": 94291000,
    "otherExpenses": 364805000,
    "operatingExpenses": 459096000,
    "costAndExpenses": 840184000,
    "interestIncome": 0,
    "interestExpense": 0,
    "depreciationAndAmortization": 349165000,
    "ebitda": 516507000,
    "ebitdaratio": 0.5201506553,
    "operatingIncome": 152811000,
    "operatingIncomeRatio": 0.1538889924,
    "totalOtherIncomeExpensesNet": -65343000,
    "incomeBeforeTax": 87468000,
    "incomeBeforeTaxRatio": 0.0880850357,
    "incomeTaxExpense": 11490000,
    "netIncome": 74831000,
    "netIncomeRatio": 0.075358889,
    "eps": 0.2,
    "epsdiluted": 0.2,
    "weightedAverageShsOut": 267569823,
    "weightedAverageShsOutDil": 267569823,
    "link": "https://www.sec.gov/Archives/edgar/data/1297996/000155837020009992/0001558370-20-009992-index.htm",
    "finalLink": "https://www.sec.gov/Archives/edgar/data/1297996/000155837020009992/dlr-20200630x10q.htm"
  },
  {
    "date": "2020-03-31",
    "symbol": "DLR",
    "reportedCurrency": "USD",
    "cik": "0001297996",
    "fillingDate": "2020-05-11",
    "acceptedDate": "2020-05-11 16:38:50",
    "calendarYear": "2020",
    "period": "Q1",
    "revenue": 823337000,
    "costOfRevenue": 311378000,
    "grossProfit": 511959000,
    "grossProfitRatio": 0.6218097814,
    "researchAndDevelopmentExpenses": 0,
    "generalAndAdministrativeExpenses": 0,
    "sellingAndMarketingExpenses": 0,
    "sellingGeneralAndAdministrativeExpenses": 63538000,
    "otherExpenses": 348372000,
    "operatingExpenses": 411910000,
    "costAndExpenses": 723288000,
    "interestIncome": 0,
    "interestExpense": 0,
    "depreciationAndAmortization": 291457000,
    "ebitda": 616679000,
    "ebitdaratio": 0.7489994984,
    "operatingIncome": 100049000,
    "operatingIncomeRatio": 0.1215164629,
    "totalOtherIncomeExpensesNet": 135831000,
    "incomeBeforeTax": 235880000,
    "incomeBeforeTaxRatio": 0.2864926512,
    "incomeTaxExpense": 7182000,
    "netIncome": 224014000,
    "netIncomeRatio": 0.2720805697,
    "eps": 0.91,
    "epsdiluted": 0.9,
    "weightedAverageShsOut": 222163324,
    "weightedAverageShsOutDil": 224474295,
    "link": "https://www.sec.gov/Archives/edgar/data/1297996/000155837020006279/0001558370-20-006279-index.htm",
    "finalLink": "https://www.sec.gov/Archives/edgar/data/1297996/000155837020006279/dlr-20200511x10q.htm"
  },
  {
    "date": "2019-12-31",
    "symbol": "DLR",
    "reportedCurrency": "USD",
    "cik": "0001297996",
    "fillingDate": "2020-03-02",
    "acceptedDate": "2020-03-02 17:20:37",
    "calendarYear": "2019",
    "period": "Q4",
    "revenue": 787463000,
    "costOfRevenue": 299757000,
    "grossProfit": 487706000,
    "grossProfitRatio": 0.6193383054,
    "researchAndDevelopmentExpenses": 0,
    "generalAndAdministrativeExpenses": 0,
    "sellingAndMarketingExpenses": 0,
    "sellingGeneralAndAdministrativeExpenses": 54670000,
    "otherExpenses": 294103000,
    "operatingExpenses": 348773000,
    "costAndExpenses": 648530000,
    "interestIncome": 0,
    "interestExpense": 0,
    "depreciationAndAmortization": 275008000,
    "ebitda": 703483000,
    "ebitdaratio": 0.8933537195,
    "operatingIncome": 138933000,
    "operatingIncomeRatio": 0.1764311466,
    "totalOtherIncomeExpensesNet": 208662000,
    "incomeBeforeTax": 347595000,
    "incomeBeforeTaxRatio": 0.4414112155,
    "incomeTaxExpense": -1731000,
    "netIncome": 336284000,
    "netIncomeRatio": 0.427047366,
    "eps": 1.51,
    "epsdiluted": 1.5,
    "weightedAverageShsOut": 208776355,
    "weightedAverageShsOutDil": 210286278,
    "link": "https://www.sec.gov/Archives/edgar/data/1297996/000155837020001906/0001558370-20-001906-index.htm",
    "finalLink": "https://www.sec.gov/Archives/edgar/data/1297996/000155837020001906/dlr-20191231x10kabe894.htm"
  },
  {
    "date": "2019-09-30",
    "symbol": "DLR",
    "reportedCurrency": "USD",
    "cik": "0001297996",
    "fillingDate": "2019-11-08",
    "acceptedDate": "2019-11-08 17:32:40",
    "calendarYear": "2019",
    "period": "Q3",
    "revenue": 806466000,
    "costOfRevenue": 300789000,
    "grossProfit": 505677000,
    "grossProfitRatio": 0.6270282938,
    "researchAndDevelopmentExpenses": 0,
    "generalAndAdministrativeExpenses": 0,
    "sellingAndMarketingExpenses": 0,
    "sellingGeneralAndAdministrativeExpenses": 49985000,
    "otherExpenses": 290925000,
    "operatingExpenses": 340910000,
    "costAndExpenses": 641699000,
    "interestIncome": 0,
    "interestExpense": 0,
    "depreciationAndAmortization": 286718000,
    "ebitda": 443692000,
    "ebitdaratio": 0.550168265,
    "operatingIncome": 164767000,
    "operatingIncomeRatio": 0.2043074352,
    "totalOtherIncomeExpensesNet": -92367000,
    "incomeBeforeTax": 72400000,
    "incomeBeforeTaxRatio": 0.0897743984,
    "incomeTaxExpense": 4826000,
    "netIncome": 66497000,
    "netIncomeRatio": 0.082454809,
    "eps": 0.24,
    "epsdiluted": 0.24,
    "weightedAverageShsOut": 208421470,
    "weightedAverageShsOutDil": 209801771,
    "link": "https://www.sec.gov/Archives/edgar/data/1297996/000129799619000151/0001297996-19-000151-index.htm",
    "finalLink": "https://www.sec.gov/Archives/edgar/data/1297996/000129799619000151/dlrq3930201910-q.htm"
  },
  {
    "date": "2019-06-30",
    "symbol": "DLR",
    "reportedCurrency": "USD",
    "cik": "0001297996",
    "fillingDate": "2019-08-07",
    "acceptedDate": "2019-08-07 16:39:01",
    "calendarYear": "2019",
    "period": "Q2",
    "revenue": 800797000,
    "costOfRevenue": 296955000,
    "grossProfit": 503842000,
    "grossProfitRatio": 0.6291756837,
    "researchAndDevelopmentExpenses": 0,
    "generalAndAdministrativeExpenses": 0,
    "sellingAndMarketingExpenses": 0,
    "sellingGeneralAndAdministrativeExpenses": 52983000,
    "otherExpenses": 301887000,
    "operatingExpenses": 354870000,
    "costAndExpenses": 651825000,
    "interestIncome": 0,
    "interestExpense": 0,
    "depreciationAndAmortization": 290562000,
    "ebitda": 442571000,
    "ebitdaratio": 0.5526631593,
    "operatingIncome": 148972000,
    "operatingIncomeRatio": 0.1860296679,
    "totalOtherIncomeExpensesNet": -83014000,
    "incomeBeforeTax": 65958000,
    "incomeBeforeTaxRatio": 0.0823654434,
    "incomeTaxExpense": 4634000,
    "netIncome": 60168000,
    "netIncomeRatio": 0.0751351466,
    "eps": 0.15,
    "epsdiluted": 0.15,
    "weightedAverageShsOut": 208284407,
    "weightedAverageShsOutDil": 209435572,
    "link": "https://www.sec.gov/Archives/edgar/data/1297996/000129799619000112/0001297996-19-000112-index.htm",
    "finalLink": "https://www.sec.gov/Archives/edgar/data/1297996/000129799619000112/dlrq2630201910-q.htm"
  },
  {
    "date": "2019-03-31",
    "symbol": "DLR",
    "reportedCurrency": "USD",
    "cik": "0001297996",
    "fillingDate": "2019-05-10",
    "acceptedDate": "2019-05-09 18:56:40",
    "calendarYear": "2019",
    "period": "Q1",
    "revenue": 814515000,
    "costOfRevenue": 295260000,
    "grossProfit": 519255000,
    "grossProfitRatio": 0.6375020718,
    "researchAndDevelopmentExpenses": 0,
    "generalAndAdministrativeExpenses": 0,
    "sellingAndMarketingExpenses": 0,
    "sellingGeneralAndAdministrativeExpenses": 53459000,
    "otherExpenses": 324253000,
    "operatingExpenses": 377712000,
    "costAndExpenses": 672972000,
    "interestIncome": 0,
    "interestExpense": 0,
    "depreciationAndAmortization": 311486000,
    "ebitda": 538301000,
    "ebitdaratio": 0.6608853121,
    "operatingIncome": 141543000,
    "operatingIncomeRatio": 0.1737758052,
    "totalOtherIncomeExpensesNet": -16280000,
    "incomeBeforeTax": 125263000,
    "incomeBeforeTaxRatio": 0.1537884508,
    "incomeTaxExpense": 4266000,
    "netIncome": 116812000,
    "netIncomeRatio": 0.1434129513,
    "eps": 0.46,
    "epsdiluted": 0.46,
    "weightedAverageShsOut": 207809383,
    "weightedAverageShsOutDil": 208526249,
    "link": "https://www.sec.gov/Archives/edgar/data/1297996/000129799619000074/0001297996-19-000074-index.htm",
    "finalLink": "https://www.sec.gov/Archives/edgar/data/1297996/000129799619000074/dlrq1331201910-q.htm"
  },
  {
    "date": "2018-12-31",
    "symbol": "DLR",
    "reportedCurrency": "USD",
    "cik": "0001297996",
    "fillingDate": "2019-02-25",
    "acceptedDate": "2019-02-25 17:29:13",
    "calendarYear": "2018",
    "period": "Q4",
    "revenue": 778267000,
    "costOfRevenue": 287230000,
    "grossProfit": 491037000,
    "grossProfitRatio": 0.6309364267,
    "researchAndDevelopmentExpenses": 0,
    "generalAndAdministrativeExpenses": 0,
    "sellingAndMarketingExpenses": 0,
    "sellingGeneralAndAdministrativeExpenses": 41815000,
    "otherExpenses": 326375000,
    "operatingExpenses": 368190000,
    "costAndExpenses": 655420000,
    "interestIncome": 0,
    "interestExpense": 0,
    "depreciationAndAmortization": 299362000,
    "ebitda": 430999000,
    "ebitdaratio": 0.5537932355,
    "operatingIncome": 122847000,
    "operatingIncomeRatio": 0.1578468572,
    "totalOtherIncomeExpensesNet": -76093000,
    "incomeBeforeTax": 46754000,
    "incomeBeforeTaxRatio": 0.0600744989,
    "incomeTaxExpense": -5843000,
    "netIncome": 51559000,
    "netIncomeRatio": 0.0662484726,
    "eps": 0.15,
    "epsdiluted": 0.15,
    "weightedAverageShsOut": 206345138,
    "weightedAverageShsOutDil": 207113100,
    "link": "https://www.sec.gov/Archives/edgar/data/1297996/000129799619000032/0001297996-19-000032-index.htm",
    "finalLink": "https://www.sec.gov/Archives/edgar/data/1297996/000129799619000032/dlrq412311810kss.htm"
  },
  {
    "date": "2018-09-30",
    "symbol": "DLR",
    "reportedCurrency": "USD",
    "cik": "0001297996",
    "fillingDate": "2018-11-02",
    "acceptedDate": "2018-11-02 16:41:46",
    "calendarYear": "2018",
    "period": "Q3",
    "revenue": 768924000,
    "costOfRevenue": 283495000,
    "grossProfit": 485429000,
    "grossProfitRatio": 0.6313094662,
    "researchAndDevelopmentExpenses": 0,
    "generalAndAdministrativeExpenses": 0,
    "sellingAndMarketingExpenses": 0,
    "sellingGeneralAndAdministrativeExpenses": 41642000,
    "otherExpenses": 304722000,
    "operatingExpenses": 346364000,
    "costAndExpenses": 629859000,
    "interestIncome": 0,
    "interestExpense": 0,
    "depreciationAndAmortization": 293957000,
    "ebitda": 468485000,
    "ebitdaratio": 0.6092734783,
    "operatingIncome": 139065000,
    "operatingIncomeRatio": 0.1808566256,
    "totalOtherIncomeExpensesNet": -46369000,
    "incomeBeforeTax": 92696000,
    "incomeBeforeTaxRatio": 0.1205528765,
    "incomeTaxExpense": 2432000,
    "netIncome": 87597000,
    "netIncomeRatio": 0.1139215319,
    "eps": 0.33,
    "epsdiluted": 0.33,
    "weightedAverageShsOut": 206118472,
    "weightedAverageShsOutDil": 206766256,
    "link": "https://www.sec.gov/Archives/edgar/data/1297996/000129799618000144/0001297996-18-000144-index.htm",
    "finalLink": "https://www.sec.gov/Archives/edgar/data/1297996/000129799618000144/dlr930201810-q.htm"
  },
  {
    "date": "2018-06-30",
    "symbol": "DLR",
    "reportedCurrency": "USD",
    "cik": "0001297996",
    "fillingDate": "2018-08-07",
    "acceptedDate": "2018-08-07 16:51:54",
    "calendarYear": "2018",
    "period": "Q2",
    "revenue": 754919000,
    "costOfRevenue": 260212000,
    "grossProfit": 494707000,
    "grossProfitRatio": 0.6553113645,
    "researchAndDevelopmentExpenses": 0,
    "generalAndAdministrativeExpenses": 0,
    "sellingAndMarketingExpenses": 0,
    "sellingGeneralAndAdministrativeExpenses": 46099000,
    "otherExpenses": 304546000,
    "operatingExpenses": 350645000,
    "costAndExpenses": 610857000,
    "interestIncome": 0,
    "interestExpense": 0,
    "depreciationAndAmortization": 298788000,
    "ebitda": 467878000,
    "ebitdaratio": 0.6197724524,
    "operatingIncome": 144062000,
    "operatingIncomeRatio": 0.1908310693,
    "totalOtherIncomeExpensesNet": -53782000,
    "incomeBeforeTax": 90280000,
    "incomeBeforeTaxRatio": 0.119588989,
    "incomeTaxExpense": 2121000,
    "netIncome": 85463000,
    "netIncomeRatio": 0.113208172,
    "eps": 0.32,
    "epsdiluted": 0.32,
    "weightedAverageShsOut": 205956005,
    "weightedAverageShsOutDil": 206563079,
    "link": "https://www.sec.gov/Archives/edgar/data/1297996/000129799618000130/0001297996-18-000130-index.htm",
    "finalLink": "https://www.sec.gov/Archives/edgar/data/1297996/000129799618000130/dlr630201810-q.htm"
  },
  {
    "date": "2018-03-31",
    "symbol": "DLR",
    "reportedCurrency": "USD",
    "cik": "0001297996",
    "fillingDate": "2018-05-08",
    "acceptedDate": "2018-05-08 16:42:06",
    "calendarYear": "2018",
    "period": "Q1",
    "revenue": 744368000,
    "costOfRevenue": 264634000,
    "grossProfit": 479734000,
    "grossProfitRatio": 0.6444849859,
    "researchAndDevelopmentExpenses": 0,
    "generalAndAdministrativeExpenses": 0,
    "sellingAndMarketingExpenses": 0,
    "sellingGeneralAndAdministrativeExpenses": 36523000,
    "otherExpenses": 299398000,
    "operatingExpenses": 335921000,
    "costAndExpenses": 600555000,
    "interestIncome": 0,
    "interestExpense": 0,
    "depreciationAndAmortization": 294789000,
    "ebitda": 485285000,
    "ebitdaratio": 0.6519423189,
    "operatingIncome": 143813000,
    "operatingIncomeRatio": 0.193201481,
    "totalOtherIncomeExpensesNet": -30344000,
    "incomeBeforeTax": 113469000,
    "incomeBeforeTaxRatio": 0.152436698,
    "incomeTaxExpense": 3374000,
    "netIncome": 106627000,
    "netIncomeRatio": 0.1432450078,
    "eps": 0.42,
    "epsdiluted": 0.42,
    "weightedAverageShsOut": 205714173,
    "weightedAverageShsOutDil": 206507476,
    "link": "https://www.sec.gov/Archives/edgar/data/1297996/000129799618000075/0001297996-18-000075-index.htm",
    "finalLink": "https://www.sec.gov/Archives/edgar/data/1297996/000129799618000075/dlr331201810-q1.htm"
  },
  {
    "date": "2017-12-31",
    "symbol": "DLR",
    "reportedCurrency": "USD",
    "cik": "0001297996",
    "fillingDate": "2018-03-01",
    "acceptedDate": "2018-02-28 21:30:27",
    "calendarYear": "2017",
    "period": "Q4",
    "revenue": 731445000,
    "costOfRevenue": 261848000,
    "grossProfit": 469597000,
    "grossProfitRatio": 0.6420127282,
    "researchAndDevelopmentExpenses": 0,
    "generalAndAdministrativeExpenses": 0,
    "sellingAndMarketingExpenses": 0,
    "sellingGeneralAndAdministrativeExpenses": 48743000,
    "otherExpenses": 303656000,
    "operatingExpenses": 352399000,
    "costAndExpenses": 614247000,
    "interestIncome": 0,
    "interestExpense": 0,
    "depreciationAndAmortization": 287973000,
    "ebitda": 442165000,
    "ebitdaratio": 0.6045088831,
    "operatingIncome": 117198000,
    "operatingIncomeRatio": 0.1602280418,
    "totalOtherIncomeExpensesNet": -36995000,
    "incomeBeforeTax": 80203000,
    "incomeBeforeTaxRatio": 0.1096500762,
    "incomeTaxExpense": 545000,
    "netIncome": 73635000,
    "netIncomeRatio": 0.1006705904,
    "eps": 0.26,
    "epsdiluted": 0.26,
    "weightedAverageShsOut": 205448689,
    "weightedAverageShsOutDil": 206185084,
    "link": "https://www.sec.gov/Archives/edgar/data/1297996/000129799618000026/0001297996-18-000026-index.htm",
    "finalLink": "https://www.sec.gov/Archives/edgar/data/1297996/000129799618000026/dlr12311710k.htm"
  },
  {
    "date": "2017-09-30",
    "symbol": "DLR",
    "reportedCurrency": "USD",
    "cik": "0001297996",
    "fillingDate": "2017-11-09",
    "acceptedDate": "2017-11-09 16:48:57",
    "calendarYear": "2017",
    "period": "Q3",
    "revenue": 609925000,
    "costOfRevenue": 222647000,
    "grossProfit": 387278000,
    "grossProfitRatio": 0.6349600361,
    "researchAndDevelopmentExpenses": 0,
    "generalAndAdministrativeExpenses": 0,
    "sellingAndMarketingExpenses": 0,
    "sellingGeneralAndAdministrativeExpenses": 46355000,
    "otherExpenses": 274766000,
    "operatingExpenses": 321121000,
    "costAndExpenses": 543768000,
    "interestIncome": 0,
    "interestExpense": 0,
    "depreciationAndAmortization": 199914000,
    "ebitda": 286504000,
    "ebitdaratio": 0.469736443,
    "operatingIncome": 66157000,
    "operatingIncomeRatio": 0.1084674345,
    "totalOtherIncomeExpensesNet": -51188000,
    "incomeBeforeTax": 14969000,
    "incomeBeforeTaxRatio": 0.0245423618,
    "incomeTaxExpense": 2494000,
    "netIncome": 12435000,
    "netIncomeRatio": 0.0203877526,
    "eps": -0.0243,
    "epsdiluted": -0.0243,
    "weightedAverageShsOut": 170194254,
    "weightedAverageShsOutDil": 170194254,
    "link": "https://www.sec.gov/Archives/edgar/data/1297996/000129799617000155/0001297996-17-000155-index.htm",
    "finalLink": "https://www.sec.gov/Archives/edgar/data/1297996/000129799617000155/dlr930201710-q.htm"
  },
  {
    "date": "2017-06-30",
    "symbol": "DLR",
    "reportedCurrency": "USD",
    "cik": "0001297996",
    "fillingDate": "2017-08-09",
    "acceptedDate": "2017-08-09 17:11:18",
    "calendarYear": "2017",
    "period": "Q2",
    "revenue": 565989000,
    "costOfRevenue": 202877000,
    "grossProfit": 363112000,
    "grossProfitRatio": 0.6415531044,
    "researchAndDevelopmentExpenses": 0,
    "generalAndAdministrativeExpenses": 0,
    "sellingAndMarketingExpenses": 0,
    "sellingGeneralAndAdministrativeExpenses": 40085000,
    "otherExpenses": 192370000,
    "operatingExpenses": 232455000,
    "costAndExpenses": 435332000,
    "interestIncome": 0,
    "interestExpense": 0,
    "depreciationAndAmortization": 178111000,
    "ebitda": 317903000,
    "ebitdaratio": 0.5616769937,
    "operatingIncome": 130657000,
    "operatingIncomeRatio": 0.2308472426,
    "totalOtherIncomeExpensesNet": -48447000,
    "incomeBeforeTax": 82210000,
    "incomeBeforeTaxRatio": 0.1452501727,
    "incomeTaxExpense": 2639000,
    "netIncome": 78651000,
    "netIncomeRatio": 0.1389620646,
    "eps": 0.36,
    "epsdiluted": 0.36,
    "weightedAverageShsOut": 160832889,
    "weightedAverageShsOutDil": 161781867,
    "link": "https://www.sec.gov/Archives/edgar/data/1297996/000129799617000101/0001297996-17-000101-index.htm",
    "finalLink": "https://www.sec.gov/Archives/edgar/data/1297996/000129799617000101/dlr630201710-q.htm"
  },
  {
    "date": "2017-03-31",
    "symbol": "DLR",
    "reportedCurrency": "USD",
    "cik": "0001297996",
    "fillingDate": "2017-05-10",
    "acceptedDate": "2017-05-10 16:14:01",
    "calendarYear": "2017",
    "period": "Q1",
    "revenue": 550569000,
    "costOfRevenue": 196258000,
    "grossProfit": 354311000,
    "grossProfitRatio": 0.6435360509,
    "researchAndDevelopmentExpenses": 0,
    "generalAndAdministrativeExpenses": 0,
    "sellingAndMarketingExpenses": 0,
    "sellingGeneralAndAdministrativeExpenses": 37239000,
    "otherExpenses": 179789000,
    "operatingExpenses": 217028000,
    "costAndExpenses": 413286000,
    "interestIncome": 0,
    "interestExpense": 0,
    "depreciationAndAmortization": 176466000,
    "ebitda": 318702000,
    "ebitdaratio": 0.5788593255,
    "operatingIncome": 137283000,
    "operatingIncomeRatio": 0.2493474932,
    "totalOtherIncomeExpensesNet": -50497000,
    "incomeBeforeTax": 86786000,
    "incomeBeforeTaxRatio": 0.1576296522,
    "incomeTaxExpense": 2223000,
    "netIncome": 83538000,
    "netIncomeRatio": 0.1517303008,
    "eps": 0.42,
    "epsdiluted": 0.41,
    "weightedAverageShsOut": 159297027,
    "weightedAverageShsOutDil": 160421655,
    "link": "https://www.sec.gov/Archives/edgar/data/1297996/000129799617000057/0001297996-17-000057-index.htm",
    "finalLink": "https://www.sec.gov/Archives/edgar/data/1297996/000129799617000057/dlr331201710-q.htm"
  },
  {
    "date": "2016-12-31",
    "symbol": "DLR",
    "reportedCurrency": "USD",
    "cik": "0001297996",
    "fillingDate": "2017-03-01",
    "acceptedDate": "2017-03-01 16:49:18",
    "calendarYear": "2016",
    "period": "Q4",
    "revenue": 576787000,
    "costOfRevenue": 196365000,
    "grossProfit": 380422000,
    "grossProfitRatio": 0.6595537001,
    "researchAndDevelopmentExpenses": 0,
    "generalAndAdministrativeExpenses": 0,
    "sellingAndMarketingExpenses": 0,
    "sellingGeneralAndAdministrativeExpenses": 43522000,
    "otherExpenses": 185778000,
    "operatingExpenses": 229300000,
    "costAndExpenses": 425665000,
    "interestIncome": 0,
    "interestExpense": 0,
    "depreciationAndAmortization": 176581000,
    "ebitda": 332221000,
    "ebitdaratio": 0.5759855891,
    "operatingIncome": 151122000,
    "operatingIncomeRatio": 0.2620065986,
    "totalOtherIncomeExpensesNet": -52678000,
    "incomeBeforeTax": 98444000,
    "incomeBeforeTaxRatio": 0.1706765236,
    "incomeTaxExpense": 2304000,
    "netIncome": 95075000,
    "netIncomeRatio": 0.1648355459,
    "eps": 0.49,
    "epsdiluted": 0.49,
    "weightedAverageShsOut": 158956606,
    "weightedAverageShsOutDil": 159699411,
    "link": "https://www.sec.gov/Archives/edgar/data/1297996/000129799617000020/0001297996-17-000020-index.htm",
    "finalLink": "https://www.sec.gov/Archives/edgar/data/1297996/000129799617000020/dlr12311610k.htm"
  },
  {
    "date": "2016-09-30",
    "symbol": "DLR",
    "reportedCurrency": "USD",
    "cik": "0001297996",
    "fillingDate": "2016-11-09",
    "acceptedDate": "2016-11-09 16:50:52",
    "calendarYear": "2016",
    "period": "Q3",
    "revenue": 546293000,
    "costOfRevenue": 197812000,
    "grossProfit": 348481000,
    "grossProfitRatio": 0.6379012728,
    "researchAndDevelopmentExpenses": 0,
    "generalAndAdministrativeExpenses": 0,
    "sellingAndMarketingExpenses": 0,
    "sellingGeneralAndAdministrativeExpenses": 48605000,
    "otherExpenses": 184126000,
    "operatingExpenses": 232731000,
    "costAndExpenses": 430543000,
    "interestIncome": 0,
    "interestExpense": 0,
    "depreciationAndAmortization": 178133000,
    "ebitda": 467372000,
    "ebitdaratio": 0.855533569,
    "operatingIncome": 115750000,
    "operatingIncomeRatio": 0.2118826344,
    "totalOtherIncomeExpensesNet": 110405000,
    "incomeBeforeTax": 226155000,
    "incomeBeforeTaxRatio": 0.413981142,
    "incomeTaxExpense": 3720000,
    "netIncome": 219188000,
    "netIncomeRatio": 0.4012279125,
    "eps": 1.27,
    "epsdiluted": 1.25,
    "weightedAverageShsOut": 147397853,
    "weightedAverageShsOutDil": 149384871,
    "link": "https://www.sec.gov/Archives/edgar/data/1297996/000129799616000268/0001297996-16-000268-index.htm",
    "finalLink": "https://www.sec.gov/Archives/edgar/data/1297996/000129799616000268/dlr930201610-q.htm"
  },
  {
    "date": "2016-06-30",
    "symbol": "DLR",
    "reportedCurrency": "USD",
    "cik": "0001297996",
    "fillingDate": "2016-08-09",
    "acceptedDate": "2016-08-09 17:22:48",
    "calendarYear": "2016",
    "period": "Q2",
    "revenue": 514934000,
    "costOfRevenue": 186997000,
    "grossProfit": 327937000,
    "grossProfitRatio": 0.6368524898,
    "researchAndDevelopmentExpenses": 0,
    "generalAndAdministrativeExpenses": 34922000,
    "sellingAndMarketingExpenses": 0,
    "sellingGeneralAndAdministrativeExpenses": 36430000,
    "otherExpenses": 179209000,
    "operatingExpenses": 215639000,
    "costAndExpenses": 402636000,
    "interestIncome": 0,
    "interestExpense": 63234000,
    "depreciationAndAmortization": 175594000,
    "ebitda": 292024000,
    "ebitdaratio": 0.5671095713,
    "operatingIncome": 112298000,
    "operatingIncomeRatio": 0.2180823173,
    "totalOtherIncomeExpensesNet": -59102000,
    "incomeBeforeTax": 53196000,
    "incomeBeforeTaxRatio": 0.1033064432,
    "incomeTaxExpense": 2252000,
    "netIncome": 50375000,
    "netIncomeRatio": 0.0978280712,
    "eps": 0.19,
    "epsdiluted": 0.19,
    "weightedAverageShsOut": 146824268,
    "weightedAverageShsOutDil": 147808268,
    "link": "https://www.sec.gov/Archives/edgar/data/1297996/000129799616000218/0001297996-16-000218-index.htm",
    "finalLink": "https://www.sec.gov/Archives/edgar/data/1297996/000129799616000218/dlr630201610-q.htm"
  },
  {
    "date": "2016-03-31",
    "symbol": "DLR",
    "reportedCurrency": "USD",
    "cik": "0001297996",
    "fillingDate": "2016-05-06",
    "acceptedDate": "2016-05-06 17:05:58",
    "calendarYear": "2016",
    "period": "Q1",
    "revenue": 504199000,
    "costOfRevenue": 181499000,
    "grossProfit": 322700000,
    "grossProfitRatio": 0.6400250695,
    "researchAndDevelopmentExpenses": 0,
    "generalAndAdministrativeExpenses": 32220000,
    "sellingAndMarketingExpenses": 0,
    "sellingGeneralAndAdministrativeExpenses": 33668000,
    "otherExpenses": 170916000,
    "operatingExpenses": 204584000,
    "costAndExpenses": 386083000,
    "interestIncome": 0,
    "interestExpense": 57885000,
    "depreciationAndAmortization": 169016000,
    "ebitda": 291343000,
    "ebitdaratio": 0.5778333555,
    "operatingIncome": 118116000,
    "operatingIncomeRatio": 0.2342646455,
    "totalOtherIncomeExpensesNet": -53674000,
    "incomeBeforeTax": 64442000,
    "incomeBeforeTaxRatio": 0.1278106462,
    "incomeTaxExpense": 2109000,
    "netIncome": 61549000,
    "netIncomeRatio": 0.1220728324,
    "eps": 0.27,
    "epsdiluted": 0.27,
    "weightedAverageShsOut": 146565564,
    "weightedAverageShsOutDil": 147433194,
    "link": "https://www.sec.gov/Archives/edgar/data/1297996/000129799616000172/0001297996-16-000172-index.htm",
    "finalLink": "https://www.sec.gov/Archives/edgar/data/1297996/000129799616000172/dlr331201610-q.htm"
  },
  {
    "date": "2015-12-31",
    "symbol": "DLR",
    "reportedCurrency": "USD",
    "cik": "0001297996",
    "fillingDate": "2016-02-29",
    "acceptedDate": "2016-02-29 17:45:50",
    "calendarYear": "2015",
    "period": "Q4",
    "revenue": 500443000,
    "costOfRevenue": 183717000,
    "grossProfit": 316726000,
    "grossProfitRatio": 0.6328912583,
    "researchAndDevelopmentExpenses": 0,
    "generalAndAdministrativeExpenses": 32222000,
    "sellingAndMarketingExpenses": 0,
    "sellingGeneralAndAdministrativeExpenses": 38347000,
    "otherExpenses": 236969000,
    "operatingExpenses": 275316000,
    "costAndExpenses": 459033000,
    "interestIncome": 498000,
    "interestExpense": 61219000,
    "depreciationAndAmortization": 172956000,
    "ebitda": 218009000,
    "ebitdaratio": 0.43563203,
    "operatingIncome": 41410000,
    "operatingIncomeRatio": 0.0827466864,
    "totalOtherIncomeExpensesNet": -57576000,
    "incomeBeforeTax": -16305000,
    "incomeBeforeTaxRatio": -0.0325811331,
    "incomeTaxExpense": 268000,
    "netIncome": -15983000,
    "netIncomeRatio": -0.0319377032,
    "eps": -0.28,
    "epsdiluted": -0.28,
    "weightedAverageShsOut": 142915273,
    "weightedAverageShsOutDil": 145561559,
    "link": "https://www.sec.gov/Archives/edgar/data/1297996/000129799616000124/0001297996-16-000124-index.htm",
    "finalLink": "https://www.sec.gov/Archives/edgar/data/1297996/000129799616000124/dlr12311510k.htm"
  },
  {
    "date": "2015-09-30",
    "symbol": "DLR",
    "reportedCurrency": "USD",
    "cik": "0001297996",
    "fillingDate": "2015-11-06",
    "acceptedDate": "2015-11-06 17:06:55",
    "calendarYear": "2015",
    "period": "Q3",
    "revenue": 435989000,
    "costOfRevenue": 160491000,
    "grossProfit": 275498000,
    "grossProfitRatio": 0.631892089,
    "researchAndDevelopmentExpenses": 0,
    "generalAndAdministrativeExpenses": 28571000,
    "sellingAndMarketingExpenses": 0,
    "sellingGeneralAndAdministrativeExpenses": 24895000,
    "otherExpenses": 146473000,
    "operatingExpenses": 171368000,
    "costAndExpenses": 331859000,
    "interestIncome": 0,
    "interestExpense": 48496000,
    "depreciationAndAmortization": 136974000,
    "ebitda": 245066000,
    "ebitdaratio": 0.5620921629,
    "operatingIncome": 104130000,
    "operatingIncomeRatio": 0.2388363009,
    "totalOtherIncomeExpensesNet": -44534000,
    "incomeBeforeTax": 59596000,
    "incomeBeforeTaxRatio": 0.136691522,
    "incomeTaxExpense": 1754000,
    "netIncome": 56978000,
    "netIncomeRatio": 0.1306867834,
    "eps": 0.28,
    "epsdiluted": 0.28,
    "weightedAverageShsOut": 135832503,
    "weightedAverageShsOutDil": 138259936,
    "link": "https://www.sec.gov/Archives/edgar/data/1297996/000129799615000092/0001297996-15-000092-index.htm",
    "finalLink": "https://www.sec.gov/Archives/edgar/data/1297996/000129799615000092/dlr930201510-q.htm"
  },
  {
    "date": "2015-06-30",
    "symbol": "DLR",
    "reportedCurrency": "USD",
    "cik": "0001297996",
    "fillingDate": "2015-08-06",
    "acceptedDate": "2015-08-06 17:28:01",
    "calendarYear": "2015",
    "period": "Q2",
    "revenue": 420295000,
    "costOfRevenue": 150439000,
    "grossProfit": 269856000,
    "grossProfitRatio": 0.6420633127,
    "researchAndDevelopmentExpenses": 0,
    "generalAndAdministrativeExpenses": 26466000,
    "sellingAndMarketingExpenses": 0,
    "sellingGeneralAndAdministrativeExpenses": 27767000,
    "otherExpenses": 135036000,
    "operatingExpenses": 162803000,
    "costAndExpenses": 313242000,
    "interestIncome": 0,
    "interestExpense": 46345000,
    "depreciationAndAmortization": 131524000,
    "ebitda": 318481000,
    "ebitdaratio": 0.757755862,
    "operatingIncome": 107053000,
    "operatingIncomeRatio": 0.2547091924,
    "totalOtherIncomeExpensesNet": 33559000,
    "incomeBeforeTax": 140612000,
    "incomeBeforeTaxRatio": 0.3345554908,
    "incomeTaxExpense": 2615000,
    "netIncome": 117055000,
    "netIncomeRatio": 0.2785067631,
    "eps": 0.86,
    "epsdiluted": 0.86,
    "weightedAverageShsOut": 135810060,
    "weightedAverageShsOutDil": 136499004,
    "link": "https://www.sec.gov/Archives/edgar/data/1297996/000129799615000073/0001297996-15-000073-index.htm",
    "finalLink": "https://www.sec.gov/Archives/edgar/data/1297996/000129799615000073/dlr630201510-q.htm"
  },
  {
    "date": "2015-03-31",
    "symbol": "DLR",
    "reportedCurrency": "USD",
    "cik": "0001297996",
    "fillingDate": "2015-05-08",
    "acceptedDate": "2015-05-08 17:11:31",
    "calendarYear": "2015",
    "period": "Q1",
    "revenue": 406609000,
    "costOfRevenue": 147826000,
    "grossProfit": 258783000,
    "grossProfitRatio": 0.6364418889,
    "researchAndDevelopmentExpenses": 0,
    "generalAndAdministrativeExpenses": 21953000,
    "sellingAndMarketingExpenses": 0,
    "sellingGeneralAndAdministrativeExpenses": 23349000,
    "otherExpenses": 86116000,
    "operatingExpenses": 109465000,
    "costAndExpenses": 257291000,
    "interestIncome": 0,
    "interestExpense": 47756000,
    "depreciationAndAmortization": 129073000,
    "ebitda": 300829000,
    "ebitdaratio": 0.7398483555,
    "operatingIncome": 149318000,
    "operatingIncomeRatio": 0.3672274839,
    "totalOtherIncomeExpensesNet": -25318000,
    "incomeBeforeTax": 124000000,
    "incomeBeforeTaxRatio": 0.3049612773,
    "incomeTaxExpense": 1675000,
    "netIncome": 101728000,
    "netIncomeRatio": 0.2501862969,
    "eps": 0.75,
    "epsdiluted": 0.75,
    "weightedAverageShsOut": 135704525,
    "weightedAverageShsOutDil": 136128800,
    "link": "https://www.sec.gov/Archives/edgar/data/1297996/000129799615000042/0001297996-15-000042-index.htm",
    "finalLink": "https://www.sec.gov/Archives/edgar/data/1297996/000129799615000042/dlr331201510-q.htm"
  },
  {
    "date": "2014-12-31",
    "symbol": "DLR",
    "reportedCurrency": "USD",
    "cik": "0001297996",
    "fillingDate": "2015-03-02",
    "acceptedDate": "2015-03-02 17:07:00",
    "calendarYear": "2014",
    "period": "Q4",
    "revenue": 412216000,
    "costOfRevenue": 150640000,
    "grossProfit": 261576000,
    "grossProfitRatio": 0.6345605217,
    "researchAndDevelopmentExpenses": 0,
    "generalAndAdministrativeExpenses": 23660000,
    "sellingAndMarketingExpenses": 0,
    "sellingGeneralAndAdministrativeExpenses": 23660000,
    "otherExpenses": 244082000,
    "operatingExpenses": 267742000,
    "costAndExpenses": 418382000,
    "interestIncome": 641000,
    "interestExpense": 46396000,
    "depreciationAndAmortization": 133327000,
    "ebitda": 146129000,
    "ebitdaratio": 0.3544961865,
    "operatingIncome": -6166000,
    "operatingIncomeRatio": -0.0149581773,
    "totalOtherIncomeExpensesNet": -27428000,
    "incomeBeforeTax": -33594000,
    "incomeBeforeTaxRatio": -0.0814961088,
    "incomeTaxExpense": 1201000,
    "netIncome": -33834000,
    "netIncomeRatio": -0.0820783279,
    "eps": -0.39,
    "epsdiluted": -0.39,
    "weightedAverageShsOut": 135356484,
    "weightedAverageShsOutDil": 135544597,
    "link": "https://www.sec.gov/Archives/edgar/data/1297996/000129799615000010/0001297996-15-000010-index.htm",
    "finalLink": "https://www.sec.gov/Archives/edgar/data/1297996/000129799615000010/dlr12311410k.htm"
  },
  {
    "date": "2014-09-30",
    "symbol": "DLR",
    "reportedCurrency": "USD",
    "cik": "0001297996",
    "fillingDate": "2014-11-07",
    "acceptedDate": "2014-11-07 17:09:14",
    "calendarYear": "2014",
    "period": "Q3",
    "revenue": 412186000,
    "costOfRevenue": 156659000,
    "grossProfit": 255527000,
    "grossProfitRatio": 0.6199312932,
    "researchAndDevelopmentExpenses": 0,
    "generalAndAdministrativeExpenses": 22854000,
    "sellingAndMarketingExpenses": 0,
    "sellingGeneralAndAdministrativeExpenses": 22854000,
    "otherExpenses": 150301000,
    "operatingExpenses": 173155000,
    "costAndExpenses": 329814000,
    "interestIncome": 378000,
    "interestExpense": 48169000,
    "depreciationAndAmortization": 137474000,
    "ebitda": 316982000,
    "ebitdaratio": 0.7690266045,
    "operatingIncome": 82372000,
    "operatingIncomeRatio": 0.199841819,
    "totalOtherIncomeExpensesNet": 48967000,
    "incomeBeforeTax": 131339000,
    "incomeBeforeTaxRatio": 0.3186401285,
    "incomeTaxExpense": 1178000,
    "netIncome": 109314000,
    "netIncomeRatio": 0.265205514,
    "eps": 0.81,
    "epsdiluted": 0.8,
    "weightedAverageShsOut": 135492618,
    "weightedAverageShsOutDil": 135946533,
    "link": "https://www.sec.gov/Archives/edgar/data/1297996/000144530514004965/0001445305-14-004965-index.htm",
    "finalLink": "https://www.sec.gov/Archives/edgar/data/1297996/000144530514004965/dlr930201410-q.htm"
  },
  {
    "date": "2014-06-30",
    "symbol": "DLR",
    "reportedCurrency": "USD",
    "cik": "0001297996",
    "fillingDate": "2014-08-07",
    "acceptedDate": "2014-08-07 17:12:55",
    "calendarYear": "2014",
    "period": "Q2",
    "revenue": 401446000,
    "costOfRevenue": 147391000,
    "grossProfit": 254055000,
    "grossProfitRatio": 0.6328497482,
    "researchAndDevelopmentExpenses": 0,
    "generalAndAdministrativeExpenses": 22217000,
    "sellingAndMarketingExpenses": 0,
    "sellingGeneralAndAdministrativeExpenses": 22217000,
    "otherExpenses": 139385000,
    "operatingExpenses": 161602000,
    "costAndExpenses": 308993000,
    "interestIncome": 0,
    "interestExpense": 49229000,
    "depreciationAndAmortization": 137092000,
    "ebitda": 248674000,
    "ebitdaratio": 0.6194457038,
    "operatingIncome": 92453000,
    "operatingIncomeRatio": 0.2302999656,
    "totalOtherIncomeExpensesNet": -30100000,
    "incomeBeforeTax": 62353000,
    "incomeBeforeTaxRatio": 0.1553210145,
    "incomeTaxExpense": 1021000,
    "netIncome": 60339000,
    "netIncomeRatio": 0.1503041505,
    "eps": 0.31,
    "epsdiluted": 0.31,
    "weightedAverageShsOut": 133802622,
    "weightedAverageShsOutDil": 133977885,
    "link": "https://www.sec.gov/Archives/edgar/data/1297996/000119312514300947/0001193125-14-300947-index.htm",
    "finalLink": "https://www.sec.gov/Archives/edgar/data/1297996/000119312514300947/d750893d10q.htm"
  },
  {
    "date": "2014-03-31",
    "symbol": "DLR",
    "reportedCurrency": "USD",
    "cik": "0001297996",
    "fillingDate": "2014-05-12",
    "acceptedDate": "2014-05-09 18:29:56",
    "calendarYear": "2014",
    "period": "Q1",
    "revenue": 390590000,
    "costOfRevenue": 140021000,
    "grossProfit": 250569000,
    "grossProfitRatio": 0.6415141197,
    "researchAndDevelopmentExpenses": 0,
    "generalAndAdministrativeExpenses": 33100000,
    "sellingAndMarketingExpenses": 0,
    "sellingGeneralAndAdministrativeExpenses": 33100000,
    "otherExpenses": 127462000,
    "operatingExpenses": 160562000,
    "costAndExpenses": 300583000,
    "interestIncome": 1727000,
    "interestExpense": 47374000,
    "depreciationAndAmortization": 130620000,
    "ebitda": 226549000,
    "ebitdaratio": 0.5800174096,
    "operatingIncome": 90007000,
    "operatingIncomeRatio": 0.2304385673,
    "totalOtherIncomeExpensesNet": -41452000,
    "incomeBeforeTax": 48555000,
    "incomeBeforeTaxRatio": 0.1243119383,
    "incomeTaxExpense": 1838000,
    "netIncome": 45912000,
    "netIncomeRatio": 0.1175452521,
    "eps": 0.27,
    "epsdiluted": 0.26,
    "weightedAverageShsOut": 128535995,
    "weightedAverageShsOutDil": 129136961,
    "link": "https://www.sec.gov/Archives/edgar/data/1297996/000119312514192882/0001193125-14-192882-index.htm",
    "finalLink": "https://www.sec.gov/Archives/edgar/data/1297996/000119312514192882/d722282d10q.htm"
  },
  {
    "date": "2013-12-31",
    "symbol": "DLR",
    "reportedCurrency": "USD",
    "cik": "0001297996",
    "fillingDate": "2014-03-03",
    "acceptedDate": "2014-02-28 21:05:59",
    "calendarYear": "2013",
    "period": "Q4",
    "revenue": 380931000,
    "costOfRevenue": 137293000,
    "grossProfit": 243638000,
    "grossProfitRatio": 0.6395856467,
    "researchAndDevelopmentExpenses": 0,
    "generalAndAdministrativeExpenses": 17692000,
    "sellingAndMarketingExpenses": 0,
    "sellingGeneralAndAdministrativeExpenses": 17692000,
    "otherExpenses": 127891000,
    "operatingExpenses": 145583000,
    "costAndExpenses": 282876000,
    "interestIncome": 231000,
    "interestExpense": 45904000,
    "depreciationAndAmortization": 126776000,
    "ebitda": 227874000,
    "ebitdaratio": 0.5982028241,
    "operatingIncome": 98055000,
    "operatingIncomeRatio": 0.2574088221,
    "totalOtherIncomeExpensesNet": -42861000,
    "incomeBeforeTax": 55194000,
    "incomeBeforeTaxRatio": 0.1448923821,
    "incomeTaxExpense": -473000,
    "netIncome": 42977000,
    "netIncomeRatio": 0.1128209571,
    "eps": 0.33,
    "epsdiluted": 0.33,
    "weightedAverageShsOut": 128443395,
    "weightedAverageShsOutDil": 128640121,
    "link": "https://www.sec.gov/Archives/edgar/data/1297996/000119312514078397/0001193125-14-078397-index.htm",
    "finalLink": "https://www.sec.gov/Archives/edgar/data/1297996/000119312514078397/d681374d10k.htm"
  },
  {
    "date": "2013-09-30",
    "symbol": "DLR",
    "reportedCurrency": "USD",
    "cik": "0001297996",
    "fillingDate": "2013-11-12",
    "acceptedDate": "2013-11-12 17:10:04",
    "calendarYear": "2013",
    "period": "Q3",
    "revenue": 379456000,
    "costOfRevenue": 155359000,
    "grossProfit": 224097000,
    "grossProfitRatio": 0.5905744012,
    "researchAndDevelopmentExpenses": 0,
    "generalAndAdministrativeExpenses": 18419000,
    "sellingAndMarketingExpenses": 0,
    "sellingGeneralAndAdministrativeExpenses": 18419000,
    "otherExpenses": 120501000,
    "operatingExpenses": 138920000,
    "costAndExpenses": 294279000,
    "interestIncome": 0,
    "interestExpense": 47869000,
    "depreciationAndAmortization": 121198000,
    "ebitda": 322899000,
    "ebitdaratio": 0.8509524161,
    "operatingIncome": 85177000,
    "operatingIncomeRatio": 0.2244713485,
    "totalOtherIncomeExpensesNet": 68655000,
    "incomeBeforeTax": 153832000,
    "incomeBeforeTaxRatio": 0.4054014168,
    "incomeTaxExpense": 352000,
    "netIncome": 138872000,
    "netIncomeRatio": 0.3659765559,
    "eps": 1.08,
    "epsdiluted": 1.06,
    "weightedAverageShsOut": 128427444,
    "weightedAverageShsOutDil": 135301765,
    "link": "https://www.sec.gov/Archives/edgar/data/1297996/000119312513438489/0001193125-13-438489-index.htm",
    "finalLink": "https://www.sec.gov/Archives/edgar/data/1297996/000119312513438489/d620258d10q.htm"
  },
  {
    "date": "2013-06-30",
    "symbol": "DLR",
    "reportedCurrency": "USD",
    "cik": "0001297996",
    "fillingDate": "2013-08-08",
    "acceptedDate": "2013-08-08 17:13:42",
    "calendarYear": "2013",
    "period": "Q2",
    "revenue": 363502000,
    "costOfRevenue": 126374000,
    "grossProfit": 237128000,
    "grossProfitRatio": 0.6523430408,
    "researchAndDevelopmentExpenses": 0,
    "generalAndAdministrativeExpenses": 20129000,
    "sellingAndMarketingExpenses": 0,
    "sellingGeneralAndAdministrativeExpenses": 20129000,
    "otherExpenses": 117005000,
    "operatingExpenses": 137134000,
    "costAndExpenses": 263508000,
    "interestIncome": 0,
    "interestExpense": 47589000,
    "depreciationAndAmortization": 115867000,
    "ebitda": 223287000,
    "ebitdaratio": 0.6142662214,
    "operatingIncome": 99994000,
    "operatingIncomeRatio": 0.275085144,
    "totalOtherIncomeExpensesNet": -40163000,
    "incomeBeforeTax": 59831000,
    "incomeBeforeTaxRatio": 0.1645960682,
    "incomeTaxExpense": 210000,
    "netIncome": 47077000,
    "netIncomeRatio": 0.1295096038,
    "eps": 0.37,
    "epsdiluted": 0.37,
    "weightedAverageShsOut": 128419745,
    "weightedAverageShsOutDil": 128623076,
    "link": "https://www.sec.gov/Archives/edgar/data/1297996/000119312513327150/0001193125-13-327150-index.htm",
    "finalLink": "https://www.sec.gov/Archives/edgar/data/1297996/000119312513327150/d580178d10q.htm"
  },
  {
    "date": "2013-03-31",
    "symbol": "DLR",
    "reportedCurrency": "USD",
    "cik": "0001297996",
    "fillingDate": "2013-05-08",
    "acceptedDate": "2013-05-08 17:11:52",
    "calendarYear": "2013",
    "period": "Q1",
    "revenue": 358370000,
    "costOfRevenue": 126906000,
    "grossProfit": 231464000,
    "grossProfitRatio": 0.6458799565,
    "researchAndDevelopmentExpenses": 0,
    "generalAndAdministrativeExpenses": 18156000,
    "sellingAndMarketingExpenses": 0,
    "sellingGeneralAndAdministrativeExpenses": 18156000,
    "otherExpenses": 114722000,
    "operatingExpenses": 132878000,
    "costAndExpenses": 259784000,
    "interestIncome": 41000,
    "interestExpense": 48078000,
    "depreciationAndAmortization": 111623000,
    "ebitda": 212585000,
    "ebitdaratio": 0.5931997656,
    "operatingIncome": 98586000,
    "operatingIncomeRatio": 0.2750955716,
    "totalOtherIncomeExpensesNet": -45702000,
    "incomeBeforeTax": 52884000,
    "incomeBeforeTaxRatio": 0.1475681558,
    "incomeTaxExpense": 1203000,
    "netIncome": 42657000,
    "netIncomeRatio": 0.1190306108,
    "eps": 0.34,
    "epsdiluted": 0.34,
    "weightedAverageShsOut": 126445285,
    "weightedAverageShsOutDil": 126738339,
    "link": "https://www.sec.gov/Archives/edgar/data/1297996/000119312513207799/0001193125-13-207799-index.htm",
    "finalLink": "https://www.sec.gov/Archives/edgar/data/1297996/000119312513207799/d531791d10q.htm"
  },
  {
    "date": "2012-12-31",
    "symbol": "DLR",
    "reportedCurrency": "USD",
    "cik": "0001297996",
    "fillingDate": "2013-02-28",
    "acceptedDate": "2013-02-28 17:28:11",
    "calendarYear": "2012",
    "period": "Q4",
    "revenue": 349736000,
    "costOfRevenue": 125961000,
    "grossProfit": 223775000,
    "grossProfitRatio": 0.6398397649,
    "researchAndDevelopmentExpenses": 0,
    "generalAndAdministrativeExpenses": 16088000,
    "sellingAndMarketingExpenses": 0,
    "sellingGeneralAndAdministrativeExpenses": 10299000,
    "otherExpenses": 118838000,
    "operatingExpenses": 129137000,
    "costAndExpenses": 255098000,
    "interestIncome": 0,
    "interestExpense": 40350000,
    "depreciationAndAmortization": 107718000,
    "ebitda": 203670000,
    "ebitdaratio": 0.5823535467,
    "operatingIncome": 94638000,
    "operatingIncomeRatio": 0.2705983942,
    "totalOtherIncomeExpensesNet": -39036000,
    "incomeBeforeTax": 55905000,
    "incomeBeforeTaxRatio": 0.1598491434,
    "incomeTaxExpense": 10000,
    "netIncome": 44815000,
    "netIncomeRatio": 0.1281395109,
    "eps": 0.36,
    "epsdiluted": 0.36,
    "weightedAverageShsOut": 123824957,
    "weightedAverageShsOutDil": 124145590,
    "link": "https://www.sec.gov/Archives/edgar/data/1297996/000119312513084894/0001193125-13-084894-index.htm",
    "finalLink": "https://www.sec.gov/Archives/edgar/data/1297996/000119312513084894/d476084d10k.htm"
  },
  {
    "date": "2012-09-30",
    "symbol": "DLR",
    "reportedCurrency": "USD",
    "cik": "0001297996",
    "fillingDate": "2012-11-08",
    "acceptedDate": "2012-11-08 16:15:39",
    "calendarYear": "2012",
    "period": "Q3",
    "revenue": 342479000,
    "costOfRevenue": 125265000,
    "grossProfit": 217214000,
    "grossProfitRatio": 0.6342403476,
    "researchAndDevelopmentExpenses": 0,
    "generalAndAdministrativeExpenses": 17376000,
    "sellingAndMarketingExpenses": 0,
    "sellingGeneralAndAdministrativeExpenses": 16872000,
    "otherExpenses": 103267000,
    "operatingExpenses": 120139000,
    "costAndExpenses": 245404000,
    "interestIncome": 83000,
    "interestExpense": 41047000,
    "depreciationAndAmortization": 101840000,
    "ebitda": 200518000,
    "ebitdaratio": 0.5854899133,
    "operatingIncome": 97075000,
    "operatingIncomeRatio": 0.2834480362,
    "totalOtherIncomeExpensesNet": -39444000,
    "incomeBeforeTax": 57631000,
    "incomeBeforeTaxRatio": 0.1682760111,
    "incomeTaxExpense": 710000,
    "netIncome": 45615000,
    "netIncomeRatio": 0.1331906482,
    "eps": 0.37,
    "epsdiluted": 0.37,
    "weightedAverageShsOut": 122026421,
    "weightedAverageShsOutDil": 122353511,
    "link": "https://www.sec.gov/Archives/edgar/data/1297996/000119312512460448/0001193125-12-460448-index.htm",
    "finalLink": "https://www.sec.gov/Archives/edgar/data/1297996/000119312512460448/d435903d10q.htm"
  },
  {
    "date": "2012-06-30",
    "symbol": "DLR",
    "reportedCurrency": "USD",
    "cik": "0001297996",
    "fillingDate": "2012-08-07",
    "acceptedDate": "2012-08-07 17:06:34",
    "calendarYear": "2012",
    "period": "Q2",
    "revenue": 303704000,
    "costOfRevenue": 103941000,
    "grossProfit": 199763000,
    "grossProfitRatio": 0.6577555778,
    "researchAndDevelopmentExpenses": 0,
    "generalAndAdministrativeExpenses": 21977000,
    "sellingAndMarketingExpenses": 0,
    "sellingGeneralAndAdministrativeExpenses": 17369000,
    "otherExpenses": 93945000,
    "operatingExpenses": 111314000,
    "costAndExpenses": 215255000,
    "interestIncome": 1216000,
    "interestExpense": 37681000,
    "depreciationAndAmortization": 89000000,
    "ebitda": 181855000,
    "ebitdaratio": 0.5987902695,
    "operatingIncome": 88449000,
    "operatingIncomeRatio": 0.2912342281,
    "totalOtherIncomeExpensesNet": -33275000,
    "incomeBeforeTax": 55174000,
    "incomeBeforeTaxRatio": 0.1816703106,
    "incomeTaxExpense": 1206000,
    "netIncome": 42021000,
    "netIncomeRatio": 0.1383616943,
    "eps": 0.38,
    "epsdiluted": 0.38,
    "weightedAverageShsOut": 109761017,
    "weightedAverageShsOutDil": 110166082,
    "link": "https://www.sec.gov/Archives/edgar/data/1297996/000119312512341197/0001193125-12-341197-index.htm",
    "finalLink": "https://www.sec.gov/Archives/edgar/data/1297996/000119312512341197/d380116d10q.htm"
  },
  {
    "date": "2012-03-31",
    "symbol": "DLR",
    "reportedCurrency": "USD",
    "cik": "0001297996",
    "fillingDate": "2012-05-07",
    "acceptedDate": "2012-05-07 17:01:35",
    "calendarYear": "2012",
    "period": "Q1",
    "revenue": 283148000,
    "costOfRevenue": 96080000,
    "grossProfit": 187068000,
    "grossProfitRatio": 0.6606721573,
    "researchAndDevelopmentExpenses": 0,
    "generalAndAdministrativeExpenses": 17157000,
    "sellingAndMarketingExpenses": 0,
    "sellingGeneralAndAdministrativeExpenses": 16480000,
    "otherExpenses": 84672000,
    "operatingExpenses": 101152000,
    "costAndExpenses": 197232000,
    "interestIncome": 709000,
    "interestExpense": 38030000,
    "depreciationAndAmortization": 83995000,
    "ebitda": 172009000,
    "ebitdaratio": 0.6074879568,
    "operatingIncome": 85916000,
    "operatingIncomeRatio": 0.303431421,
    "totalOtherIncomeExpensesNet": -35932000,
    "incomeBeforeTax": 49984000,
    "incomeBeforeTaxRatio": 0.1765295888,
    "incomeTaxExpense": 721000,
    "netIncome": 39211000,
    "netIncomeRatio": 0.1384823485,
    "eps": 0.37,
    "epsdiluted": 0.36,
    "weightedAverageShsOut": 107099856,
    "weightedAverageShsOutDil": 107584856,
    "link": "https://www.sec.gov/Archives/edgar/data/1297996/000119312512215321/0001193125-12-215321-index.htm",
    "finalLink": "https://www.sec.gov/Archives/edgar/data/1297996/000119312512215321/d326866d10q.htm"
  },
  {
    "date": "2011-12-31",
    "symbol": "DLR",
    "reportedCurrency": "USD",
    "cik": "0001297996",
    "fillingDate": "2012-02-28",
    "acceptedDate": "2012-02-27 21:46:42",
    "calendarYear": "2011",
    "period": "Q4",
    "revenue": 270612000,
    "costOfRevenue": 93544000,
    "grossProfit": 177068000,
    "grossProfitRatio": 0.6543242724,
    "researchAndDevelopmentExpenses": 0,
    "generalAndAdministrativeExpenses": 15157000,
    "sellingAndMarketingExpenses": 0,
    "sellingGeneralAndAdministrativeExpenses": 15157000,
    "otherExpenses": 80612000,
    "operatingExpenses": 95769000,
    "costAndExpenses": 189313000,
    "interestIncome": 398000,
    "interestExpense": 36856000,
    "depreciationAndAmortization": 78339000,
    "ebitda": 163501000,
    "ebitdaratio": 0.6041897625,
    "operatingIncome": 81299000,
    "operatingIncomeRatio": 0.3004264408,
    "totalOtherIncomeExpensesNet": -35266000,
    "incomeBeforeTax": 46033000,
    "incomeBeforeTaxRatio": 0.1701070167,
    "incomeTaxExpense": -1164000,
    "netIncome": 35990000,
    "netIncomeRatio": 0.1329948413,
    "eps": 0.34,
    "epsdiluted": 0.35,
    "weightedAverageShsOut": 105208667,
    "weightedAverageShsOutDil": 107099856,
    "link": "https://www.sec.gov/Archives/edgar/data/1297996/000119312512082659/0001193125-12-082659-index.htm",
    "finalLink": "https://www.sec.gov/Archives/edgar/data/1297996/000119312512082659/d263690d10k.htm"
  },
  {
    "date": "2011-09-30",
    "symbol": "DLR",
    "reportedCurrency": "USD",
    "cik": "0001297996",
    "fillingDate": "2011-11-07",
    "acceptedDate": "2011-11-07 17:02:34",
    "calendarYear": "2011",
    "period": "Q3",
    "revenue": 273476000,
    "costOfRevenue": 102610000,
    "grossProfit": 170866000,
    "grossProfitRatio": 0.6247934005,
    "researchAndDevelopmentExpenses": 0,
    "generalAndAdministrativeExpenses": 20193000,
    "sellingAndMarketingExpenses": 0,
    "sellingGeneralAndAdministrativeExpenses": 20193000,
    "otherExpenses": 79047000,
    "operatingExpenses": 99240000,
    "costAndExpenses": 201850000,
    "interestIncome": 2218000,
    "interestExpense": 37078000,
    "depreciationAndAmortization": 79047000,
    "ebitda": 157954000,
    "ebitdaratio": 0.5775790197,
    "operatingIncome": 71626000,
    "operatingIncomeRatio": 0.2619096374,
    "totalOtherIncomeExpensesNet": -33470000,
    "incomeBeforeTax": 38150000,
    "incomeBeforeTaxRatio": 0.1395003583,
    "incomeTaxExpense": 461000,
    "netIncome": 27472000,
    "netIncomeRatio": 0.1004548845,
    "eps": 0.32,
    "epsdiluted": 0.31,
    "weightedAverageShsOut": 100588235,
    "weightedAverageShsOutDil": 101912342,
    "link": "https://www.sec.gov/Archives/edgar/data/1297996/000119312511299989/0001193125-11-299989-index.htm",
    "finalLink": "https://www.sec.gov/Archives/edgar/data/1297996/000119312511299989/d234447d10q.htm"
  },
  {
    "date": "2011-06-30",
    "symbol": "DLR",
    "reportedCurrency": "USD",
    "cik": "0001297996",
    "fillingDate": "2011-08-05",
    "acceptedDate": "2011-08-05 17:11:46",
    "calendarYear": "2011",
    "period": "Q2",
    "revenue": 267881000,
    "costOfRevenue": 83536000,
    "grossProfit": 184345000,
    "grossProfitRatio": 0.6881600412,
    "researchAndDevelopmentExpenses": 0,
    "generalAndAdministrativeExpenses": 16815000,
    "sellingAndMarketingExpenses": 0,
    "sellingGeneralAndAdministrativeExpenses": 16815000,
    "otherExpenses": 90810000,
    "operatingExpenses": 107625000,
    "costAndExpenses": 191161000,
    "interestIncome": 380000,
    "interestExpense": 39334000,
    "depreciationAndAmortization": 76848000,
    "ebitda": 154643000,
    "ebitdaratio": 0.57728245,
    "operatingIncome": 76720000,
    "operatingIncomeRatio": 0.286395825,
    "totalOtherIncomeExpensesNet": -38259000,
    "incomeBeforeTax": 38824000,
    "incomeBeforeTaxRatio": 0.1449300249,
    "incomeTaxExpense": 233000,
    "netIncome": 31990000,
    "netIncomeRatio": 0.1194186971,
    "eps": 0.33,
    "epsdiluted": 0.33,
    "weightedAverageShsOut": 96295585,
    "weightedAverageShsOutDil": 97511811,
    "link": "https://www.sec.gov/Archives/edgar/data/1297996/000119312511212571/0001193125-11-212571-index.htm",
    "finalLink": "https://www.sec.gov/Archives/edgar/data/1297996/000119312511212571/d10q.htm"
  },
  {
    "date": "2011-03-31",
    "symbol": "DLR",
    "reportedCurrency": "USD",
    "cik": "0001297996",
    "fillingDate": "2011-05-09",
    "acceptedDate": "2011-05-09 16:55:31",
    "calendarYear": "2011",
    "period": "Q1",
    "revenue": 250741000,
    "costOfRevenue": 73460000,
    "grossProfit": 177281000,
    "grossProfitRatio": 0.7070283679,
    "researchAndDevelopmentExpenses": 0,
    "generalAndAdministrativeExpenses": 15137000,
    "sellingAndMarketingExpenses": 0,
    "sellingGeneralAndAdministrativeExpenses": 14456000,
    "otherExpenses": 88160000,
    "operatingExpenses": 102616000,
    "costAndExpenses": 176076000,
    "interestIncome": 264000,
    "interestExpense": 36082000,
    "depreciationAndAmortization": 73918000,
    "ebitda": 149440000,
    "ebitdaratio": 0.5959934753,
    "operatingIncome": 74665000,
    "operatingIncomeRatio": 0.2977773878,
    "totalOtherIncomeExpensesNet": -35225000,
    "incomeBeforeTax": 39440000,
    "incomeBeforeTaxRatio": 0.1572937812,
    "incomeTaxExpense": 428000,
    "netIncome": 30980000,
    "netIncomeRatio": 0.1235537866,
    "eps": 0.34,
    "epsdiluted": 0.33,
    "weightedAverageShsOut": 91428355,
    "weightedAverageShsOutDil": 92600215,
    "link": "https://www.sec.gov/Archives/edgar/data/1297996/000119312511132489/0001193125-11-132489-index.htm",
    "finalLink": "https://www.sec.gov/Archives/edgar/data/1297996/000119312511132489/d10q.htm"
  },
  {
    "date": "2010-12-31",
    "symbol": "DLR",
    "reportedCurrency": "USD",
    "cik": "0001297996",
    "fillingDate": "2011-02-25",
    "acceptedDate": "2011-02-25 17:14:48",
    "calendarYear": "2010",
    "period": "Q4",
    "revenue": 238672000,
    "costOfRevenue": 74896000,
    "grossProfit": 163776000,
    "grossProfitRatio": 0.6861969565,
    "researchAndDevelopmentExpenses": 0,
    "generalAndAdministrativeExpenses": 14833000,
    "sellingAndMarketingExpenses": 0,
    "sellingGeneralAndAdministrativeExpenses": 14833000,
    "otherExpenses": 76383000,
    "operatingExpenses": 91216000,
    "costAndExpenses": 166112000,
    "interestIncome": 224000,
    "interestExpense": 36583000,
    "depreciationAndAmortization": 74569000,
    "ebitda": 149522000,
    "ebitdaratio": 0.6264748274,
    "operatingIncome": 72560000,
    "operatingIncomeRatio": 0.3040155527,
    "totalOtherIncomeExpensesNet": -36004000,
    "incomeBeforeTax": 36556000,
    "incomeBeforeTaxRatio": 0.1531641751,
    "incomeTaxExpense": 258000,
    "netIncome": 35221000,
    "netIncomeRatio": 0.1475707247,
    "eps": 0.39,
    "epsdiluted": 0.39,
    "weightedAverageShsOut": 90768608,
    "weightedAverageShsOutDil": 91428355,
    "link": "https://www.sec.gov/Archives/edgar/data/1297996/000119312511047638/0001193125-11-047638-index.htm",
    "finalLink": "https://www.sec.gov/Archives/edgar/data/1297996/000119312511047638/d10k.htm"
  },
  {
    "date": "2010-09-30",
    "symbol": "DLR",
    "reportedCurrency": "USD",
    "cik": "0001297996",
    "fillingDate": "2010-11-09",
    "acceptedDate": "2010-11-09 17:09:17",
    "calendarYear": "2010",
    "period": "Q3",
    "revenue": 237486000,
    "costOfRevenue": 88186000,
    "grossProfit": 149300000,
    "grossProfitRatio": 0.6286686373,
    "researchAndDevelopmentExpenses": 0,
    "generalAndAdministrativeExpenses": 18712000,
    "sellingAndMarketingExpenses": 0,
    "sellingGeneralAndAdministrativeExpenses": 18712000,
    "otherExpenses": 70187000,
    "operatingExpenses": 88899000,
    "costAndExpenses": 177085000,
    "interestIncome": 327000,
    "interestExpense": 36737000,
    "depreciationAndAmortization": 70128000,
    "ebitda": 130834000,
    "ebitdaratio": 0.5509124748,
    "operatingIncome": 60401000,
    "operatingIncomeRatio": 0.2543349924,
    "totalOtherIncomeExpensesNet": -36432000,
    "incomeBeforeTax": 25052000,
    "incomeBeforeTaxRatio": 0.1054883235,
    "incomeTaxExpense": 343000,
    "netIncome": 23036000,
    "netIncomeRatio": 0.0969994021,
    "eps": 0.11,
    "epsdiluted": 0.11,
    "weightedAverageShsOut": 87908953,
    "weightedAverageShsOutDil": 90136911,
    "link": "https://www.sec.gov/Archives/edgar/data/1297996/000119312510254366/0001193125-10-254366-index.htm",
    "finalLink": "https://www.sec.gov/Archives/edgar/data/1297996/000119312510254366/d10q.htm"
  },
  {
    "date": "2010-06-30",
    "symbol": "DLR",
    "reportedCurrency": "USD",
    "cik": "0001297996",
    "fillingDate": "2010-08-05",
    "acceptedDate": "2010-08-05 17:25:26",
    "calendarYear": "2010",
    "period": "Q2",
    "revenue": 197464000,
    "costOfRevenue": 54406000,
    "grossProfit": 143058000,
    "grossProfitRatio": 0.7244763602,
    "researchAndDevelopmentExpenses": 0,
    "generalAndAdministrativeExpenses": 16300000,
    "sellingAndMarketingExpenses": 0,
    "sellingGeneralAndAdministrativeExpenses": 16135000,
    "otherExpenses": 72773000,
    "operatingExpenses": 88908000,
    "costAndExpenses": 143314000,
    "interestIncome": 34000,
    "interestExpense": 33162000,
    "depreciationAndAmortization": 59860000,
    "ebitda": 127249000,
    "ebitdaratio": 0.6444161974,
    "operatingIncome": 54150000,
    "operatingIncomeRatio": 0.2742272009,
    "totalOtherIncomeExpensesNet": -33714000,
    "incomeBeforeTax": 20436000,
    "incomeBeforeTaxRatio": 0.1034922821,
    "incomeTaxExpense": 534000,
    "netIncome": 19192000,
    "netIncomeRatio": 0.0971923996,
    "eps": 0.11,
    "epsdiluted": 0.11,
    "weightedAverageShsOut": 80542329,
    "weightedAverageShsOutDil": 83021817,
    "link": "https://www.sec.gov/Archives/edgar/data/1297996/000119312510179586/0001193125-10-179586-index.htm",
    "finalLink": "https://www.sec.gov/Archives/edgar/data/1297996/000119312510179586/d10q.htm"
  },
  {
    "date": "2010-03-31",
    "symbol": "DLR",
    "reportedCurrency": "USD",
    "cik": "0001297996",
    "fillingDate": "2010-05-06",
    "acceptedDate": "2010-05-06 16:16:16",
    "calendarYear": "2010",
    "period": "Q1",
    "revenue": 191779000,
    "costOfRevenue": 53242000,
    "grossProfit": 138537000,
    "grossProfitRatio": 0.7223783626,
    "researchAndDevelopmentExpenses": 0,
    "generalAndAdministrativeExpenses": 13087000,
    "sellingAndMarketingExpenses": 0,
    "sellingGeneralAndAdministrativeExpenses": 12254000,
    "otherExpenses": 71088000,
    "operatingExpenses": 83342000,
    "costAndExpenses": 136584000,
    "interestIncome": 31000,
    "interestExpense": 30902000,
    "depreciationAndAmortization": 57532000,
    "ebitda": 114736000,
    "ebitdaratio": 0.5982719693,
    "operatingIncome": 55195000,
    "operatingIncomeRatio": 0.2878052341,
    "totalOtherIncomeExpensesNet": -28893000,
    "incomeBeforeTax": 26302000,
    "incomeBeforeTaxRatio": 0.1371474458,
    "incomeTaxExpense": 716000,
    "netIncome": 24845000,
    "netIncomeRatio": 0.1295501593,
    "eps": 0.19,
    "epsdiluted": 0.18,
    "weightedAverageShsOut": 77770691,
    "weightedAverageShsOutDil": 80612660,
    "link": "https://www.sec.gov/Archives/edgar/data/1297996/000119312510110900/0001193125-10-110900-index.htm",
    "finalLink": "https://www.sec.gov/Archives/edgar/data/1297996/000119312510110900/d10q.htm"
  },
  {
    "date": "2009-12-31",
    "symbol": "DLR",
    "reportedCurrency": "USD",
    "cik": "0001297996",
    "fillingDate": "2010-02-26",
    "acceptedDate": "2010-02-26 17:11:44",
    "calendarYear": "2009",
    "period": "Q4",
    "revenue": 169774000,
    "costOfRevenue": 54435000,
    "grossProfit": 115339000,
    "grossProfitRatio": 0.6793678655,
    "researchAndDevelopmentExpenses": 0,
    "generalAndAdministrativeExpenses": 13035000,
    "sellingAndMarketingExpenses": 0,
    "sellingGeneralAndAdministrativeExpenses": 13035000,
    "otherExpenses": 52220000,
    "operatingExpenses": 65255000,
    "costAndExpenses": 119690000,
    "interestIncome": 17000,
    "interestExpense": 24451000,
    "depreciationAndAmortization": 50296000,
    "ebitda": 101451000,
    "ebitdaratio": 0.5975649982,
    "operatingIncome": 50084000,
    "operatingIncomeRatio": 0.2950039464,
    "totalOtherIncomeExpensesNet": -25210000,
    "incomeBeforeTax": 24874000,
    "incomeBeforeTaxRatio": 0.1465124224,
    "incomeTaxExpense": -23000,
    "netIncome": 24387000,
    "netIncomeRatio": 0.1436439031,
    "eps": 0.32,
    "epsdiluted": 0.31,
    "weightedAverageShsOut": 76657209,
    "weightedAverageShsOutDil": 77770691,
    "link": "https://www.sec.gov/Archives/edgar/data/1297996/000119312510043123/0001193125-10-043123-index.htm",
    "finalLink": "https://www.sec.gov/Archives/edgar/data/1297996/000119312510043123/d10k.htm"
  },
  {
    "date": "2009-09-30",
    "symbol": "DLR",
    "reportedCurrency": "USD",
    "cik": "0001297996",
    "fillingDate": "2009-11-09",
    "acceptedDate": "2009-11-09 16:47:35",
    "calendarYear": "2009",
    "period": "Q3",
    "revenue": 163227000,
    "costOfRevenue": 54573000,
    "grossProfit": 108654000,
    "grossProfitRatio": 0.6656619309,
    "researchAndDevelopmentExpenses": 0,
    "generalAndAdministrativeExpenses": 12155000,
    "sellingAndMarketingExpenses": 0,
    "sellingGeneralAndAdministrativeExpenses": 12155000,
    "otherExpenses": 50843000,
    "operatingExpenses": 62998000,
    "costAndExpenses": 117571000,
    "interestIncome": 90000,
    "interestExpense": 22559000,
    "depreciationAndAmortization": 50439000,
    "ebitda": 97276000,
    "ebitdaratio": 0.595955326,
    "operatingIncome": 45656000,
    "operatingIncomeRatio": 0.2797086266,
    "totalOtherIncomeExpensesNet": -21378000,
    "incomeBeforeTax": 24278000,
    "incomeBeforeTaxRatio": 0.1487376476,
    "incomeTaxExpense": 333000,
    "netIncome": 22507000,
    "netIncomeRatio": 0.1378877269,
    "eps": 0.16,
    "epsdiluted": 0.16,
    "weightedAverageShsOut": 76301577,
    "weightedAverageShsOutDil": 77674137,
    "link": "https://www.sec.gov/Archives/edgar/data/1297996/000119312509229492/0001193125-09-229492-index.htm",
    "finalLink": "https://www.sec.gov/Archives/edgar/data/1297996/000119312509229492/d10q.htm"
  },
  {
    "date": "2009-06-30",
    "symbol": "DLR",
    "reportedCurrency": "USD",
    "cik": "0001297996",
    "fillingDate": "2009-08-06",
    "acceptedDate": "2009-08-06 17:06:57",
    "calendarYear": "2009",
    "period": "Q2",
    "revenue": 155007000,
    "costOfRevenue": 51450000,
    "grossProfit": 103557000,
    "grossProfitRatio": 0.6680795061,
    "researchAndDevelopmentExpenses": 0,
    "generalAndAdministrativeExpenses": 11528000,
    "sellingAndMarketingExpenses": 0,
    "sellingGeneralAndAdministrativeExpenses": 11528000,
    "otherExpenses": 49183000,
    "operatingExpenses": 60711000,
    "costAndExpenses": 112161000,
    "interestIncome": 403000,
    "interestExpense": 22495000,
    "depreciationAndAmortization": 49183000,
    "ebitda": 93173000,
    "ebitdaratio": 0.6010889831,
    "operatingIncome": 42846000,
    "operatingIncomeRatio": 0.2764133233,
    "totalOtherIncomeExpensesNet": -21351000,
    "incomeBeforeTax": 21495000,
    "incomeBeforeTaxRatio": 0.1386711568,
    "incomeTaxExpense": 292000,
    "netIncome": 20372000,
    "netIncomeRatio": 0.1314263227,
    "eps": 0.13,
    "epsdiluted": 0.13,
    "weightedAverageShsOut": 76121380,
    "weightedAverageShsOutDil": 76851202,
    "link": "https://www.sec.gov/Archives/edgar/data/1297996/000119312509167347/0001193125-09-167347-index.htm",
    "finalLink": "https://www.sec.gov/Archives/edgar/data/1297996/000119312509167347/d10q.htm"
  },
  {
    "date": "2009-03-31",
    "symbol": "DLR",
    "reportedCurrency": "USD",
    "cik": "0001297996",
    "fillingDate": "2009-05-08",
    "acceptedDate": "2009-05-07 17:37:56",
    "calendarYear": "2009",
    "period": "Q1",
    "revenue": 149134000,
    "costOfRevenue": 51784000,
    "grossProfit": 97350000,
    "grossProfitRatio": 0.652768651,
    "researchAndDevelopmentExpenses": 0,
    "generalAndAdministrativeExpenses": 11558000,
    "sellingAndMarketingExpenses": 0,
    "sellingGeneralAndAdministrativeExpenses": 11558000,
    "otherExpenses": 46589000,
    "operatingExpenses": 58147000,
    "costAndExpenses": 109931000,
    "interestIncome": 243000,
    "interestExpense": 18937000,
    "depreciationAndAmortization": 46304000,
    "ebitda": 86866000,
    "ebitdaratio": 0.582469457,
    "operatingIncome": 39203000,
    "operatingIncomeRatio": 0.2628709751,
    "totalOtherIncomeExpensesNet": -17578000,
    "incomeBeforeTax": 21625000,
    "incomeBeforeTaxRatio": 0.1450038221,
    "incomeTaxExpense": 436000,
    "netIncome": 20396000,
    "netIncomeRatio": 0.1367629112,
    "eps": 0.14,
    "epsdiluted": 0.14,
    "weightedAverageShsOut": 74703755,
    "weightedAverageShsOutDil": 74895168,
    "link": "https://www.sec.gov/Archives/edgar/data/1297996/000119312509103633/0001193125-09-103633-index.htm",
    "finalLink": "https://www.sec.gov/Archives/edgar/data/1297996/000119312509103633/d10q.htm"
  },
  {
    "date": "2008-12-31",
    "symbol": "DLR",
    "reportedCurrency": "USD",
    "cik": "0001297996",
    "fillingDate": "2009-03-02",
    "acceptedDate": "2009-03-02 16:46:52",
    "calendarYear": "2008",
    "period": "Q4",
    "revenue": 147106000,
    "costOfRevenue": 49528000,
    "grossProfit": 97578000,
    "grossProfitRatio": 0.6633176077,
    "researchAndDevelopmentExpenses": 0,
    "generalAndAdministrativeExpenses": 9906000,
    "sellingAndMarketingExpenses": 0,
    "sellingGeneralAndAdministrativeExpenses": 9906000,
    "otherExpenses": 47210000,
    "operatingExpenses": 57116000,
    "costAndExpenses": 106644000,
    "interestIncome": 591000,
    "interestExpense": 17083000,
    "depreciationAndAmortization": 45026000,
    "ebitda": 89966000,
    "ebitdaratio": 0.6115726075,
    "operatingIncome": 40462000,
    "operatingIncomeRatio": 0.2750533629,
    "totalOtherIncomeExpensesNet": -14632000,
    "incomeBeforeTax": 25830000,
    "incomeBeforeTaxRatio": 0.1755876715,
    "incomeTaxExpense": 9808000,
    "netIncome": 24538000,
    "netIncomeRatio": 0.166804889,
    "eps": 0.34,
    "epsdiluted": 0.33,
    "weightedAverageShsOut": 73041978,
    "weightedAverageShsOutDil": 74703755,
    "link": "https://www.sec.gov/Archives/edgar/data/1297996/000119312509042658/0001193125-09-042658-index.htm",
    "finalLink": "https://www.sec.gov/Archives/edgar/data/1297996/000119312509042658/d10k.htm"
  },
  {
    "date": "2008-09-30",
    "symbol": "DLR",
    "reportedCurrency": "USD",
    "cik": "0001297996",
    "fillingDate": "2008-11-10",
    "acceptedDate": "2008-11-10 17:14:57",
    "calendarYear": "2008",
    "period": "Q3",
    "revenue": 142016000,
    "costOfRevenue": 48548000,
    "grossProfit": 93468000,
    "grossProfitRatio": 0.6581511942,
    "researchAndDevelopmentExpenses": 0,
    "generalAndAdministrativeExpenses": 11348000,
    "sellingAndMarketingExpenses": 0,
    "sellingGeneralAndAdministrativeExpenses": 12513000,
    "otherExpenses": 47297000,
    "operatingExpenses": 59810000,
    "costAndExpenses": 108358000,
    "interestIncome": 453000,
    "interestExpense": 15716000,
    "depreciationAndAmortization": 46520000,
    "ebitda": 80837000,
    "ebitdaratio": 0.5692105115,
    "operatingIncome": 33658000,
    "operatingIncomeRatio": 0.2370014646,
    "totalOtherIncomeExpensesNet": -15085000,
    "incomeBeforeTax": 19069000,
    "incomeBeforeTaxRatio": 0.134273603,
    "incomeTaxExpense": 15347000,
    "netIncome": 18185000,
    "netIncomeRatio": 0.1280489522,
    "eps": 0.11,
    "epsdiluted": 0.11,
    "weightedAverageShsOut": 70916019,
    "weightedAverageShsOutDil": 73338871,
    "link": "https://www.sec.gov/Archives/edgar/data/1297996/000119312508231987/0001193125-08-231987-index.htm",
    "finalLink": "https://www.sec.gov/Archives/edgar/data/1297996/000119312508231987/d10q.htm"
  },
  {
    "date": "2008-06-30",
    "symbol": "DLR",
    "reportedCurrency": "USD",
    "cik": "0001297996",
    "fillingDate": "2008-08-08",
    "acceptedDate": "2008-08-08 16:08:27",
    "calendarYear": "2008",
    "period": "Q2",
    "revenue": 123776000,
    "costOfRevenue": 44465000,
    "grossProfit": 79311000,
    "grossProfitRatio": 0.6407623449,
    "researchAndDevelopmentExpenses": 0,
    "generalAndAdministrativeExpenses": 11021000,
    "sellingAndMarketingExpenses": 0,
    "sellingGeneralAndAdministrativeExpenses": 10884000,
    "otherExpenses": 39593000,
    "operatingExpenses": 50477000,
    "costAndExpenses": 94942000,
    "interestIncome": 407000,
    "interestExpense": 14956000,
    "depreciationAndAmortization": 39570000,
    "ebitda": 68823000,
    "ebitdaratio": 0.5560286324,
    "operatingIncome": 28834000,
    "operatingIncomeRatio": 0.2329530765,
    "totalOtherIncomeExpensesNet": -14558000,
    "incomeBeforeTax": 14246000,
    "incomeBeforeTaxRatio": 0.1150950103,
    "incomeTaxExpense": 14870000,
    "netIncome": 13830000,
    "netIncomeRatio": 0.1117341003,
    "eps": 0.05,
    "epsdiluted": 0.05,
    "weightedAverageShsOut": 65889122,
    "weightedAverageShsOutDil": 68068600,
    "link": "https://www.sec.gov/Archives/edgar/data/1297996/000119312508171919/0001193125-08-171919-index.htm",
    "finalLink": "https://www.sec.gov/Archives/edgar/data/1297996/000119312508171919/d10q.htm"
  },
  {
    "date": "2008-03-31",
    "symbol": "DLR",
    "reportedCurrency": "USD",
    "cik": "0001297996",
    "fillingDate": "2008-05-09",
    "acceptedDate": "2008-05-09 16:27:15",
    "calendarYear": "2008",
    "period": "Q1",
    "revenue": 114547000,
    "costOfRevenue": 39805000,
    "grossProfit": 74742000,
    "grossProfitRatio": 0.6525007202,
    "researchAndDevelopmentExpenses": 0,
    "generalAndAdministrativeExpenses": 8845000,
    "sellingAndMarketingExpenses": 0,
    "sellingGeneralAndAdministrativeExpenses": 9988000,
    "otherExpenses": 39460000,
    "operatingExpenses": 49448000,
    "costAndExpenses": 89253000,
    "interestIncome": 655000,
    "interestExpense": 15202000,
    "depreciationAndAmortization": 39137000,
    "ebitda": 65260000,
    "ebitdaratio": 0.569722472,
    "operatingIncome": 25294000,
    "operatingIncomeRatio": 0.2208176556,
    "totalOtherIncomeExpensesNet": -14389000,
    "incomeBeforeTax": 11108000,
    "incomeBeforeTaxRatio": 0.0969732948,
    "incomeTaxExpense": 12904000,
    "netIncome": 11108000,
    "netIncomeRatio": 0.0969732948,
    "eps": 0.04,
    "epsdiluted": 0.03,
    "weightedAverageShsOut": 65431586,
    "weightedAverageShsOutDil": 67142783,
    "link": "https://www.sec.gov/Archives/edgar/data/1297996/000119312508109829/0001193125-08-109829-index.htm",
    "finalLink": "https://www.sec.gov/Archives/edgar/data/1297996/000119312508109829/d10q.htm"
  },
  {
    "date": "2007-12-31",
    "symbol": "DLR",
    "reportedCurrency": "USD",
    "cik": "0001297996",
    "fillingDate": "2008-02-29",
    "acceptedDate": "2008-02-29 16:59:44",
    "calendarYear": "2007",
    "period": "Q4",
    "revenue": 105903000,
    "costOfRevenue": 0,
    "grossProfit": 105903000,
    "grossProfitRatio": 1,
    "researchAndDevelopmentExpenses": 0,
    "generalAndAdministrativeExpenses": 8159000,
    "sellingAndMarketingExpenses": 0,
    "sellingGeneralAndAdministrativeExpenses": 8159000,
    "otherExpenses": 76786000,
    "operatingExpenses": 84945000,
    "costAndExpenses": 84945000,
    "interestIncome": 0,
    "interestExpense": 0,
    "depreciationAndAmortization": 28891000,
    "ebitda": 58776000,
    "ebitdaratio": 0.554998442,
    "operatingIncome": 20958000,
    "operatingIncomeRatio": 0.1978980765,
    "totalOtherIncomeExpensesNet": -20958000,
    "incomeBeforeTax": 31392000,
    "incomeBeforeTaxRatio": 0.2964221977,
    "incomeTaxExpense": 34979000,
    "netIncome": 5613000,
    "netIncomeRatio": 0.0530013314,
    "eps": 0.0875,
    "epsdiluted": 0.0858,
    "weightedAverageShsOut": 64138188,
    "weightedAverageShsOutDil": 65431586,
    "link": "https://www.sec.gov/Archives/edgar/data/1297996/000119312508043850/0001193125-08-043850-index.htm",
    "finalLink": "https://www.sec.gov/Archives/edgar/data/1297996/000119312508043850/d10k.htm"
  },
  {
    "date": "2007-09-30",
    "symbol": "DLR",
    "reportedCurrency": "USD",
    "cik": "0001297996",
    "fillingDate": "2007-11-09",
    "acceptedDate": "2007-11-09 14:56:47",
    "calendarYear": "2007",
    "period": "Q3",
    "revenue": 104794000,
    "costOfRevenue": 38398000,
    "grossProfit": 66396000,
    "grossProfitRatio": 0.6335858923,
    "researchAndDevelopmentExpenses": 0,
    "generalAndAdministrativeExpenses": 7775000,
    "sellingAndMarketingExpenses": 0,
    "sellingGeneralAndAdministrativeExpenses": 9131000,
    "otherExpenses": 35840000,
    "operatingExpenses": 44971000,
    "costAndExpenses": 83369000,
    "interestIncome": 621000,
    "interestExpense": 16683000,
    "depreciationAndAmortization": 35345000,
    "ebitda": 57154000,
    "ebitdaratio": 0.5453938203,
    "operatingIncome": 21425000,
    "operatingIncomeRatio": 0.204448728,
    "totalOtherIncomeExpensesNet": -16299000,
    "incomeBeforeTax": 5135000,
    "incomeBeforeTaxRatio": 0.049000897,
    "incomeTaxExpense": 13384000,
    "netIncome": 5135000,
    "netIncomeRatio": 0.049000897,
    "eps": 0.0001,
    "epsdiluted": 0.0001,
    "weightedAverageShsOut": 60717153,
    "weightedAverageShsOutDil": 60717153,
    "link": "https://www.sec.gov/Archives/edgar/data/1297996/000119312507242206/0001193125-07-242206-index.htm",
    "finalLink": "https://www.sec.gov/Archives/edgar/data/1297996/000119312507242206/d10q.htm"
  },
  {
    "date": "2007-06-30",
    "symbol": "DLR",
    "reportedCurrency": "USD",
    "cik": "0001297996",
    "fillingDate": "2007-08-09",
    "acceptedDate": "2007-08-08 20:51:56",
    "calendarYear": "2007",
    "period": "Q2",
    "revenue": 95583000,
    "costOfRevenue": 31207000,
    "grossProfit": 64376000,
    "grossProfitRatio": 0.6735088876,
    "researchAndDevelopmentExpenses": 0,
    "generalAndAdministrativeExpenses": 8456000,
    "sellingAndMarketingExpenses": 0,
    "sellingGeneralAndAdministrativeExpenses": 9875000,
    "otherExpenses": 31960000,
    "operatingExpenses": 41835000,
    "costAndExpenses": 73042000,
    "interestIncome": 532000,
    "interestExpense": 15264000,
    "depreciationAndAmortization": 39865000,
    "ebitda": 63154000,
    "ebitdaratio": 0.6607241874,
    "operatingIncome": 22541000,
    "operatingIncomeRatio": 0.2358264545,
    "totalOtherIncomeExpensesNet": -14516000,
    "incomeBeforeTax": 7758000,
    "incomeBeforeTaxRatio": 0.0811650607,
    "incomeTaxExpense": 13384000,
    "netIncome": 7758000,
    "netIncomeRatio": 0.0811650607,
    "eps": 0.04,
    "epsdiluted": 0.04,
    "weightedAverageShsOut": 60697740,
    "weightedAverageShsOutDil": 62970291,
    "link": "https://www.sec.gov/Archives/edgar/data/1297996/000119312507176068/0001193125-07-176068-index.htm",
    "finalLink": "https://www.sec.gov/Archives/edgar/data/1297996/000119312507176068/d10q.htm"
  },
  {
    "date": "2007-03-31",
    "symbol": "DLR",
    "reportedCurrency": "USD",
    "cik": "0001297996",
    "fillingDate": "2007-05-10",
    "acceptedDate": "2007-05-10 17:18:19",
    "calendarYear": "2007",
    "period": "Q1",
    "revenue": 88967000,
    "costOfRevenue": 0,
    "grossProfit": 88967000,
    "grossProfitRatio": 1,
    "researchAndDevelopmentExpenses": 0,
    "generalAndAdministrativeExpenses": 7210000,
    "sellingAndMarketingExpenses": 0,
    "sellingGeneralAndAdministrativeExpenses": 7210000,
    "otherExpenses": 59792000,
    "operatingExpenses": 67002000,
    "costAndExpenses": 67002000,
    "interestIncome": 0,
    "interestExpense": 0,
    "depreciationAndAmortization": 29399000,
    "ebitda": 51364000,
    "ebitdaratio": 0.5773376645,
    "operatingIncome": 21965000,
    "operatingIncomeRatio": 0.246889296,
    "totalOtherIncomeExpensesNet": -21965000,
    "incomeBeforeTax": 22086000,
    "incomeBeforeTaxRatio": 0.2482493509,
    "incomeTaxExpense": 12570000,
    "netIncome": 18641000,
    "netIncomeRatio": 0.209527128,
    "eps": 0.33,
    "epsdiluted": 0.32,
    "weightedAverageShsOut": 56511200,
    "weightedAverageShsOutDil": 58424427,
    "link": "https://www.sec.gov/Archives/edgar/data/1297996/000119312507110479/0001193125-07-110479-index.htm",
    "finalLink": "https://www.sec.gov/Archives/edgar/data/1297996/000119312507110479/d10q.htm"
  },
  {
    "date": "2006-12-31",
    "symbol": "DLR",
    "reportedCurrency": "USD",
    "cik": "0001297996",
    "fillingDate": "2007-03-01",
    "acceptedDate": "2007-03-01 16:26:08",
    "calendarYear": "2006",
    "period": "Q4",
    "revenue": 84514000,
    "costOfRevenue": 0,
    "grossProfit": 84514000,
    "grossProfitRatio": 1,
    "researchAndDevelopmentExpenses": 0,
    "generalAndAdministrativeExpenses": 6535000,
    "sellingAndMarketingExpenses": 0,
    "sellingGeneralAndAdministrativeExpenses": 6535000,
    "otherExpenses": 56321000,
    "operatingExpenses": 62856000,
    "costAndExpenses": 62856000,
    "interestIncome": 0,
    "interestExpense": 0,
    "depreciationAndAmortization": 17130000,
    "ebitda": 49837000,
    "ebitdaratio": 0.5896892822,
    "operatingIncome": 21658000,
    "operatingIncomeRatio": 0.2562652342,
    "totalOtherIncomeExpensesNet": -21658000,
    "incomeBeforeTax": 31392000,
    "incomeBeforeTaxRatio": 0.371441418,
    "incomeTaxExpense": 24969000,
    "netIncome": 6423000,
    "netIncomeRatio": 0.0759992427,
    "eps": 0.11,
    "epsdiluted": 0.11,
    "weightedAverageShsOut": 56511200,
    "weightedAverageShsOutDil": 56511200,
    "link": "https://www.sec.gov/Archives/edgar/data/1297996/000119312507044416/0001193125-07-044416-index.htm",
    "finalLink": "https://www.sec.gov/Archives/edgar/data/1297996/000119312507044416/d10k.htm"
  },
  {
    "date": "2006-09-30",
    "symbol": "DLR",
    "reportedCurrency": "USD",
    "cik": "0001297996",
    "fillingDate": "2006-11-08",
    "acceptedDate": "2006-11-07 20:41:51",
    "calendarYear": "2006",
    "period": "Q3",
    "revenue": 73189000,
    "costOfRevenue": 0,
    "grossProfit": 70673000,
    "grossProfitRatio": 0.9656232494,
    "researchAndDevelopmentExpenses": 0,
    "generalAndAdministrativeExpenses": 4986000,
    "sellingAndMarketingExpenses": 0,
    "sellingGeneralAndAdministrativeExpenses": 4986000,
    "otherExpenses": 47236000,
    "operatingExpenses": 52222000,
    "costAndExpenses": 52222000,
    "interestIncome": 0,
    "interestExpense": 0,
    "depreciationAndAmortization": 24739000,
    "ebitda": 42218000,
    "ebitdaratio": 0.5768353168,
    "operatingIncome": 18451000,
    "operatingIncomeRatio": 0.2521007255,
    "totalOtherIncomeExpensesNet": -18451000,
    "incomeBeforeTax": 14787000,
    "incomeBeforeTaxRatio": 0.2020385577,
    "incomeTaxExpense": 14812000,
    "netIncome": 11342000,
    "netIncomeRatio": 0.1549686428,
    "eps": 0.31,
    "epsdiluted": 0.3,
    "weightedAverageShsOut": 36114253,
    "weightedAverageShsOutDil": 37446893,
    "link": "https://www.sec.gov/Archives/edgar/data/1297996/000119312506227033/0001193125-06-227033-index.htm",
    "finalLink": "https://www.sec.gov/Archives/edgar/data/1297996/000119312506227033/d10q.htm"
  },
  {
    "date": "2006-06-30",
    "symbol": "DLR",
    "reportedCurrency": "USD",
    "cik": "0001297996",
    "fillingDate": "2006-08-04",
    "acceptedDate": "2006-08-04 17:29:42",
    "calendarYear": "2006",
    "period": "Q2",
    "revenue": 64708000,
    "costOfRevenue": 0,
    "grossProfit": 62237000,
    "grossProfitRatio": 0.9618130679,
    "researchAndDevelopmentExpenses": 0,
    "generalAndAdministrativeExpenses": 4674000,
    "sellingAndMarketingExpenses": 0,
    "sellingGeneralAndAdministrativeExpenses": 4674000,
    "otherExpenses": 39778000,
    "operatingExpenses": 44452000,
    "costAndExpenses": 44452000,
    "interestIncome": 0,
    "interestExpense": 0,
    "depreciationAndAmortization": 19511000,
    "ebitda": 36319000,
    "ebitdaratio": 0.5612752674,
    "operatingIncome": 17785000,
    "operatingIncomeRatio": 0.2748500958,
    "totalOtherIncomeExpensesNet": -17785000,
    "incomeBeforeTax": 5095000,
    "incomeBeforeTaxRatio": 0.0787383322,
    "incomeTaxExpense": 21980000,
    "netIncome": 5095000,
    "netIncomeRatio": 0.0787383322,
    "eps": 0.05,
    "epsdiluted": 0.05,
    "weightedAverageShsOut": 33372240,
    "weightedAverageShsOutDil": 33872344,
    "link": "https://www.sec.gov/Archives/edgar/data/1297996/000119312506162568/0001193125-06-162568-index.htm",
    "finalLink": "https://www.sec.gov/Archives/edgar/data/1297996/000119312506162568/d10q.htm"
  },
  {
    "date": "2006-03-31",
    "symbol": "DLR",
    "reportedCurrency": "USD",
    "cik": "0001297996",
    "fillingDate": "2006-05-09",
    "acceptedDate": "2006-05-09 16:09:03",
    "calendarYear": "2006",
    "period": "Q1",
    "revenue": 60983000,
    "costOfRevenue": 0,
    "grossProfit": 57121000,
    "grossProfitRatio": 0.9366708755,
    "researchAndDevelopmentExpenses": 0,
    "generalAndAdministrativeExpenses": 4246000,
    "sellingAndMarketingExpenses": 0,
    "sellingGeneralAndAdministrativeExpenses": 4246000,
    "otherExpenses": 35487000,
    "operatingExpenses": 39733000,
    "costAndExpenses": 39733000,
    "interestIncome": 0,
    "interestExpense": 0,
    "depreciationAndAmortization": 18256000,
    "ebitda": 33982000,
    "ebitdaratio": 0.5572372628,
    "operatingIncome": 17388000,
    "operatingIncomeRatio": 0.2851286424,
    "totalOtherIncomeExpensesNet": -17388000,
    "incomeBeforeTax": 5087000,
    "incomeBeforeTaxRatio": 0.0834166899,
    "incomeTaxExpense": 21515000,
    "netIncome": 5087000,
    "netIncomeRatio": 0.0834166899,
    "eps": 0.06,
    "epsdiluted": 0.06,
    "weightedAverageShsOut": 27503248,
    "weightedAverageShsOutDil": 28354597,
    "link": "https://www.sec.gov/Archives/edgar/data/1297996/000119312506105408/0001193125-06-105408-index.htm",
    "finalLink": "https://www.sec.gov/Archives/edgar/data/1297996/000119312506105408/d10q.htm"
  },
  {
    "date": "2005-12-31",
    "symbol": "DLR",
    "reportedCurrency": "USD",
    "cik": "0001297996",
    "fillingDate": "2006-03-16",
    "acceptedDate": "2006-03-16 14:11:24",
    "calendarYear": "2005",
    "period": "Q4",
    "revenue": 62947000,
    "costOfRevenue": 0,
    "grossProfit": 62947000,
    "grossProfitRatio": 1,
    "researchAndDevelopmentExpenses": 0,
    "generalAndAdministrativeExpenses": 4425000,
    "sellingAndMarketingExpenses": 0,
    "sellingGeneralAndAdministrativeExpenses": 4425000,
    "otherExpenses": 41595000,
    "operatingExpenses": 46020000,
    "costAndExpenses": 46020000,
    "interestIncome": 0,
    "interestExpense": 0,
    "depreciationAndAmortization": 38732000,
    "ebitda": 35606000,
    "ebitdaratio": 0.5656504679,
    "operatingIncome": 16927000,
    "operatingIncomeRatio": 0.2689087645,
    "totalOtherIncomeExpensesNet": -16927000,
    "incomeBeforeTax": 16101000,
    "incomeBeforeTaxRatio": 0.2557866141,
    "incomeTaxExpense": 11499000,
    "netIncome": 4602000,
    "netIncomeRatio": 0.0731091235,
    "eps": 0.17,
    "epsdiluted": 0.17,
    "weightedAverageShsOut": 27350761,
    "weightedAverageShsOutDil": 27503248,
    "link": "https://www.sec.gov/Archives/edgar/data/1297996/000119312506056430/0001193125-06-056430-index.htm",
    "finalLink": "https://www.sec.gov/Archives/edgar/data/1297996/000119312506056430/d10k.htm"
  },
  {
    "date": "2005-09-30",
    "symbol": "DLR",
    "reportedCurrency": "USD",
    "cik": "0001297996",
    "fillingDate": "2005-11-10",
    "acceptedDate": "2005-11-10 17:30:00",
    "calendarYear": "2005",
    "period": "Q3",
    "revenue": 56556000,
    "costOfRevenue": 0,
    "grossProfit": 54822000,
    "grossProfitRatio": 0.9693401231,
    "researchAndDevelopmentExpenses": 0,
    "generalAndAdministrativeExpenses": 3324000,
    "sellingAndMarketingExpenses": 0,
    "sellingGeneralAndAdministrativeExpenses": 3324000,
    "otherExpenses": 35072000,
    "operatingExpenses": 38396000,
    "costAndExpenses": 38396000,
    "interestIncome": 0,
    "interestExpense": 0,
    "depreciationAndAmortization": 9169000,
    "ebitda": 32735000,
    "ebitdaratio": 0.5788068463,
    "operatingIncome": 16426000,
    "operatingIncomeRatio": 0.2904377962,
    "totalOtherIncomeExpensesNet": -16426000,
    "incomeBeforeTax": 4425000,
    "incomeBeforeTaxRatio": 0.0782410354,
    "incomeTaxExpense": -17914000,
    "netIncome": 4425000,
    "netIncomeRatio": 0.0782410354,
    "eps": 0.05,
    "epsdiluted": 0.05,
    "weightedAverageShsOut": 25704721,
    "weightedAverageShsOutDil": 26004324,
    "link": "https://www.sec.gov/Archives/edgar/data/1297996/000119312505223320/0001193125-05-223320-index.htm",
    "finalLink": "https://www.sec.gov/Archives/edgar/data/1297996/000119312505223320/d10q.htm"
  },
  {
    "date": "2005-06-30",
    "symbol": "DLR",
    "reportedCurrency": "USD",
    "cik": "0001297996",
    "fillingDate": "2005-08-12",
    "acceptedDate": "2005-08-12 17:24:43",
    "calendarYear": "2005",
    "period": "Q2",
    "revenue": 49663000,
    "costOfRevenue": 0,
    "grossProfit": 48059000,
    "grossProfitRatio": 0.9677023136,
    "researchAndDevelopmentExpenses": 0,
    "generalAndAdministrativeExpenses": 2453000,
    "sellingAndMarketingExpenses": 0,
    "sellingGeneralAndAdministrativeExpenses": 2453000,
    "otherExpenses": 29087000,
    "operatingExpenses": 31540000,
    "costAndExpenses": 31540000,
    "interestIncome": 0,
    "interestExpense": 0,
    "depreciationAndAmortization": 14328000,
    "ebitda": 30247000,
    "ebitdaratio": 0.6090449631,
    "operatingIncome": 16519000,
    "operatingIncomeRatio": 0.3326218714,
    "totalOtherIncomeExpensesNet": -16519000,
    "incomeBeforeTax": 4335000,
    "incomeBeforeTaxRatio": 0.0872883233,
    "incomeTaxExpense": -17074000,
    "netIncome": 4335000,
    "netIncomeRatio": 0.0872883233,
    "eps": 0.1,
    "epsdiluted": 0.1,
    "weightedAverageShsOut": 21421300,
    "weightedAverageShsOutDil": 21584913,
    "link": "https://www.sec.gov/Archives/edgar/data/1297996/000119312505167097/0001193125-05-167097-index.htm",
    "finalLink": "https://www.sec.gov/Archives/edgar/data/1297996/000119312505167097/d10q.htm"
  },
  {
    "date": "2005-03-31",
    "symbol": "DLR",
    "reportedCurrency": "USD",
    "cik": "0001297996",
    "fillingDate": "2005-05-16",
    "acceptedDate": "2005-05-16 15:17:14",
    "calendarYear": "2005",
    "period": "Q1",
    "revenue": 39643000,
    "costOfRevenue": 0,
    "grossProfit": 39511000,
    "grossProfitRatio": 0.9966702823,
    "researchAndDevelopmentExpenses": 0,
    "generalAndAdministrativeExpenses": 2413000,
    "sellingAndMarketingExpenses": 0,
    "sellingGeneralAndAdministrativeExpenses": 2413000,
    "otherExpenses": 24089000,
    "operatingExpenses": 26502000,
    "costAndExpenses": 26502000,
    "interestIncome": 0,
    "interestExpense": 0,
    "depreciationAndAmortization": 12143000,
    "ebitda": 25277000,
    "ebitdaratio": 0.6376157203,
    "operatingIncome": 13009000,
    "operatingIncomeRatio": 0.3281537724,
    "totalOtherIncomeExpensesNet": -13009000,
    "incomeBeforeTax": 2739000,
    "incomeBeforeTaxRatio": 0.0690916429,
    "incomeTaxExpense": -9568000,
    "netIncome": 2739000,
    "netIncomeRatio": 0.0690916429,
    "eps": 0.07,
    "epsdiluted": 0.07,
    "weightedAverageShsOut": 21421300,
    "weightedAverageShsOutDil": 21535485,
    "link": "https://www.sec.gov/Archives/edgar/data/1297996/000119312505108710/0001193125-05-108710-index.htm",
    "finalLink": "https://www.sec.gov/Archives/edgar/data/1297996/000119312505108710/d10q.htm"
  },
  {
    "date": "2004-12-31",
    "symbol": "DLR",
    "reportedCurrency": "USD",
    "cik": "0001297996",
    "fillingDate": "2005-03-31",
    "acceptedDate": "2005-03-31 16:57:46",
    "calendarYear": "2004",
    "period": "Q4",
    "revenue": 36205000,
    "costOfRevenue": 0,
    "grossProfit": 36205000,
    "grossProfitRatio": 1,
    "researchAndDevelopmentExpenses": 0,
    "generalAndAdministrativeExpenses": 20774000,
    "sellingAndMarketingExpenses": 0,
    "sellingGeneralAndAdministrativeExpenses": 20774000,
    "otherExpenses": 22343000,
    "operatingExpenses": 43117000,
    "costAndExpenses": 43117000,
    "interestIncome": 0,
    "interestExpense": 0,
    "depreciationAndAmortization": 4024000,
    "ebitda": 3664000,
    "ebitdaratio": 0.1012014915,
    "operatingIncome": -6912000,
    "operatingIncomeRatio": -0.1909128573,
    "totalOtherIncomeExpensesNet": 6912000,
    "incomeBeforeTax": 16642000,
    "incomeBeforeTaxRatio": 0.4596602679,
    "incomeTaxExpense": 5028000,
    "netIncome": -5359000,
    "netIncomeRatio": -0.1480182295,
    "eps": -0.25,
    "epsdiluted": -0.25,
    "weightedAverageShsOut": 21421300,
    "weightedAverageShsOutDil": 21421300,
    "link": "https://www.sec.gov/Archives/edgar/data/1297996/000119312505067198/0001193125-05-067198-index.htm",
    "finalLink": "https://www.sec.gov/Archives/edgar/data/1297996/000119312505067198/d10k.htm"
  },
  {
    "date": "2004-09-30",
    "symbol": "DLR",
    "reportedCurrency": "USD",
    "cik": "0001297996",
    "fillingDate": "2004-12-13",
    "acceptedDate": "2004-12-13 14:59:28",
    "calendarYear": "2004",
    "period": "Q3",
    "revenue": 29346000,
    "costOfRevenue": 5336000,
    "grossProfit": 24010000,
    "grossProfitRatio": 0.8181694268,
    "researchAndDevelopmentExpenses": 0,
    "generalAndAdministrativeExpenses": 86000,
    "sellingAndMarketingExpenses": 0,
    "sellingGeneralAndAdministrativeExpenses": 86000,
    "otherExpenses": 12611000,
    "operatingExpenses": 12697000,
    "costAndExpenses": 18033000,
    "interestIncome": 0,
    "interestExpense": 0,
    "depreciationAndAmortization": 8604000,
    "ebitda": 19917000,
    "ebitdaratio": 0.6786955633,
    "operatingIncome": 11313000,
    "operatingIncomeRatio": 0.3855039869,
    "totalOtherIncomeExpensesNet": -11313000,
    "incomeBeforeTax": 3359000,
    "incomeBeforeTaxRatio": 0.1144619369,
    "incomeTaxExpense": 20387000,
    "netIncome": 3359000,
    "netIncomeRatio": 0.1144619369,
    "eps": 0.16,
    "epsdiluted": 0.16,
    "weightedAverageShsOut": 20000000,
    "weightedAverageShsOutDil": 20000000,
    "link": "https://www.sec.gov/Archives/edgar/data/1297996/000119312504211864/0001193125-04-211864-index.htm",
    "finalLink": "https://www.sec.gov/Archives/edgar/data/1297996/000119312504211864/d10q.htm"
  },
  {
    "date": "2004-06-30",
    "symbol": "DLR",
    "reportedCurrency": "USD",
    "cik": "0001297996",
    "fillingDate": "2004-06-30",
    "acceptedDate": "2004-06-29 20:00:00",
    "calendarYear": "2004",
    "period": "Q2",
    "revenue": 22800000,
    "costOfRevenue": 0,
    "grossProfit": 22800000,
    "grossProfitRatio": 1,
    "researchAndDevelopmentExpenses": 0,
    "generalAndAdministrativeExpenses": 12365000,
    "sellingAndMarketingExpenses": 0,
    "sellingGeneralAndAdministrativeExpenses": 65000,
    "otherExpenses": 15676000,
    "operatingExpenses": 15741000,
    "costAndExpenses": 15741000,
    "interestIncome": 0,
    "interestExpense": 0,
    "depreciationAndAmortization": 4101000,
    "ebitda": 13770000,
    "ebitdaratio": 0.6039473684,
    "operatingIncome": 7059000,
    "operatingIncomeRatio": 0.3096052632,
    "totalOtherIncomeExpensesNet": -7059000,
    "incomeBeforeTax": 0,
    "incomeBeforeTaxRatio": 0,
    "incomeTaxExpense": 61044000,
    "netIncome": -1792000,
    "netIncomeRatio": -0.0785964912,
    "eps": 0.14,
    "epsdiluted": 0.14,
    "weightedAverageShsOut": 21421300,
    "weightedAverageShsOutDil": 21421300,
    "link": "",
    "finalLink": ""
  },
  {
    "date": "2004-03-31",
    "symbol": "DLR",
    "reportedCurrency": "USD",
    "cik": "0001297996",
    "fillingDate": "2004-03-31",
    "acceptedDate": "2004-03-30 19:00:00",
    "calendarYear": "2004",
    "period": "Q1",
    "revenue": 18770000,
    "costOfRevenue": 0,
    "grossProfit": 18770000,
    "grossProfitRatio": 1,
    "researchAndDevelopmentExpenses": 0,
    "generalAndAdministrativeExpenses": 0,
    "sellingAndMarketingExpenses": 0,
    "sellingGeneralAndAdministrativeExpenses": 92000,
    "otherExpenses": 11358000,
    "operatingExpenses": 11450000,
    "costAndExpenses": 11450000,
    "interestIncome": 0,
    "interestExpense": 0,
    "depreciationAndAmortization": 3240000,
    "ebitda": 12827000,
    "ebitdaratio": 0.6833777304,
    "operatingIncome": 7320000,
    "operatingIncomeRatio": 0.389984017,
    "totalOtherIncomeExpensesNet": -7320000,
    "incomeBeforeTax": 0,
    "incomeBeforeTaxRatio": 0,
    "incomeTaxExpense": 6126000,
    "netIncome": 3461000,
    "netIncomeRatio": 0.184389984,
    "eps": 0.17,
    "epsdiluted": 0.17,
    "weightedAverageShsOut": 20000000,
    "weightedAverageShsOutDil": 20000000,
    "link": "",
    "finalLink": ""
  },
  {
    "date": "2003-12-31",
    "symbol": "DLR",
    "reportedCurrency": "USD",
    "cik": "0001297996",
    "fillingDate": "2003-12-31",
    "acceptedDate": "2003-12-30 19:00:00",
    "calendarYear": "2003",
    "period": "Q4",
    "revenue": 18281000,
    "costOfRevenue": 3020000,
    "grossProfit": 15261000,
    "grossProfitRatio": 0.8348011597,
    "researchAndDevelopmentExpenses": 0,
    "generalAndAdministrativeExpenses": 0,
    "sellingAndMarketingExpenses": 0,
    "sellingGeneralAndAdministrativeExpenses": 255000,
    "otherExpenses": 7792000,
    "operatingExpenses": 8047000,
    "costAndExpenses": 11067000,
    "interestIncome": 0,
    "interestExpense": 0,
    "depreciationAndAmortization": 3149000,
    "ebitda": 12478000,
    "ebitdaratio": 0.6825665992,
    "operatingIncome": 7214000,
    "operatingIncomeRatio": 0.3946173623,
    "totalOtherIncomeExpensesNet": -7214000,
    "incomeBeforeTax": 0,
    "incomeBeforeTaxRatio": 0,
    "incomeTaxExpense": 5443000,
    "netIncome": 3886000,
    "netIncomeRatio": 0.2125704283,
    "eps": 0.19,
    "epsdiluted": 0.19,
    "weightedAverageShsOut": 20000000,
    "weightedAverageShsOutDil": 20000000,
    "link": "",
    "finalLink": ""
  },
  {
    "date": "2003-09-30",
    "symbol": "DLR",
    "reportedCurrency": "USD",
    "cik": "0001297996",
    "fillingDate": "2003-09-30",
    "acceptedDate": "2003-09-29 20:00:00",
    "calendarYear": "2003",
    "period": "Q3",
    "revenue": 13970000,
    "costOfRevenue": 1966000,
    "grossProfit": 12004000,
    "grossProfitRatio": 0.859269864,
    "researchAndDevelopmentExpenses": 0,
    "generalAndAdministrativeExpenses": 0,
    "sellingAndMarketingExpenses": 0,
    "sellingGeneralAndAdministrativeExpenses": 31000,
    "otherExpenses": 5578000,
    "operatingExpenses": 5609000,
    "costAndExpenses": 7575000,
    "interestIncome": 0,
    "interestExpense": 0,
    "depreciationAndAmortization": 3844000,
    "ebitda": 10239000,
    "ebitdaratio": 0.7329277022,
    "operatingIncome": 6395000,
    "operatingIncomeRatio": 0.4577666428,
    "totalOtherIncomeExpensesNet": -6395000,
    "incomeBeforeTax": 0,
    "incomeBeforeTaxRatio": 0,
    "incomeTaxExpense": 2740000,
    "netIncome": 3655000,
    "netIncomeRatio": 0.2616320687,
    "eps": 0.18,
    "epsdiluted": 0.18,
    "weightedAverageShsOut": 20000000,
    "weightedAverageShsOutDil": 20000000,
    "link": "",
    "finalLink": ""
  }
]