[
  {
    "date": "2024-12-31",
    "symbol": "DLR",
    "reportedCurrency": "USD",
    "cik": "0001297996",
    "fillingDate": "2025-02-25",
    "acceptedDate": "2025-02-24 21:40:43",
    "calendarYear": "2024",
    "period": "FY",
    "revenue": 5554968000,
    "costOfRevenue": 2519115000,
    "grossProfit": 3035853000,
    "grossProfitRatio": 0.546511339,
    "researchAndDevelopmentExpenses": 0,
    "generalAndAdministrativeExpenses": 0,
    "sellingAndMarketingExpenses": 0,
    "sellingGeneralAndAdministrativeExpenses": 480023000,
    "otherExpenses": 2083966000,
    "operatingExpenses": 2563989000,
    "costAndExpenses": 5083104000,
    "interestIncome": 0,
    "interestExpense": 0,
    "depreciationAndAmortization": 1771797000,
    "ebitda": 2867720000,
    "ebitdaratio": 0.516244198,
    "operatingIncome": 471864000,
    "operatingIncomeRatio": 0.0849445037,
    "totalOtherIncomeExpensesNet": 171223000,
    "incomeBeforeTax": 643087000,
    "incomeBeforeTaxRatio": 0.1157679036,
    "incomeTaxExpense": 54760000,
    "netIncome": 602490000,
    "netIncomeRatio": 0.1084596707,
    "eps": 1.74,
    "epsdiluted": 1.61,
    "weightedAverageShsOut": 323336000,
    "weightedAverageShsOutDil": 331547000,
    "link": "https://www.sec.gov/Archives/edgar/data/1297996/000155837025001424/0001558370-25-001424-index.htm",
    "finalLink": "https://www.sec.gov/Archives/edgar/data/1297996/000155837025001424/dlr-20241231x10k.htm"
  },
  {
    "date": "2023-12-31",
    "symbol": "DLR",
    "reportedCurrency": "USD",
    "cik": "0001297996",
    "fillingDate": "2024-02-23",
    "acceptedDate": "2024-02-23 07:24:51",
    "calendarYear": "2023",
    "period": "FY",
    "revenue": 5477061000,
    "costOfRevenue": 2598071000,
    "grossProfit": 2878990000,
    "grossProfitRatio": 0.5256450494,
    "researchAndDevelopmentExpenses": 0,
    "generalAndAdministrativeExpenses": 0,
    "sellingAndMarketingExpenses": 0,
    "sellingGeneralAndAdministrativeExpenses": 449056000,
    "otherExpenses": 1905473000,
    "operatingExpenses": 2354529000,
    "costAndExpenses": 4952600000,
    "interestIncome": 0,
    "interestExpense": 0,
    "depreciationAndAmortization": 1694859000,
    "ebitda": 3158491000,
    "ebitdaratio": 0.5766762503,
    "operatingIncome": 524461000,
    "operatingIncomeRatio": 0.0957559173,
    "totalOtherIncomeExpensesNet": 501430000,
    "incomeBeforeTax": 1025891000,
    "incomeBeforeTaxRatio": 0.1873068421,
    "incomeTaxExpense": 75579000,
    "netIncome": 948838000,
    "netIncomeRatio": 0.1732385307,
    "eps": 3.04,
    "epsdiluted": 3,
    "weightedAverageShsOut": 298603000,
    "weightedAverageShsOutDil": 309065000,
    "link": "https://www.sec.gov/Archives/edgar/data/1297996/000155837024001575/0001558370-24-001575-index.htm",
    "finalLink": "https://www.sec.gov/Archives/edgar/data/1297996/000155837024001575/dlr-20231231x10k.htm"
  },
  {
    "date": "2022-12-31",
    "symbol": "DLR",
    "reportedCurrency": "USD",
    "cik": "0001297996",
    "fillingDate": "2023-02-27",
    "acceptedDate": "2023-02-24 21:24:08",
    "calendarYear": "2022",
    "period": "FY",
    "revenue": 4691834000,
    "costOfRevenue": 2017562000,
    "grossProfit": 2674272000,
    "grossProfitRatio": 0.5699843601,
    "researchAndDevelopmentExpenses": 0,
    "generalAndAdministrativeExpenses": 0,
    "sellingAndMarketingExpenses": 0,
    "sellingGeneralAndAdministrativeExpenses": 422167000,
    "otherExpenses": 1662137000,
    "operatingExpenses": 2084304000,
    "costAndExpenses": 4101866000,
    "interestIncome": 0,
    "interestExpense": 0,
    "depreciationAndAmortization": 1577933000,
    "ebitda": 2288940000,
    "ebitdaratio": 0.4878561347,
    "operatingIncome": 589968000,
    "operatingIncomeRatio": 0.1257435792,
    "totalOtherIncomeExpensesNet": -178093000,
    "incomeBeforeTax": 411875000,
    "incomeBeforeTaxRatio": 0.0877855014,
    "incomeTaxExpense": 31550000,
    "netIncome": 377684000,
    "netIncomeRatio": 0.0804981591,
    "eps": 1.18,
    "epsdiluted": 1.11,
    "weightedAverageShsOut": 286334000,
    "weightedAverageShsOutDil": 297919000,
    "link": "https://www.sec.gov/Archives/edgar/data/1297996/000155837023002087/0001558370-23-002087-index.htm",
    "finalLink": "https://www.sec.gov/Archives/edgar/data/1297996/000155837023002087/dlr-20221231x10k.htm"
  },
  {
    "date": "2021-12-31",
    "symbol": "DLR",
    "reportedCurrency": "USD",
    "cik": "0001297996",
    "fillingDate": "2022-02-25",
    "acceptedDate": "2022-02-25 17:19:45",
    "calendarYear": "2021",
    "period": "FY",
    "revenue": 4427882000,
    "costOfRevenue": 1778320000,
    "grossProfit": 2649562000,
    "grossProfitRatio": 0.598381348,
    "researchAndDevelopmentExpenses": 0,
    "generalAndAdministrativeExpenses": 0,
    "sellingAndMarketingExpenses": 0,
    "sellingGeneralAndAdministrativeExpenses": 400654000,
    "otherExpenses": 1554899000,
    "operatingExpenses": 1955553000,
    "costAndExpenses": 3733873000,
    "interestIncome": 0,
    "interestExpense": 0,
    "depreciationAndAmortization": 1486632000,
    "ebitda": 3600689000,
    "ebitdaratio": 0.8131854011,
    "operatingIncome": 694009000,
    "operatingIncomeRatio": 0.15673611,
    "totalOtherIncomeExpensesNet": 1126202000,
    "incomeBeforeTax": 1820211000,
    "incomeBeforeTaxRatio": 0.4110793829,
    "incomeTaxExpense": 72799000,
    "netIncome": 1709259000,
    "netIncomeRatio": 0.3860218046,
    "eps": 5.95,
    "epsdiluted": 5.94,
    "weightedAverageShsOut": 282474927,
    "weightedAverageShsOutDil": 283221968,
    "link": "https://www.sec.gov/Archives/edgar/data/1297996/000155837022002195/0001558370-22-002195-index.htm",
    "finalLink": "https://www.sec.gov/Archives/edgar/data/1297996/000155837022002195/dlr-20211231x10k.htm"
  },
  {
    "date": "2020-12-31",
    "symbol": "DLR",
    "reportedCurrency": "USD",
    "cik": "0001297996",
    "fillingDate": "2021-03-01",
    "acceptedDate": "2021-03-01 17:05:19",
    "calendarYear": "2020",
    "period": "FY",
    "revenue": 3903609000,
    "costOfRevenue": 1514116000,
    "grossProfit": 2389493000,
    "grossProfitRatio": 0.6121240626,
    "researchAndDevelopmentExpenses": 0,
    "generalAndAdministrativeExpenses": 0,
    "sellingAndMarketingExpenses": 0,
    "sellingGeneralAndAdministrativeExpenses": 351369000,
    "otherExpenses": 1480598000,
    "operatingExpenses": 1831967000,
    "costAndExpenses": 3346083000,
    "interestIncome": 0,
    "interestExpense": 0,
    "depreciationAndAmortization": 1366379000,
    "ebitda": 2100177000,
    "ebitdaratio": 0.5380090578,
    "operatingIncome": 557526000,
    "operatingIncomeRatio": 0.1428232182,
    "totalOtherIncomeExpensesNet": -156749000,
    "incomeBeforeTax": 400777000,
    "incomeBeforeTaxRatio": 0.1026683256,
    "incomeTaxExpense": 38047000,
    "netIncome": 356398000,
    "netIncomeRatio": 0.0912996153,
    "eps": 1.01,
    "epsdiluted": 1,
    "weightedAverageShsOut": 260098978,
    "weightedAverageShsOutDil": 262522508,
    "link": "https://www.sec.gov/Archives/edgar/data/1297996/000155837021002191/0001558370-21-002191-index.htm",
    "finalLink": "https://www.sec.gov/Archives/edgar/data/1297996/000155837021002191/dlr-20201231x10k.htm"
  },
  {
    "date": "2019-12-31",
    "symbol": "DLR",
    "reportedCurrency": "USD",
    "cik": "0001297996",
    "fillingDate": "2020-03-02",
    "acceptedDate": "2020-03-02 17:20:37",
    "calendarYear": "2019",
    "period": "FY",
    "revenue": 3209241000,
    "costOfRevenue": 1192761000,
    "grossProfit": 2016480000,
    "grossProfitRatio": 0.6283354849,
    "researchAndDevelopmentExpenses": 0,
    "generalAndAdministrativeExpenses": 0,
    "sellingAndMarketingExpenses": 0,
    "sellingGeneralAndAdministrativeExpenses": 211097000,
    "otherExpenses": 1211168000,
    "operatingExpenses": 1422265000,
    "costAndExpenses": 2615026000,
    "interestIncome": 0,
    "interestExpense": 0,
    "depreciationAndAmortization": 1163774000,
    "ebitda": 2128047000,
    "ebitdaratio": 0.6630997797,
    "operatingIncome": 594215000,
    "operatingIncomeRatio": 0.1851574874,
    "totalOtherIncomeExpensesNet": 17001000,
    "incomeBeforeTax": 611216000,
    "incomeBeforeTaxRatio": 0.1904550017,
    "incomeTaxExpense": 11995000,
    "netIncome": 579761000,
    "netIncomeRatio": 0.1806536187,
    "eps": 2.37,
    "epsdiluted": 2.35,
    "weightedAverageShsOut": 208325823,
    "weightedAverageShsOutDil": 209462247,
    "link": "https://www.sec.gov/Archives/edgar/data/1297996/000155837020001906/0001558370-20-001906-index.htm",
    "finalLink": "https://www.sec.gov/Archives/edgar/data/1297996/000155837020001906/dlr-20191231x10kabe894.htm"
  },
  {
    "date": "2018-12-31",
    "symbol": "DLR",
    "reportedCurrency": "USD",
    "cik": "0001297996",
    "fillingDate": "2019-02-25",
    "acceptedDate": "2019-02-25 17:29:13",
    "calendarYear": "2018",
    "period": "FY",
    "revenue": 3046478000,
    "costOfRevenue": 1097983000,
    "grossProfit": 1948495000,
    "grossProfitRatio": 0.6395893881,
    "researchAndDevelopmentExpenses": 0,
    "generalAndAdministrativeExpenses": 0,
    "sellingAndMarketingExpenses": 0,
    "sellingGeneralAndAdministrativeExpenses": 163667000,
    "otherExpenses": 1235041000,
    "operatingExpenses": 1398708000,
    "costAndExpenses": 2496691000,
    "interestIncome": 0,
    "interestExpense": 0,
    "depreciationAndAmortization": 1186896000,
    "ebitda": 1851624000,
    "ebitdaratio": 0.607791686,
    "operatingIncome": 549787000,
    "operatingIncomeRatio": 0.1804664271,
    "totalOtherIncomeExpensesNet": -206588000,
    "incomeBeforeTax": 343199000,
    "incomeBeforeTaxRatio": 0.1126543504,
    "incomeTaxExpense": 2084000,
    "netIncome": 331246000,
    "netIncomeRatio": 0.1087308032,
    "eps": 1.21,
    "epsdiluted": 1.21,
    "weightedAverageShsOut": 206035408,
    "weightedAverageShsOutDil": 206673471,
    "link": "https://www.sec.gov/Archives/edgar/data/1297996/000129799619000032/0001297996-19-000032-index.htm",
    "finalLink": "https://www.sec.gov/Archives/edgar/data/1297996/000129799619000032/dlrq412311810kss.htm"
  },
  {
    "date": "2017-12-31",
    "symbol": "DLR",
    "reportedCurrency": "USD",
    "cik": "0001297996",
    "fillingDate": "2018-03-01",
    "acceptedDate": "2018-02-28 21:30:27",
    "calendarYear": "2017",
    "period": "FY",
    "revenue": 2457928000,
    "costOfRevenue": 894611000,
    "grossProfit": 1563317000,
    "grossProfitRatio": 0.6360304289,
    "researchAndDevelopmentExpenses": 0,
    "generalAndAdministrativeExpenses": 0,
    "sellingAndMarketingExpenses": 0,
    "sellingGeneralAndAdministrativeExpenses": 161441000,
    "otherExpenses": 950581000,
    "operatingExpenses": 1112022000,
    "costAndExpenses": 2006633000,
    "interestIncome": 0,
    "interestExpense": 0,
    "depreciationAndAmortization": 842464000,
    "ebitda": 1365274000,
    "ebitdaratio": 0.5554572795,
    "operatingIncome": 451295000,
    "operatingIncomeRatio": 0.1836079006,
    "totalOtherIncomeExpensesNet": -187127000,
    "incomeBeforeTax": 264168000,
    "incomeBeforeTaxRatio": 0.1074758903,
    "incomeTaxExpense": 7901000,
    "netIncome": 248259000,
    "netIncomeRatio": 0.1010033654,
    "eps": 0.99,
    "epsdiluted": 0.99,
    "weightedAverageShsOut": 174059386,
    "weightedAverageShsOutDil": 174895098,
    "link": "https://www.sec.gov/Archives/edgar/data/1297996/000129799618000026/0001297996-18-000026-index.htm",
    "finalLink": "https://www.sec.gov/Archives/edgar/data/1297996/000129799618000026/dlr12311710k.htm"
  },
  {
    "date": "2016-12-31",
    "symbol": "DLR",
    "reportedCurrency": "USD",
    "cik": "0001297996",
    "fillingDate": "2017-03-01",
    "acceptedDate": "2017-03-01 16:49:18",
    "calendarYear": "2016",
    "period": "FY",
    "revenue": 2142213000,
    "costOfRevenue": 762674000,
    "grossProfit": 1379539000,
    "grossProfitRatio": 0.6439784466,
    "researchAndDevelopmentExpenses": 0,
    "generalAndAdministrativeExpenses": 0,
    "sellingAndMarketingExpenses": 0,
    "sellingGeneralAndAdministrativeExpenses": 162225000,
    "otherExpenses": 720028000,
    "operatingExpenses": 882253000,
    "costAndExpenses": 1644927000,
    "interestIncome": 0,
    "interestExpense": 0,
    "depreciationAndAmortization": 699324000,
    "ebitda": 1382605000,
    "ebitdaratio": 0.6454096768,
    "operatingIncome": 497286000,
    "operatingIncomeRatio": 0.2321365803,
    "totalOtherIncomeExpensesNet": -55049000,
    "incomeBeforeTax": 442237000,
    "incomeBeforeTaxRatio": 0.2064393223,
    "incomeTaxExpense": 10385000,
    "netIncome": 426187000,
    "netIncomeRatio": 0.1989470702,
    "eps": 2.21,
    "epsdiluted": 2.2,
    "weightedAverageShsOut": 149953662,
    "weightedAverageShsOutDil": 150679688,
    "link": "https://www.sec.gov/Archives/edgar/data/1297996/000129799617000020/0001297996-17-000020-index.htm",
    "finalLink": "https://www.sec.gov/Archives/edgar/data/1297996/000129799617000020/dlr12311610k.htm"
  },
  {
    "date": "2015-12-31",
    "symbol": "DLR",
    "reportedCurrency": "USD",
    "cik": "0001297996",
    "fillingDate": "2016-09-28",
    "acceptedDate": "2016-09-28 17:02:03",
    "calendarYear": "2015",
    "period": "FY",
    "revenue": 1763336000,
    "costOfRevenue": 642473000,
    "grossProfit": 1120863000,
    "grossProfitRatio": 0.6356491332,
    "researchAndDevelopmentExpenses": 0,
    "generalAndAdministrativeExpenses": 0,
    "sellingAndMarketingExpenses": 0,
    "sellingGeneralAndAdministrativeExpenses": 114358000,
    "otherExpenses": 604594000,
    "operatingExpenses": 718952000,
    "costAndExpenses": 1361425000,
    "interestIncome": 0,
    "interestExpense": 0,
    "depreciationAndAmortization": 570527000,
    "ebitda": 1082385000,
    "ebitdaratio": 0.6138279942,
    "operatingIncome": 401911000,
    "operatingIncomeRatio": 0.2279264984,
    "totalOtherIncomeExpensesNet": -93869000,
    "incomeBeforeTax": 215685000,
    "incomeBeforeTaxRatio": 0.1223164502,
    "incomeTaxExpense": 6451000,
    "netIncome": 204332000,
    "netIncomeRatio": 0.1158780856,
    "eps": 1.57,
    "epsdiluted": 1.56,
    "weightedAverageShsOut": 138247606,
    "weightedAverageShsOutDil": 138865421,
    "link": "https://www.sec.gov/Archives/edgar/data/1297996/000129799616000260/0001297996-16-000260-index.htm",
    "finalLink": "https://www.sec.gov/Archives/edgar/data/1297996/000129799616000260/dlr12311510k_am2.htm"
  },
  {
    "date": "2014-12-31",
    "symbol": "DLR",
    "reportedCurrency": "USD",
    "cik": "0001297996",
    "fillingDate": "2015-03-02",
    "acceptedDate": "2015-03-02 17:07:00",
    "calendarYear": "2014",
    "period": "FY",
    "revenue": 1617587000,
    "costOfRevenue": 594678000,
    "grossProfit": 1021760000,
    "grossProfitRatio": 0.6316569062,
    "researchAndDevelopmentExpenses": 0,
    "generalAndAdministrativeExpenses": 0,
    "sellingAndMarketingExpenses": 0,
    "sellingGeneralAndAdministrativeExpenses": 101831000,
    "otherExpenses": 661263000,
    "operatingExpenses": 763094000,
    "costAndExpenses": 1357772000,
    "interestIncome": 2663000,
    "interestExpense": 0,
    "depreciationAndAmortization": 538513000,
    "ebitda": 938251000,
    "ebitdaratio": 0.5800312441,
    "operatingIncome": 258666000,
    "operatingIncomeRatio": 0.1599085552,
    "totalOtherIncomeExpensesNet": -50013000,
    "incomeBeforeTax": 208653000,
    "incomeBeforeTaxRatio": 0.12899028,
    "incomeTaxExpense": 5238000,
    "netIncome": 200183000,
    "netIncomeRatio": 0.1237540856,
    "eps": 1,
    "epsdiluted": 1,
    "weightedAverageShsOut": 133369047,
    "weightedAverageShsOutDil": 133637235,
    "link": "https://www.sec.gov/Archives/edgar/data/1297996/000129799615000010/0001297996-15-000010-index.htm",
    "finalLink": "https://www.sec.gov/Archives/edgar/data/1297996/000129799615000010/dlr12311410k.htm"
  },
  {
    "date": "2013-12-31",
    "symbol": "DLR",
    "reportedCurrency": "USD",
    "cik": "0001297996",
    "fillingDate": "2014-03-03",
    "acceptedDate": "2014-02-28 21:05:59",
    "calendarYear": "2013",
    "period": "FY",
    "revenue": 1482259000,
    "costOfRevenue": 546917000,
    "grossProfit": 935342000,
    "grossProfitRatio": 0.6310246725,
    "researchAndDevelopmentExpenses": 0,
    "generalAndAdministrativeExpenses": 0,
    "sellingAndMarketingExpenses": 0,
    "sellingGeneralAndAdministrativeExpenses": 74396000,
    "otherExpenses": 479134000,
    "operatingExpenses": 553530000,
    "costAndExpenses": 1100447000,
    "interestIncome": 139000,
    "interestExpense": 0,
    "depreciationAndAmortization": 475464000,
    "ebitda": 986604000,
    "ebitdaratio": 0.6656083721,
    "operatingIncome": 381812000,
    "operatingIncomeRatio": 0.2575879114,
    "totalOtherIncomeExpensesNet": -60071000,
    "incomeBeforeTax": 321741000,
    "incomeBeforeTaxRatio": 0.2170612558,
    "incomeTaxExpense": 1292000,
    "netIncome": 314488000,
    "netIncomeRatio": 0.2121680489,
    "eps": 2.12,
    "epsdiluted": 2.12,
    "weightedAverageShsOut": 127941134,
    "weightedAverageShsOutDil": 128127641,
    "link": "https://www.sec.gov/Archives/edgar/data/1297996/000119312514078397/0001193125-14-078397-index.htm",
    "finalLink": "https://www.sec.gov/Archives/edgar/data/1297996/000119312514078397/d681374d10k.htm"
  },
  {
    "date": "2012-12-31",
    "symbol": "DLR",
    "reportedCurrency": "USD",
    "cik": "0001297996",
    "fillingDate": "2013-02-28",
    "acceptedDate": "2013-02-28 17:28:11",
    "calendarYear": "2012",
    "period": "FY",
    "revenue": 1274520000,
    "costOfRevenue": 452298000,
    "grossProfit": 826769000,
    "grossProfitRatio": 0.6486904874,
    "researchAndDevelopmentExpenses": 0,
    "generalAndAdministrativeExpenses": 0,
    "sellingAndMarketingExpenses": 0,
    "sellingGeneralAndAdministrativeExpenses": 66809000,
    "otherExpenses": 393882000,
    "operatingExpenses": 460691000,
    "costAndExpenses": 912989000,
    "interestIncome": 1892000,
    "interestExpense": 0,
    "depreciationAndAmortization": 382553000,
    "ebitda": 758355000,
    "ebitdaratio": 0.5950122399,
    "operatingIncome": 366078000,
    "operatingIncomeRatio": 0.2872281329,
    "totalOtherIncomeExpensesNet": -147384000,
    "incomeBeforeTax": 218694000,
    "incomeBeforeTaxRatio": 0.1715893042,
    "incomeTaxExpense": 2647000,
    "netIncome": 210334000,
    "netIncomeRatio": 0.1650299721,
    "eps": 1.48,
    "epsdiluted": 1.48,
    "weightedAverageShsOut": 115717667,
    "weightedAverageShsOutDil": 116006577,
    "link": "https://www.sec.gov/Archives/edgar/data/1297996/000119312513084894/0001193125-13-084894-index.htm",
    "finalLink": "https://www.sec.gov/Archives/edgar/data/1297996/000119312513084894/d476084d10k.htm"
  },
  {
    "date": "2011-12-31",
    "symbol": "DLR",
    "reportedCurrency": "USD",
    "cik": "0001297996",
    "fillingDate": "2012-02-28",
    "acceptedDate": "2012-02-27 21:46:42",
    "calendarYear": "2011",
    "period": "FY",
    "revenue": 1062710000,
    "costOfRevenue": 380583000,
    "grossProfit": 682127000,
    "grossProfitRatio": 0.6418750176,
    "researchAndDevelopmentExpenses": 0,
    "generalAndAdministrativeExpenses": 0,
    "sellingAndMarketingExpenses": 0,
    "sellingGeneralAndAdministrativeExpenses": 61648000,
    "otherExpenses": 316169000,
    "operatingExpenses": 377817000,
    "costAndExpenses": 758400000,
    "interestIncome": 3260000,
    "interestExpense": 0,
    "depreciationAndAmortization": 302488000,
    "ebitda": 621859000,
    "ebitdaratio": 0.585163403,
    "operatingIncome": 304310000,
    "operatingIncomeRatio": 0.286352815,
    "totalOtherIncomeExpensesNet": -142226000,
    "incomeBeforeTax": 162084000,
    "incomeBeforeTaxRatio": 0.152519502,
    "incomeTaxExpense": -42000,
    "netIncome": 156265000,
    "netIncomeRatio": 0.1470438784,
    "eps": 1.33,
    "epsdiluted": 1.32,
    "weightedAverageShsOut": 98405375,
    "weightedAverageShsOutDil": 99169749,
    "link": "https://www.sec.gov/Archives/edgar/data/1297996/000119312512082659/0001193125-12-082659-index.htm",
    "finalLink": "https://www.sec.gov/Archives/edgar/data/1297996/000119312512082659/d263690d10k.htm"
  },
  {
    "date": "2010-12-31",
    "symbol": "DLR",
    "reportedCurrency": "USD",
    "cik": "0001297996",
    "fillingDate": "2011-02-25",
    "acceptedDate": "2011-02-25 17:14:48",
    "calendarYear": "2010",
    "period": "FY",
    "revenue": 865401000,
    "costOfRevenue": 296199000,
    "grossProfit": 569202000,
    "grossProfitRatio": 0.6577320803,
    "researchAndDevelopmentExpenses": 0,
    "generalAndAdministrativeExpenses": 0,
    "sellingAndMarketingExpenses": 0,
    "sellingGeneralAndAdministrativeExpenses": 55329000,
    "otherExpenses": 271567000,
    "operatingExpenses": 326896000,
    "costAndExpenses": 623095000,
    "interestIncome": 616000,
    "interestExpense": 0,
    "depreciationAndAmortization": 255586000,
    "ebitda": 508550000,
    "ebitdaratio": 0.5876466517,
    "operatingIncome": 242306000,
    "operatingIncomeRatio": 0.2799927432,
    "totalOtherIncomeExpensesNet": -135043000,
    "incomeBeforeTax": 107263000,
    "incomeBeforeTaxRatio": 0.1239460088,
    "incomeTaxExpense": 1851000,
    "netIncome": 102294000,
    "netIncomeRatio": 0.118204162,
    "eps": 0.69,
    "epsdiluted": 0.68,
    "weightedAverageShsOut": 84275498,
    "weightedAverageShsOutDil": 86013471,
    "link": "https://www.sec.gov/Archives/edgar/data/1297996/000119312511047638/0001193125-11-047638-index.htm",
    "finalLink": "https://www.sec.gov/Archives/edgar/data/1297996/000119312511047638/d10k.htm"
  },
  {
    "date": "2009-12-31",
    "symbol": "DLR",
    "reportedCurrency": "USD",
    "cik": "0001297996",
    "fillingDate": "2010-02-26",
    "acceptedDate": "2010-02-26 17:11:44",
    "calendarYear": "2009",
    "period": "FY",
    "revenue": 637142000,
    "costOfRevenue": 212242000,
    "grossProfit": 424900000,
    "grossProfitRatio": 0.6668843052,
    "researchAndDevelopmentExpenses": 0,
    "generalAndAdministrativeExpenses": 0,
    "sellingAndMarketingExpenses": 0,
    "sellingGeneralAndAdministrativeExpenses": 48276000,
    "otherExpenses": 198835000,
    "operatingExpenses": 247111000,
    "costAndExpenses": 459353000,
    "interestIncome": 753000,
    "interestExpense": 0,
    "depreciationAndAmortization": 198052000,
    "ebitda": 378766000,
    "ebitdaratio": 0.5944765845,
    "operatingIncome": 177789000,
    "operatingIncomeRatio": 0.2790414068,
    "totalOtherIncomeExpensesNet": -85517000,
    "incomeBeforeTax": 92272000,
    "incomeBeforeTaxRatio": 0.1448217195,
    "incomeTaxExpense": 1038000,
    "netIncome": 87662000,
    "netIncomeRatio": 0.1375862837,
    "eps": 0.62,
    "epsdiluted": 0.61,
    "weightedAverageShsOut": 75950370,
    "weightedAverageShsOutDil": 77020890,
    "link": "https://www.sec.gov/Archives/edgar/data/1297996/000119312510043123/0001193125-10-043123-index.htm",
    "finalLink": "https://www.sec.gov/Archives/edgar/data/1297996/000119312510043123/d10k.htm"
  },
  {
    "date": "2008-12-31",
    "symbol": "DLR",
    "reportedCurrency": "USD",
    "cik": "0001297996",
    "fillingDate": "2009-03-02",
    "acceptedDate": "2009-03-02 16:46:52",
    "calendarYear": "2008",
    "period": "FY",
    "revenue": 527445000,
    "costOfRevenue": 182249000,
    "grossProfit": 345196000,
    "grossProfitRatio": 0.6544682384,
    "researchAndDevelopmentExpenses": 0,
    "generalAndAdministrativeExpenses": 0,
    "sellingAndMarketingExpenses": 0,
    "sellingGeneralAndAdministrativeExpenses": 43379000,
    "otherExpenses": 173462000,
    "operatingExpenses": 216841000,
    "costAndExpenses": 399090000,
    "interestIncome": 2106000,
    "interestExpense": 0,
    "depreciationAndAmortization": 172280000,
    "ebitda": 305026000,
    "ebitdaratio": 0.5783086388,
    "operatingIncome": 128355000,
    "operatingIncomeRatio": 0.2433523875,
    "totalOtherIncomeExpensesNet": -59328000,
    "incomeBeforeTax": 70547000,
    "incomeBeforeTaxRatio": 0.1337523344,
    "incomeTaxExpense": 0,
    "netIncome": 67661000,
    "netIncomeRatio": 0.1282806738,
    "eps": 0.42,
    "epsdiluted": 0.41,
    "weightedAverageShsOut": 68829267,
    "weightedAverageShsOutDil": 70435760,
    "link": "https://www.sec.gov/Archives/edgar/data/1297996/000119312509042658/0001193125-09-042658-index.htm",
    "finalLink": "https://www.sec.gov/Archives/edgar/data/1297996/000119312509042658/d10k.htm"
  },
  {
    "date": "2007-12-31",
    "symbol": "DLR",
    "reportedCurrency": "USD",
    "cik": "0001297996",
    "fillingDate": "2008-02-29",
    "acceptedDate": "2008-02-29 16:59:44",
    "calendarYear": "2007",
    "period": "FY",
    "revenue": 384835000,
    "costOfRevenue": 136406000,
    "grossProfit": 258841000,
    "grossProfitRatio": 0.6726025439,
    "researchAndDevelopmentExpenses": 0,
    "generalAndAdministrativeExpenses": 0,
    "sellingAndMarketingExpenses": 0,
    "sellingGeneralAndAdministrativeExpenses": 36313000,
    "otherExpenses": 134850000,
    "operatingExpenses": 171163000,
    "costAndExpenses": 307569000,
    "interestIncome": 2287000,
    "interestExpense": 0,
    "depreciationAndAmortization": 124386000,
    "ebitda": 224833000,
    "ebitdaratio": 0.5842322034,
    "operatingIncome": 87678000,
    "operatingIncomeRatio": 0.2278327075,
    "totalOtherIncomeExpensesNet": -64318000,
    "incomeBeforeTax": 25221000,
    "incomeBeforeTaxRatio": 0.0655371783,
    "incomeTaxExpense": 0,
    "netIncome": 22543000,
    "netIncomeRatio": 0.0585783518,
    "eps": 0.31,
    "epsdiluted": 0.3,
    "weightedAverageShsOut": 60527625,
    "weightedAverageShsOutDil": 62572937,
    "link": "https://www.sec.gov/Archives/edgar/data/1297996/000119312508043850/0001193125-08-043850-index.htm",
    "finalLink": "https://www.sec.gov/Archives/edgar/data/1297996/000119312508043850/d10k.htm"
  },
  {
    "date": "2006-12-31",
    "symbol": "DLR",
    "reportedCurrency": "USD",
    "cik": "0001297996",
    "fillingDate": "2007-03-01",
    "acceptedDate": "2007-03-01 16:26:08",
    "calendarYear": "2006",
    "period": "FY",
    "revenue": 274659000,
    "costOfRevenue": 86145000,
    "grossProfit": 185931000,
    "grossProfitRatio": 0.6769521479,
    "researchAndDevelopmentExpenses": 0,
    "generalAndAdministrativeExpenses": 0,
    "sellingAndMarketingExpenses": 0,
    "sellingGeneralAndAdministrativeExpenses": 24123000,
    "otherExpenses": 87240000,
    "operatingExpenses": 111363000,
    "costAndExpenses": 197508000,
    "interestIncome": 1275000,
    "interestExpense": 0,
    "depreciationAndAmortization": 82692000,
    "ebitda": 161617000,
    "ebitdaratio": 0.5884278323,
    "operatingIncome": 74568000,
    "operatingIncomeRatio": 0.271493015,
    "totalOtherIncomeExpensesNet": -48675000,
    "incomeBeforeTax": 26555000,
    "incomeBeforeTaxRatio": 0.0966835239,
    "incomeTaxExpense": 0,
    "netIncome": 13296000,
    "netIncomeRatio": 0.0484091182,
    "eps": 0.49,
    "epsdiluted": 0.47,
    "weightedAverageShsOut": 36134983,
    "weightedAverageShsOutDil": 36134983,
    "link": "https://www.sec.gov/Archives/edgar/data/1297996/000119312507044416/0001193125-07-044416-index.htm",
    "finalLink": "https://www.sec.gov/Archives/edgar/data/1297996/000119312507044416/d10k.htm"
  },
  {
    "date": "2005-12-31",
    "symbol": "DLR",
    "reportedCurrency": "USD",
    "cik": "0001297996",
    "fillingDate": "2006-03-16",
    "acceptedDate": "2006-03-16 14:11:24",
    "calendarYear": "2005",
    "period": "FY",
    "revenue": 208809000,
    "costOfRevenue": 0,
    "grossProfit": 191621000,
    "grossProfitRatio": 0.9176855404,
    "researchAndDevelopmentExpenses": 0,
    "generalAndAdministrativeExpenses": 0,
    "sellingAndMarketingExpenses": 0,
    "sellingGeneralAndAdministrativeExpenses": 12615000,
    "otherExpenses": 119418000,
    "operatingExpenses": 132033000,
    "costAndExpenses": 132033000,
    "interestIncome": 0,
    "interestExpense": 0,
    "depreciationAndAmortization": 62232000,
    "ebitda": 116311000,
    "ebitdaratio": 0.5570210096,
    "operatingIncome": 59588000,
    "operatingIncomeRatio": 0.2853708413,
    "totalOtherIncomeExpensesNet": -59588000,
    "incomeBeforeTax": 24357000,
    "incomeBeforeTaxRatio": 0.116647271,
    "incomeTaxExpense": 0,
    "netIncome": 16101000,
    "netIncomeRatio": 0.0771087453,
    "eps": 0.25,
    "epsdiluted": 0.25,
    "weightedAverageShsOut": 23986288,
    "weightedAverageShsOutDil": 24221732,
    "link": "https://www.sec.gov/Archives/edgar/data/1297996/000119312506056430/0001193125-06-056430-index.htm",
    "finalLink": "https://www.sec.gov/Archives/edgar/data/1297996/000119312506056430/d10k.htm"
  },
  {
    "date": "2004-12-31",
    "symbol": "DLR",
    "reportedCurrency": "USD",
    "cik": "0001297996",
    "fillingDate": "2005-03-31",
    "acceptedDate": "2005-03-31 16:57:46",
    "calendarYear": "2004",
    "period": "FY",
    "revenue": 107121000,
    "costOfRevenue": 0,
    "grossProfit": 90885000,
    "grossProfitRatio": 0.8484330803,
    "researchAndDevelopmentExpenses": 0,
    "generalAndAdministrativeExpenses": 0,
    "sellingAndMarketingExpenses": 0,
    "sellingGeneralAndAdministrativeExpenses": 21017000,
    "otherExpenses": 53256000,
    "operatingExpenses": 74273000,
    "costAndExpenses": 74273000,
    "interestIncome": 0,
    "interestExpense": 0,
    "depreciationAndAmortization": 31398000,
    "ebitda": 41690000,
    "ebitdaratio": 0.3891860606,
    "operatingIncome": 16612000,
    "operatingIncomeRatio": 0.155076969,
    "totalOtherIncomeExpensesNet": -16612000,
    "incomeBeforeTax": -5681000,
    "incomeBeforeTaxRatio": -0.0530334855,
    "incomeTaxExpense": 0,
    "netIncome": 4557000,
    "netIncomeRatio": 0.0425406783,
    "eps": 0.22,
    "epsdiluted": 0.22,
    "weightedAverageShsOut": 20770875,
    "weightedAverageShsOutDil": 20770875,
    "link": "https://www.sec.gov/Archives/edgar/data/1297996/000119312505067198/0001193125-05-067198-index.htm",
    "finalLink": "https://www.sec.gov/Archives/edgar/data/1297996/000119312505067198/d10k.htm"
  },
  {
    "date": "2003-12-31",
    "symbol": "DLR",
    "reportedCurrency": "USD",
    "cik": "0001297996",
    "fillingDate": "2003-12-31",
    "acceptedDate": "2003-12-30 19:00:00",
    "calendarYear": "2003",
    "period": "FY",
    "revenue": 63088000,
    "costOfRevenue": 8624000,
    "grossProfit": 54464000,
    "grossProfitRatio": 0.8633020543,
    "researchAndDevelopmentExpenses": 0,
    "generalAndAdministrativeExpenses": 0,
    "sellingAndMarketingExpenses": 0,
    "sellingGeneralAndAdministrativeExpenses": 329000,
    "otherExpenses": 24856000,
    "operatingExpenses": 25185000,
    "costAndExpenses": 33809000,
    "interestIncome": 0,
    "interestExpense": 0,
    "depreciationAndAmortization": 9480000,
    "ebitda": 41405000,
    "ebitdaratio": 0.6563054781,
    "operatingIncome": 26305000,
    "operatingIncomeRatio": 0.416957266,
    "totalOtherIncomeExpensesNet": -26305000,
    "incomeBeforeTax": 0,
    "incomeBeforeTaxRatio": 0,
    "incomeTaxExpense": 17055000,
    "netIncome": 16642000,
    "netIncomeRatio": 0.2637902612,
    "eps": 0.83,
    "epsdiluted": 0.83,
    "weightedAverageShsOut": 20000000,
    "weightedAverageShsOutDil": 20000000,
    "link": "",
    "finalLink": ""
  },
  {
    "date": "2002-12-31",
    "symbol": "DLR",
    "reportedCurrency": "USD",
    "cik": "0001297996",
    "fillingDate": "2002-12-31",
    "acceptedDate": "2002-12-30 19:00:00",
    "calendarYear": "2002",
    "period": "FY",
    "revenue": 25504000,
    "costOfRevenue": 0,
    "grossProfit": 25504000,
    "grossProfitRatio": 1,
    "researchAndDevelopmentExpenses": 0,
    "generalAndAdministrativeExpenses": 0,
    "sellingAndMarketingExpenses": 0,
    "sellingGeneralAndAdministrativeExpenses": 249000,
    "otherExpenses": 19928000,
    "operatingExpenses": 20177000,
    "costAndExpenses": 20177000,
    "interestIncome": 0,
    "interestExpense": 0,
    "depreciationAndAmortization": 7659000,
    "ebitda": 12986000,
    "ebitdaratio": 0.5091750314,
    "operatingIncome": 5327000,
    "operatingIncomeRatio": 0.208869197,
    "totalOtherIncomeExpensesNet": -5327000,
    "incomeBeforeTax": 0,
    "incomeBeforeTaxRatio": 0,
    "incomeTaxExpense": 5388000,
    "netIncome": -61000,
    "netIncomeRatio": -0.0023917817,
    "eps": -0.0031,
    "epsdiluted": -0.0031,
    "weightedAverageShsOut": 20000000,
    "weightedAverageShsOutDil": 20000000,
    "link": "",
    "finalLink": ""
  }
]