[
  {
    "date": "2025-08-02",
    "symbol": "DLTR",
    "reportedCurrency": "USD",
    "cik": "0000935703",
    "fillingDate": "2025-09-03",
    "acceptedDate": "2025-09-03 06:34:53",
    "calendarYear": "2025",
    "period": "Q2",
    "revenue": 4570400000,
    "costOfRevenue": 2996700000,
    "grossProfit": 1573700000,
    "grossProfitRatio": 0.344324348,
    "researchAndDevelopmentExpenses": 0,
    "generalAndAdministrativeExpenses": 0,
    "sellingAndMarketingExpenses": 0,
    "sellingGeneralAndAdministrativeExpenses": 1350700000,
    "otherExpenses": 0,
    "operatingExpenses": 1350700000,
    "costAndExpenses": 4347400000,
    "interestIncome": 0,
    "interestExpense": 22800000,
    "depreciationAndAmortization": 0,
    "ebitda": 231000000,
    "ebitdaratio": 0.0505426221,
    "operatingIncome": 231000000,
    "operatingIncomeRatio": 0.0505426221,
    "totalOtherIncomeExpensesNet": -22400000,
    "incomeBeforeTax": 208600000,
    "incomeBeforeTaxRatio": 0.0456415193,
    "incomeTaxExpense": 53100000,
    "netIncome": 155500000,
    "netIncomeRatio": 0.0340232802,
    "eps": 0.91,
    "epsdiluted": 0.75,
    "weightedAverageShsOut": 207300000,
    "weightedAverageShsOutDil": 207800000,
    "link": "https://www.sec.gov/Archives/edgar/data/935703/000093570325000061/0000935703-25-000061-index.htm",
    "finalLink": "https://www.sec.gov/Archives/edgar/data/935703/000093570325000061/dltr-20250802.htm"
  },
  {
    "date": "2025-05-03",
    "symbol": "DLTR",
    "reportedCurrency": "USD",
    "cik": "0000935703",
    "fillingDate": "2025-06-04",
    "acceptedDate": "2025-06-04 08:01:44",
    "calendarYear": "2025",
    "period": "Q1",
    "revenue": 4639700000,
    "costOfRevenue": 2987000000,
    "grossProfit": 1652700000,
    "grossProfitRatio": 0.3562083755,
    "researchAndDevelopmentExpenses": 0,
    "generalAndAdministrativeExpenses": 0,
    "sellingAndMarketingExpenses": 0,
    "sellingGeneralAndAdministrativeExpenses": 1268600000,
    "otherExpenses": 0,
    "operatingExpenses": 1268600000,
    "costAndExpenses": 4255600000,
    "interestIncome": 0,
    "interestExpense": 22700000,
    "depreciationAndAmortization": 151100000,
    "ebitda": 596900000,
    "ebitdaratio": 0.1286505593,
    "operatingIncome": 384100000,
    "operatingIncomeRatio": 0.0827855249,
    "totalOtherIncomeExpensesNet": 39000000,
    "incomeBeforeTax": 423100000,
    "incomeBeforeTaxRatio": 0.0911912408,
    "incomeTaxExpense": 109600000,
    "netIncome": 343400000,
    "netIncomeRatio": 0.074013406,
    "eps": 1.61,
    "epsdiluted": 1.61,
    "weightedAverageShsOut": 213600000,
    "weightedAverageShsOutDil": 213900000,
    "link": "https://www.sec.gov/Archives/edgar/data/935703/000093570325000026/0000935703-25-000026-index.htm",
    "finalLink": "https://www.sec.gov/Archives/edgar/data/935703/000093570325000026/dltr-20250503.htm"
  },
  {
    "date": "2025-02-01",
    "symbol": "DLTR",
    "reportedCurrency": "USD",
    "cik": "0000935703",
    "fillingDate": "2025-03-26",
    "acceptedDate": "2025-03-26 16:13:49",
    "calendarYear": "2024",
    "period": "Q4",
    "revenue": 4999800000,
    "costOfRevenue": 3116900000,
    "grossProfit": 1882900000,
    "grossProfitRatio": 0.3765950638,
    "researchAndDevelopmentExpenses": 0,
    "generalAndAdministrativeExpenses": 0,
    "sellingAndMarketingExpenses": 0,
    "sellingGeneralAndAdministrativeExpenses": 1349300000,
    "otherExpenses": 0,
    "operatingExpenses": 1349300000,
    "costAndExpenses": 4466200000,
    "interestIncome": 0,
    "interestExpense": 26700000,
    "depreciationAndAmortization": 0,
    "ebitda": 562900000,
    "ebitdaratio": 0.1125845034,
    "operatingIncome": 533600000,
    "operatingIncomeRatio": 0.106724269,
    "totalOtherIncomeExpensesNet": 6700000,
    "incomeBeforeTax": 540300000,
    "incomeBeforeTaxRatio": 0.1080643226,
    "incomeTaxExpense": 140100000,
    "netIncome": -3695900000,
    "netIncomeRatio": -0.7392095684,
    "eps": -17.18,
    "epsdiluted": -17.17,
    "weightedAverageShsOut": 215100000,
    "weightedAverageShsOutDil": 215300000,
    "link": "https://www.sec.gov/Archives/edgar/data/935703/000093570325000015/0000935703-25-000015-index.htm",
    "finalLink": "https://www.sec.gov/Archives/edgar/data/935703/000093570325000015/dltr-20250201.htm"
  },
  {
    "date": "2024-11-02",
    "symbol": "DLTR",
    "reportedCurrency": "USD",
    "cik": "0000935703",
    "fillingDate": "2024-12-04",
    "acceptedDate": "2024-12-04 07:43:56",
    "calendarYear": "2024",
    "period": "Q3",
    "revenue": 7568200000,
    "costOfRevenue": 5224300000,
    "grossProfit": 2343900000,
    "grossProfitRatio": 0.3097037605,
    "researchAndDevelopmentExpenses": 0,
    "generalAndAdministrativeExpenses": 0,
    "sellingAndMarketingExpenses": 0,
    "sellingGeneralAndAdministrativeExpenses": 2010500000,
    "otherExpenses": 0,
    "operatingExpenses": 2010500000,
    "costAndExpenses": 7234800000,
    "interestIncome": 0,
    "interestExpense": 27500000,
    "depreciationAndAmortization": 256100000,
    "ebitda": 589400000,
    "ebitdaratio": 0.0778784916,
    "operatingIncome": 333400000,
    "operatingIncomeRatio": 0.044052747,
    "totalOtherIncomeExpensesNet": -27600000,
    "incomeBeforeTax": 305800000,
    "incomeBeforeTaxRatio": 0.0404059089,
    "incomeTaxExpense": 72500000,
    "netIncome": 233300000,
    "netIncomeRatio": 0.0308263524,
    "eps": 1.09,
    "epsdiluted": 1.08,
    "weightedAverageShsOut": 215000000,
    "weightedAverageShsOutDil": 215200000,
    "link": "https://www.sec.gov/Archives/edgar/data/935703/000093570324000059/0000935703-24-000059-index.htm",
    "finalLink": "https://www.sec.gov/Archives/edgar/data/935703/000093570324000059/dltr-20241102.htm"
  },
  {
    "date": "2024-08-03",
    "symbol": "DLTR",
    "reportedCurrency": "USD",
    "cik": "0000935703",
    "fillingDate": "2024-09-04",
    "acceptedDate": "2024-09-04 07:43:40",
    "calendarYear": "2024",
    "period": "Q2",
    "revenue": 7378800000,
    "costOfRevenue": 5158200000,
    "grossProfit": 2220600000,
    "grossProfitRatio": 0.3009432428,
    "researchAndDevelopmentExpenses": 0,
    "generalAndAdministrativeExpenses": 0,
    "sellingAndMarketingExpenses": 0,
    "sellingGeneralAndAdministrativeExpenses": 2017500000,
    "otherExpenses": 0,
    "operatingExpenses": 2017500000,
    "costAndExpenses": 7175700000,
    "interestIncome": 0,
    "interestExpense": 28900000,
    "depreciationAndAmortization": 361600000,
    "ebitda": 564700000,
    "ebitdaratio": 0.0765300591,
    "operatingIncome": 203100000,
    "operatingIncomeRatio": 0.0275248008,
    "totalOtherIncomeExpensesNet": -28900000,
    "incomeBeforeTax": 174200000,
    "incomeBeforeTaxRatio": 0.0236081748,
    "incomeTaxExpense": 41800000,
    "netIncome": 132400000,
    "netIncomeRatio": 0.017943297,
    "eps": 0.62,
    "epsdiluted": 0.62,
    "weightedAverageShsOut": 215000000,
    "weightedAverageShsOutDil": 215200000,
    "link": "https://www.sec.gov/Archives/edgar/data/935703/000093570324000041/0000935703-24-000041-index.htm",
    "finalLink": "https://www.sec.gov/Archives/edgar/data/935703/000093570324000041/dltr-20240803.htm"
  },
  {
    "date": "2024-05-04",
    "symbol": "DLTR",
    "reportedCurrency": "USD",
    "cik": "0000935703",
    "fillingDate": "2024-06-05",
    "acceptedDate": "2024-06-05 11:13:20",
    "calendarYear": "2024",
    "period": "Q1",
    "revenue": 4168900000,
    "costOfRevenue": 2689100000,
    "grossProfit": 1479800000,
    "grossProfitRatio": 0.3549617405,
    "researchAndDevelopmentExpenses": 0,
    "generalAndAdministrativeExpenses": 0,
    "sellingAndMarketingExpenses": 0,
    "sellingGeneralAndAdministrativeExpenses": 1097900000,
    "otherExpenses": 0,
    "operatingExpenses": 1097900000,
    "costAndExpenses": 3787000000,
    "interestIncome": 0,
    "interestExpense": 26700000,
    "depreciationAndAmortization": 119000000,
    "ebitda": 500800000,
    "ebitdaratio": 0.1201276116,
    "operatingIncome": 381900000,
    "operatingIncomeRatio": 0.0916068987,
    "totalOtherIncomeExpensesNet": -26800000,
    "incomeBeforeTax": 355100000,
    "incomeBeforeTaxRatio": 0.0851783444,
    "incomeTaxExpense": 87400000,
    "netIncome": 300100000,
    "netIncomeRatio": 0.0719854158,
    "eps": 1.38,
    "epsdiluted": 1.38,
    "weightedAverageShsOut": 217800000,
    "weightedAverageShsOutDil": 218100000,
    "link": "https://www.sec.gov/Archives/edgar/data/935703/000093570324000029/0000935703-24-000029-index.htm",
    "finalLink": "https://www.sec.gov/Archives/edgar/data/935703/000093570324000029/dltr-20240504.htm"
  },
  {
    "date": "2024-02-03",
    "symbol": "DLTR",
    "reportedCurrency": "USD",
    "cik": "0000935703",
    "fillingDate": "2024-03-20",
    "acceptedDate": "2024-03-20 16:30:22",
    "calendarYear": "2023",
    "period": "Q4",
    "revenue": 8639900000,
    "costOfRevenue": 5861400000,
    "grossProfit": 2778500000,
    "grossProfitRatio": 0.3215893702,
    "researchAndDevelopmentExpenses": 0,
    "generalAndAdministrativeExpenses": 0,
    "sellingAndMarketingExpenses": 0,
    "sellingGeneralAndAdministrativeExpenses": 3600500000,
    "otherExpenses": 1069000000,
    "operatingExpenses": 4669500000,
    "costAndExpenses": 10530900000,
    "interestIncome": 0,
    "interestExpense": 26300000,
    "depreciationAndAmortization": 226200000,
    "ebitda": -1664700000,
    "ebitdaratio": -0.1926758412,
    "operatingIncome": -1891000000,
    "operatingIncomeRatio": -0.2188682739,
    "totalOtherIncomeExpensesNet": -26200000,
    "incomeBeforeTax": -1917200000,
    "incomeBeforeTaxRatio": -0.2219007164,
    "incomeTaxExpense": -207400000,
    "netIncome": -1709800000,
    "netIncomeRatio": -0.197895809,
    "eps": -7.85,
    "epsdiluted": -7.85,
    "weightedAverageShsOut": 217900000,
    "weightedAverageShsOutDil": 217900000,
    "link": "https://www.sec.gov/Archives/edgar/data/935703/000093570324000011/0000935703-24-000011-index.htm",
    "finalLink": "https://www.sec.gov/Archives/edgar/data/935703/000093570324000011/dltr-20240203.htm"
  },
  {
    "date": "2023-10-28",
    "symbol": "DLTR",
    "reportedCurrency": "USD",
    "cik": "0000935703",
    "fillingDate": "2023-11-29",
    "acceptedDate": "2023-11-29 09:04:21",
    "calendarYear": "2023",
    "period": "Q3",
    "revenue": 7314800000,
    "costOfRevenue": 5136100000,
    "grossProfit": 2178700000,
    "grossProfitRatio": 0.2978481982,
    "researchAndDevelopmentExpenses": 0,
    "generalAndAdministrativeExpenses": 0,
    "sellingAndMarketingExpenses": 0,
    "sellingGeneralAndAdministrativeExpenses": 1877000000,
    "otherExpenses": 0,
    "operatingExpenses": 1877000000,
    "costAndExpenses": 7013100000,
    "interestIncome": 0,
    "interestExpense": 30400000,
    "depreciationAndAmortization": 215800000,
    "ebitda": 517300000,
    "ebitdaratio": 0.0707196369,
    "operatingIncome": 301700000,
    "operatingIncomeRatio": 0.0412451468,
    "totalOtherIncomeExpensesNet": -30600000,
    "incomeBeforeTax": 271100000,
    "incomeBeforeTaxRatio": 0.0370618472,
    "incomeTaxExpense": 59100000,
    "netIncome": 212000000,
    "netIncomeRatio": 0.0289823372,
    "eps": 0.97,
    "epsdiluted": 0.97,
    "weightedAverageShsOut": 218900000,
    "weightedAverageShsOutDil": 219200000,
    "link": "https://www.sec.gov/Archives/edgar/data/935703/000093570323000063/0000935703-23-000063-index.htm",
    "finalLink": "https://www.sec.gov/Archives/edgar/data/935703/000093570323000063/dltr-20231028.htm"
  },
  {
    "date": "2023-07-29",
    "symbol": "DLTR",
    "reportedCurrency": "USD",
    "cik": "0000935703",
    "fillingDate": "2023-08-24",
    "acceptedDate": "2023-08-24 09:15:25",
    "calendarYear": "2023",
    "period": "Q2",
    "revenue": 7325300000,
    "costOfRevenue": 5185400000,
    "grossProfit": 2139900000,
    "grossProfitRatio": 0.2921245546,
    "researchAndDevelopmentExpenses": 0,
    "generalAndAdministrativeExpenses": 0,
    "sellingAndMarketingExpenses": 0,
    "sellingGeneralAndAdministrativeExpenses": 1852100000,
    "otherExpenses": 0,
    "operatingExpenses": 1852100000,
    "costAndExpenses": 7037500000,
    "interestIncome": 0,
    "interestExpense": 24200000,
    "depreciationAndAmortization": 202600000,
    "ebitda": 490500000,
    "ebitdaratio": 0.066959715,
    "operatingIncome": 287800000,
    "operatingIncomeRatio": 0.0392884933,
    "totalOtherIncomeExpensesNet": -24100000,
    "incomeBeforeTax": 263700000,
    "incomeBeforeTaxRatio": 0.0359985257,
    "incomeTaxExpense": 63300000,
    "netIncome": 200400000,
    "netIncomeRatio": 0.0273572413,
    "eps": 0.91,
    "epsdiluted": 0.91,
    "weightedAverageShsOut": 220100000,
    "weightedAverageShsOutDil": 220500000,
    "link": "https://www.sec.gov/Archives/edgar/data/935703/000093570323000050/0000935703-23-000050-index.htm",
    "finalLink": "https://www.sec.gov/Archives/edgar/data/935703/000093570323000050/dltr-20230729.htm"
  },
  {
    "date": "2023-04-29",
    "symbol": "DLTR",
    "reportedCurrency": "USD",
    "cik": "0000935703",
    "fillingDate": "2023-05-25",
    "acceptedDate": "2023-05-25 09:18:06",
    "calendarYear": "2023",
    "period": "Q1",
    "revenue": 7323800000,
    "costOfRevenue": 5089100000,
    "grossProfit": 2234700000,
    "grossProfitRatio": 0.3051284852,
    "researchAndDevelopmentExpenses": 0,
    "generalAndAdministrativeExpenses": 0,
    "sellingAndMarketingExpenses": 0,
    "sellingGeneralAndAdministrativeExpenses": 1815000000,
    "otherExpenses": 0,
    "operatingExpenses": 1815000000,
    "costAndExpenses": 6904100000,
    "interestIncome": 0,
    "interestExpense": 25900000,
    "depreciationAndAmortization": 196400000,
    "ebitda": 616000000,
    "ebitdaratio": 0.0841093421,
    "operatingIncome": 419700000,
    "operatingIncomeRatio": 0.0573063164,
    "totalOtherIncomeExpensesNet": -26000000,
    "incomeBeforeTax": 393700000,
    "incomeBeforeTaxRatio": 0.0537562468,
    "incomeTaxExpense": 94700000,
    "netIncome": 299000000,
    "netIncomeRatio": 0.0408258008,
    "eps": 1.35,
    "epsdiluted": 1.35,
    "weightedAverageShsOut": 221100000,
    "weightedAverageShsOutDil": 221700000,
    "link": "https://www.sec.gov/Archives/edgar/data/935703/000093570323000031/0000935703-23-000031-index.htm",
    "finalLink": "https://www.sec.gov/Archives/edgar/data/935703/000093570323000031/dltr-20230429.htm"
  },
  {
    "date": "2023-01-28",
    "symbol": "DLTR",
    "reportedCurrency": "USD",
    "cik": "0000935703",
    "fillingDate": "2023-03-10",
    "acceptedDate": "2023-03-10 16:04:41",
    "calendarYear": "2022",
    "period": "Q4",
    "revenue": 7720700000,
    "costOfRevenue": 5330700000,
    "grossProfit": 2390000000,
    "grossProfitRatio": 0.3095574235,
    "researchAndDevelopmentExpenses": 0,
    "generalAndAdministrativeExpenses": 0,
    "sellingAndMarketingExpenses": 0,
    "sellingGeneralAndAdministrativeExpenses": 1771900000,
    "otherExpenses": 0,
    "operatingExpenses": 1771900000,
    "costAndExpenses": 7102600000,
    "interestIncome": 0,
    "interestExpense": 28000000,
    "depreciationAndAmortization": 196500000,
    "ebitda": 814500000,
    "ebitdaratio": 0.1054956157,
    "operatingIncome": 618100000,
    "operatingIncomeRatio": 0.0800575077,
    "totalOtherIncomeExpensesNet": -28100000,
    "incomeBeforeTax": 590000000,
    "incomeBeforeTaxRatio": 0.0764179414,
    "incomeTaxExpense": 137800000,
    "netIncome": 452200000,
    "netIncomeRatio": 0.0585698188,
    "eps": 2.05,
    "epsdiluted": 2.04,
    "weightedAverageShsOut": 221100000,
    "weightedAverageShsOutDil": 221900000,
    "link": "https://www.sec.gov/Archives/edgar/data/935703/000093570323000016/0000935703-23-000016-index.htm",
    "finalLink": "https://www.sec.gov/Archives/edgar/data/935703/000093570323000016/dltr-20230128.htm"
  },
  {
    "date": "2022-10-29",
    "symbol": "DLTR",
    "reportedCurrency": "USD",
    "cik": "0000935703",
    "fillingDate": "2022-11-22",
    "acceptedDate": "2022-11-22 09:16:14",
    "calendarYear": "2022",
    "period": "Q3",
    "revenue": 6939900000,
    "costOfRevenue": 4865100000,
    "grossProfit": 2074800000,
    "grossProfitRatio": 0.2989668439,
    "researchAndDevelopmentExpenses": 0,
    "generalAndAdministrativeExpenses": 0,
    "sellingAndMarketingExpenses": 0,
    "sellingGeneralAndAdministrativeExpenses": 1693500000,
    "otherExpenses": 0,
    "operatingExpenses": 1693500000,
    "costAndExpenses": 6558600000,
    "interestIncome": 0,
    "interestExpense": 32700000,
    "depreciationAndAmortization": 189000000,
    "ebitda": 570100000,
    "ebitdaratio": 0.0821481578,
    "operatingIncome": 381300000,
    "operatingIncomeRatio": 0.0549431548,
    "totalOtherIncomeExpensesNet": -32900000,
    "incomeBeforeTax": 348400000,
    "incomeBeforeTaxRatio": 0.0502024525,
    "incomeTaxExpense": 81500000,
    "netIncome": 266900000,
    "netIncomeRatio": 0.0384587674,
    "eps": 1.2,
    "epsdiluted": 1.2,
    "weightedAverageShsOut": 222200000,
    "weightedAverageShsOutDil": 223000000,
    "link": "https://www.sec.gov/Archives/edgar/data/935703/000093570322000073/0000935703-22-000073-index.htm",
    "finalLink": "https://www.sec.gov/Archives/edgar/data/935703/000093570322000073/dltr-20221029.htm"
  },
  {
    "date": "2022-07-30",
    "symbol": "DLTR",
    "reportedCurrency": "USD",
    "cik": "0000935703",
    "fillingDate": "2022-08-25",
    "acceptedDate": "2022-08-25 09:16:08",
    "calendarYear": "2022",
    "period": "Q2",
    "revenue": 6768500000,
    "costOfRevenue": 4640900000,
    "grossProfit": 2127600000,
    "grossProfitRatio": 0.3143384797,
    "researchAndDevelopmentExpenses": 0,
    "generalAndAdministrativeExpenses": 0,
    "sellingAndMarketingExpenses": 0,
    "sellingGeneralAndAdministrativeExpenses": 1622200000,
    "otherExpenses": 0,
    "operatingExpenses": 1622200000,
    "costAndExpenses": 6263100000,
    "interestIncome": 0,
    "interestExpense": 30600000,
    "depreciationAndAmortization": 193500000,
    "ebitda": 698800000,
    "ebitdaratio": 0.1032429637,
    "operatingIncome": 505400000,
    "operatingIncomeRatio": 0.0746694245,
    "totalOtherIncomeExpensesNet": -30700000,
    "incomeBeforeTax": 474700000,
    "incomeBeforeTaxRatio": 0.0701337076,
    "incomeTaxExpense": 114800000,
    "netIncome": 359900000,
    "netIncomeRatio": 0.0531727857,
    "eps": 1.61,
    "epsdiluted": 1.6,
    "weightedAverageShsOut": 224200000,
    "weightedAverageShsOutDil": 225000000,
    "link": "https://www.sec.gov/Archives/edgar/data/935703/000093570322000062/0000935703-22-000062-index.htm",
    "finalLink": "https://www.sec.gov/Archives/edgar/data/935703/000093570322000062/dltr-20220730.htm"
  },
  {
    "date": "2022-04-30",
    "symbol": "DLTR",
    "reportedCurrency": "USD",
    "cik": "0000935703",
    "fillingDate": "2022-05-26",
    "acceptedDate": "2022-05-26 09:18:40",
    "calendarYear": "2022",
    "period": "Q1",
    "revenue": 6902600000,
    "costOfRevenue": 4559600000,
    "grossProfit": 2343000000,
    "grossProfitRatio": 0.3394373135,
    "researchAndDevelopmentExpenses": 0,
    "generalAndAdministrativeExpenses": 0,
    "sellingAndMarketingExpenses": 0,
    "sellingGeneralAndAdministrativeExpenses": 1611500000,
    "otherExpenses": 0,
    "operatingExpenses": 1611500000,
    "costAndExpenses": 6171100000,
    "interestIncome": 0,
    "interestExpense": 34000000,
    "depreciationAndAmortization": 188900000,
    "ebitda": 920400000,
    "ebitdaratio": 0.1333410599,
    "operatingIncome": 731500000,
    "operatingIncomeRatio": 0.1059745603,
    "totalOtherIncomeExpensesNet": -34000000,
    "incomeBeforeTax": 697500000,
    "incomeBeforeTaxRatio": 0.1010488801,
    "incomeTaxExpense": 161100000,
    "netIncome": 536400000,
    "netIncomeRatio": 0.0777098485,
    "eps": 2.38,
    "epsdiluted": 2.37,
    "weightedAverageShsOut": 225300000,
    "weightedAverageShsOutDil": 226400000,
    "link": "https://www.sec.gov/Archives/edgar/data/935703/000093570322000045/0000935703-22-000045-index.htm",
    "finalLink": "https://www.sec.gov/Archives/edgar/data/935703/000093570322000045/dltr-20220430.htm"
  },
  {
    "date": "2022-01-29",
    "symbol": "DLTR",
    "reportedCurrency": "USD",
    "cik": "0000935703",
    "fillingDate": "2022-03-15",
    "acceptedDate": "2022-03-15 08:07:20",
    "calendarYear": "2021",
    "period": "Q4",
    "revenue": 7080600000,
    "costOfRevenue": 4940300000,
    "grossProfit": 2140300000,
    "grossProfitRatio": 0.3022766432,
    "researchAndDevelopmentExpenses": 0,
    "generalAndAdministrativeExpenses": 0,
    "sellingAndMarketingExpenses": 0,
    "sellingGeneralAndAdministrativeExpenses": 1561500000,
    "otherExpenses": 0,
    "operatingExpenses": 1561500000,
    "costAndExpenses": 6501800000,
    "interestIncome": 0,
    "interestExpense": 79500000,
    "depreciationAndAmortization": 188700000,
    "ebitda": 767400000,
    "ebitdaratio": 0.1083806457,
    "operatingIncome": 578800000,
    "operatingIncomeRatio": 0.0817444849,
    "totalOtherIncomeExpensesNet": -79600000,
    "incomeBeforeTax": 499200000,
    "incomeBeforeTaxRatio": 0.0705024998,
    "incomeTaxExpense": 45000000,
    "netIncome": 454200000,
    "netIncomeRatio": 0.0641471062,
    "eps": 2.02,
    "epsdiluted": 2.01,
    "weightedAverageShsOut": 225000000,
    "weightedAverageShsOutDil": 226300000,
    "link": "https://www.sec.gov/Archives/edgar/data/935703/000093570322000020/0000935703-22-000020-index.htm",
    "finalLink": "https://www.sec.gov/Archives/edgar/data/935703/000093570322000020/dltr-20220129.htm"
  },
  {
    "date": "2021-10-30",
    "symbol": "DLTR",
    "reportedCurrency": "USD",
    "cik": "0000935703",
    "fillingDate": "2021-11-23",
    "acceptedDate": "2021-11-23 09:20:24",
    "calendarYear": "2021",
    "period": "Q3",
    "revenue": 6417700000,
    "costOfRevenue": 4651700000,
    "grossProfit": 1766000000,
    "grossProfitRatio": 0.2751764651,
    "researchAndDevelopmentExpenses": 0,
    "generalAndAdministrativeExpenses": 0,
    "sellingAndMarketingExpenses": 0,
    "sellingGeneralAndAdministrativeExpenses": 1455500000,
    "otherExpenses": 0,
    "operatingExpenses": 1455500000,
    "costAndExpenses": 6107200000,
    "interestIncome": 0,
    "interestExpense": 33400000,
    "depreciationAndAmortization": 178500000,
    "ebitda": 488800000,
    "ebitdaratio": 0.0761643579,
    "operatingIncome": 310500000,
    "operatingIncomeRatio": 0.048381819,
    "totalOtherIncomeExpensesNet": -33600000,
    "incomeBeforeTax": 276900000,
    "incomeBeforeTaxRatio": 0.0431462985,
    "incomeTaxExpense": 60100000,
    "netIncome": 216800000,
    "netIncomeRatio": 0.0337815728,
    "eps": 0.96,
    "epsdiluted": 0.96,
    "weightedAverageShsOut": 224900000,
    "weightedAverageShsOutDil": 225800000,
    "link": "https://www.sec.gov/Archives/edgar/data/935703/000093570321000058/0000935703-21-000058-index.htm",
    "finalLink": "https://www.sec.gov/Archives/edgar/data/935703/000093570321000058/dltr-20211030.htm"
  },
  {
    "date": "2021-07-31",
    "symbol": "DLTR",
    "reportedCurrency": "USD",
    "cik": "0000935703",
    "fillingDate": "2021-08-26",
    "acceptedDate": "2021-08-26 09:18:50",
    "calendarYear": "2021",
    "period": "Q2",
    "revenue": 6343200000,
    "costOfRevenue": 4479200000,
    "grossProfit": 1864000000,
    "grossProfitRatio": 0.2938579897,
    "researchAndDevelopmentExpenses": 0,
    "generalAndAdministrativeExpenses": 0,
    "sellingAndMarketingExpenses": 0,
    "sellingGeneralAndAdministrativeExpenses": 1461800000,
    "otherExpenses": 0,
    "operatingExpenses": 1461800000,
    "costAndExpenses": 5941000000,
    "interestIncome": 0,
    "interestExpense": 33000000,
    "depreciationAndAmortization": 176100000,
    "ebitda": 578300000,
    "ebitdaratio": 0.0911684954,
    "operatingIncome": 402200000,
    "operatingIncomeRatio": 0.0634064825,
    "totalOtherIncomeExpensesNet": -33000000,
    "incomeBeforeTax": 369200000,
    "incomeBeforeTaxRatio": 0.058204061,
    "incomeTaxExpense": 86800000,
    "netIncome": 282400000,
    "netIncomeRatio": 0.044520116,
    "eps": 1.24,
    "epsdiluted": 1.23,
    "weightedAverageShsOut": 228600000,
    "weightedAverageShsOutDil": 229500000,
    "link": "https://www.sec.gov/Archives/edgar/data/935703/000093570321000043/0000935703-21-000043-index.htm",
    "finalLink": "https://www.sec.gov/Archives/edgar/data/935703/000093570321000043/dltr-20210731.htm"
  },
  {
    "date": "2021-05-01",
    "symbol": "DLTR",
    "reportedCurrency": "USD",
    "cik": "0000935703",
    "fillingDate": "2021-05-27",
    "acceptedDate": "2021-05-27 09:18:24",
    "calendarYear": "2021",
    "period": "Q1",
    "revenue": 6479700000,
    "costOfRevenue": 4512700000,
    "grossProfit": 1967000000,
    "grossProfitRatio": 0.3035634366,
    "researchAndDevelopmentExpenses": 0,
    "generalAndAdministrativeExpenses": 0,
    "sellingAndMarketingExpenses": 0,
    "sellingGeneralAndAdministrativeExpenses": 1447100000,
    "otherExpenses": 0,
    "operatingExpenses": 1447100000,
    "costAndExpenses": 5959800000,
    "interestIncome": 0,
    "interestExpense": 33000000,
    "depreciationAndAmortization": 172700000,
    "ebitda": 692600000,
    "ebitdaratio": 0.1068876646,
    "operatingIncome": 519900000,
    "operatingIncomeRatio": 0.0802351961,
    "totalOtherIncomeExpensesNet": -33000000,
    "incomeBeforeTax": 486900000,
    "incomeBeforeTaxRatio": 0.0751423677,
    "incomeTaxExpense": 112400000,
    "netIncome": 374500000,
    "netIncomeRatio": 0.0577958856,
    "eps": 1.61,
    "epsdiluted": 1.6,
    "weightedAverageShsOut": 233200000,
    "weightedAverageShsOutDil": 234400000,
    "link": "https://www.sec.gov/Archives/edgar/data/935703/000093570321000029/0000935703-21-000029-index.htm",
    "finalLink": "https://www.sec.gov/Archives/edgar/data/935703/000093570321000029/dltr-20210501.htm"
  },
  {
    "date": "2021-01-30",
    "symbol": "DLTR",
    "reportedCurrency": "USD",
    "cik": "0000935703",
    "fillingDate": "2021-03-16",
    "acceptedDate": "2021-03-16 08:50:43",
    "calendarYear": "2020",
    "period": "Q4",
    "revenue": 6767900000,
    "costOfRevenue": 4615100000,
    "grossProfit": 2152800000,
    "grossProfitRatio": 0.3180898063,
    "researchAndDevelopmentExpenses": 0,
    "generalAndAdministrativeExpenses": 0,
    "sellingAndMarketingExpenses": 0,
    "sellingGeneralAndAdministrativeExpenses": 1471200000,
    "otherExpenses": 0,
    "operatingExpenses": 1471200000,
    "costAndExpenses": 6086300000,
    "interestIncome": 0,
    "interestExpense": 34200000,
    "depreciationAndAmortization": 182900000,
    "ebitda": 864500000,
    "ebitdaratio": 0.1277353389,
    "operatingIncome": 681600000,
    "operatingIncomeRatio": 0.1007107079,
    "totalOtherIncomeExpensesNet": -34200000,
    "incomeBeforeTax": 647400000,
    "incomeBeforeTaxRatio": 0.0956574417,
    "incomeTaxExpense": 144600000,
    "netIncome": 502800000,
    "netIncomeRatio": 0.0742918778,
    "eps": 2.14,
    "epsdiluted": 2.13,
    "weightedAverageShsOut": 234600000,
    "weightedAverageShsOutDil": 235900000,
    "link": "https://www.sec.gov/Archives/edgar/data/935703/000093570321000014/0000935703-21-000014-index.htm",
    "finalLink": "https://www.sec.gov/Archives/edgar/data/935703/000093570321000014/dltr-20210130.htm"
  },
  {
    "date": "2020-10-31",
    "symbol": "DLTR",
    "reportedCurrency": "USD",
    "cik": "0000935703",
    "fillingDate": "2020-11-24",
    "acceptedDate": "2020-11-24 09:16:45",
    "calendarYear": "2020",
    "period": "Q3",
    "revenue": 6177000000,
    "costOfRevenue": 4252600000,
    "grossProfit": 1924400000,
    "grossProfitRatio": 0.3115428201,
    "researchAndDevelopmentExpenses": 0,
    "generalAndAdministrativeExpenses": 0,
    "sellingAndMarketingExpenses": 0,
    "sellingGeneralAndAdministrativeExpenses": 1458900000,
    "otherExpenses": 0,
    "operatingExpenses": 1458900000,
    "costAndExpenses": 5711500000,
    "interestIncome": 0,
    "interestExpense": 38100000,
    "depreciationAndAmortization": 170100000,
    "ebitda": 635500000,
    "ebitdaratio": 0.1028816578,
    "operatingIncome": 465500000,
    "operatingIncomeRatio": 0.0753602072,
    "totalOtherIncomeExpensesNet": -38200000,
    "incomeBeforeTax": 427300000,
    "incomeBeforeTaxRatio": 0.0691759754,
    "incomeTaxExpense": 97300000,
    "netIncome": 330000000,
    "netIncomeRatio": 0.0534239922,
    "eps": 1.39,
    "epsdiluted": 1.39,
    "weightedAverageShsOut": 236800000,
    "weightedAverageShsOutDil": 237900000,
    "link": "https://www.sec.gov/Archives/edgar/data/935703/000093570320000066/0000935703-20-000066-index.htm",
    "finalLink": "https://www.sec.gov/Archives/edgar/data/935703/000093570320000066/dltr-2020x10x31x10q.htm"
  },
  {
    "date": "2020-08-01",
    "symbol": "DLTR",
    "reportedCurrency": "USD",
    "cik": "0000935703",
    "fillingDate": "2020-08-27",
    "acceptedDate": "2020-08-27 09:17:56",
    "calendarYear": "2020",
    "period": "Q2",
    "revenue": 6277600000,
    "costOfRevenue": 4361400000,
    "grossProfit": 1916200000,
    "grossProfitRatio": 0.3052440423,
    "researchAndDevelopmentExpenses": 0,
    "generalAndAdministrativeExpenses": 0,
    "sellingAndMarketingExpenses": 0,
    "sellingGeneralAndAdministrativeExpenses": 1541300000,
    "otherExpenses": 0,
    "operatingExpenses": 1541300000,
    "costAndExpenses": 5902700000,
    "interestIncome": 0,
    "interestExpense": 34800000,
    "depreciationAndAmortization": 168100000,
    "ebitda": 542800000,
    "ebitdaratio": 0.0864661654,
    "operatingIncome": 374900000,
    "operatingIncomeRatio": 0.0597202753,
    "totalOtherIncomeExpensesNet": -35000000,
    "incomeBeforeTax": 339900000,
    "incomeBeforeTaxRatio": 0.0541448961,
    "incomeTaxExpense": 78400000,
    "netIncome": 261500000,
    "netIncomeRatio": 0.0416560469,
    "eps": 1.1,
    "epsdiluted": 1.1,
    "weightedAverageShsOut": 237300000,
    "weightedAverageShsOutDil": 238100000,
    "link": "https://www.sec.gov/Archives/edgar/data/935703/000093570320000055/0000935703-20-000055-index.htm",
    "finalLink": "https://www.sec.gov/Archives/edgar/data/935703/000093570320000055/dltr-2020x08x01x10q.htm"
  },
  {
    "date": "2020-05-02",
    "symbol": "DLTR",
    "reportedCurrency": "USD",
    "cik": "0000935703",
    "fillingDate": "2020-05-28",
    "acceptedDate": "2020-05-28 09:18:17",
    "calendarYear": "2020",
    "period": "Q1",
    "revenue": 6286800000,
    "costOfRevenue": 4491900000,
    "grossProfit": 1794900000,
    "grossProfitRatio": 0.2855029586,
    "researchAndDevelopmentExpenses": 0,
    "generalAndAdministrativeExpenses": 0,
    "sellingAndMarketingExpenses": 0,
    "sellingGeneralAndAdministrativeExpenses": 1429000000,
    "otherExpenses": 0,
    "operatingExpenses": 1429000000,
    "costAndExpenses": 5920900000,
    "interestIncome": 0,
    "interestExpense": 40200000,
    "depreciationAndAmortization": 165500000,
    "ebitda": 530900000,
    "ebitdaratio": 0.0844467774,
    "operatingIncome": 365900000,
    "operatingIncomeRatio": 0.0582013107,
    "totalOtherIncomeExpensesNet": -40700000,
    "incomeBeforeTax": 325200000,
    "incomeBeforeTaxRatio": 0.0517274289,
    "incomeTaxExpense": 77600000,
    "netIncome": 247600000,
    "netIncomeRatio": 0.0393841064,
    "eps": 1.05,
    "epsdiluted": 1.04,
    "weightedAverageShsOut": 236900000,
    "weightedAverageShsOutDil": 237400000,
    "link": "https://www.sec.gov/Archives/edgar/data/935703/000093570320000027/0000935703-20-000027-index.htm",
    "finalLink": "https://www.sec.gov/Archives/edgar/data/935703/000093570320000027/dltr-2020x05x02x10q.htm"
  },
  {
    "date": "2020-02-01",
    "symbol": "DLTR",
    "reportedCurrency": "USD",
    "cik": "0000935703",
    "fillingDate": "2020-03-20",
    "acceptedDate": "2020-03-20 09:00:36",
    "calendarYear": "2019",
    "period": "Q4",
    "revenue": 6315300000,
    "costOfRevenue": 4354800000,
    "grossProfit": 1960500000,
    "grossProfitRatio": 0.3104365588,
    "researchAndDevelopmentExpenses": 0,
    "generalAndAdministrativeExpenses": 0,
    "sellingAndMarketingExpenses": 0,
    "sellingGeneralAndAdministrativeExpenses": 1398100000,
    "otherExpenses": 313000000,
    "operatingExpenses": 1711100000,
    "costAndExpenses": 6065900000,
    "interestIncome": 0,
    "interestExpense": 39200000,
    "depreciationAndAmortization": 179100000,
    "ebitda": 427800000,
    "ebitdaratio": 0.0677402499,
    "operatingIncome": 249400000,
    "operatingIncomeRatio": 0.0394913939,
    "totalOtherIncomeExpensesNet": -39900000,
    "incomeBeforeTax": 209500000,
    "incomeBeforeTaxRatio": 0.0331734043,
    "incomeTaxExpense": 86500000,
    "netIncome": 123000000,
    "netIncomeRatio": 0.0194765094,
    "eps": 0.52,
    "epsdiluted": 0.52,
    "weightedAverageShsOut": 236700000,
    "weightedAverageShsOutDil": 237500000,
    "link": "https://www.sec.gov/Archives/edgar/data/935703/000093570320000006/0000935703-20-000006-index.htm",
    "finalLink": "https://www.sec.gov/Archives/edgar/data/935703/000093570320000006/dltr-2020x02x01x10k.htm"
  },
  {
    "date": "2019-11-02",
    "symbol": "DLTR",
    "reportedCurrency": "USD",
    "cik": "0000935703",
    "fillingDate": "2019-11-26",
    "acceptedDate": "2019-11-26 09:15:11",
    "calendarYear": "2019",
    "period": "Q3",
    "revenue": 5746200000,
    "costOfRevenue": 4041700000,
    "grossProfit": 1704500000,
    "grossProfitRatio": 0.2966308169,
    "researchAndDevelopmentExpenses": 0,
    "generalAndAdministrativeExpenses": 0,
    "sellingAndMarketingExpenses": 0,
    "sellingGeneralAndAdministrativeExpenses": 1346100000,
    "otherExpenses": 0,
    "operatingExpenses": 1346100000,
    "costAndExpenses": 5387800000,
    "interestIncome": 0,
    "interestExpense": 41400000,
    "depreciationAndAmortization": 160000000,
    "ebitda": 518300000,
    "ebitdaratio": 0.09019874,
    "operatingIncome": 358400000,
    "operatingIncomeRatio": 0.0623716543,
    "totalOtherIncomeExpensesNet": -41500000,
    "incomeBeforeTax": 316900000,
    "incomeBeforeTaxRatio": 0.0551494901,
    "incomeTaxExpense": 61100000,
    "netIncome": 255800000,
    "netIncomeRatio": 0.044516376,
    "eps": 1.08,
    "epsdiluted": 1.08,
    "weightedAverageShsOut": 236700000,
    "weightedAverageShsOutDil": 237500000,
    "link": "https://www.sec.gov/Archives/edgar/data/935703/000093570319000054/0000935703-19-000054-index.htm",
    "finalLink": "https://www.sec.gov/Archives/edgar/data/935703/000093570319000054/dltr-2019x11x02x10q.htm"
  },
  {
    "date": "2019-08-03",
    "symbol": "DLTR",
    "reportedCurrency": "USD",
    "cik": "0000935703",
    "fillingDate": "2019-08-29",
    "acceptedDate": "2019-08-29 09:19:12",
    "calendarYear": "2019",
    "period": "Q2",
    "revenue": 5740600000,
    "costOfRevenue": 4092100000,
    "grossProfit": 1648500000,
    "grossProfitRatio": 0.2871651047,
    "researchAndDevelopmentExpenses": 0,
    "generalAndAdministrativeExpenses": 0,
    "sellingAndMarketingExpenses": 0,
    "sellingGeneralAndAdministrativeExpenses": 1379600000,
    "otherExpenses": 0,
    "operatingExpenses": 1379600000,
    "costAndExpenses": 5471700000,
    "interestIncome": 0,
    "interestExpense": 40100000,
    "depreciationAndAmortization": 155100000,
    "ebitda": 423600000,
    "ebitdaratio": 0.0737901961,
    "operatingIncome": 268900000,
    "operatingIncomeRatio": 0.0468417935,
    "totalOtherIncomeExpensesNet": -40500000,
    "incomeBeforeTax": 228400000,
    "incomeBeforeTaxRatio": 0.0397867819,
    "incomeTaxExpense": 48100000,
    "netIncome": 180300000,
    "netIncomeRatio": 0.0314078668,
    "eps": 0.76,
    "epsdiluted": 0.76,
    "weightedAverageShsOut": 237600000,
    "weightedAverageShsOutDil": 238300000,
    "link": "https://www.sec.gov/Archives/edgar/data/935703/000093570319000045/0000935703-19-000045-index.htm",
    "finalLink": "https://www.sec.gov/Archives/edgar/data/935703/000093570319000045/dltr-2019x08x03x10q.htm"
  },
  {
    "date": "2019-05-04",
    "symbol": "DLTR",
    "reportedCurrency": "USD",
    "cik": "0000935703",
    "fillingDate": "2019-05-31",
    "acceptedDate": "2019-05-31 17:28:53",
    "calendarYear": "2019",
    "period": "Q1",
    "revenue": 5808700000,
    "costOfRevenue": 4081500000,
    "grossProfit": 1727200000,
    "grossProfitRatio": 0.2973470828,
    "researchAndDevelopmentExpenses": 0,
    "generalAndAdministrativeExpenses": 0,
    "sellingAndMarketingExpenses": 0,
    "sellingGeneralAndAdministrativeExpenses": 1341700000,
    "otherExpenses": 0,
    "operatingExpenses": 1341700000,
    "costAndExpenses": 5423200000,
    "interestIncome": 0,
    "interestExpense": 41400000,
    "depreciationAndAmortization": 151200000,
    "ebitda": 536500000,
    "ebitdaratio": 0.0923614578,
    "operatingIncome": 385500000,
    "operatingIncomeRatio": 0.0663659683,
    "totalOtherIncomeExpensesNet": -41600000,
    "incomeBeforeTax": 343900000,
    "incomeBeforeTaxRatio": 0.059204297,
    "incomeTaxExpense": 76000000,
    "netIncome": 267900000,
    "netIncomeRatio": 0.0461204745,
    "eps": 1.13,
    "epsdiluted": 1.12,
    "weightedAverageShsOut": 238000000,
    "weightedAverageShsOutDil": 239100000,
    "link": "https://www.sec.gov/Archives/edgar/data/935703/000093570319000036/0000935703-19-000036-index.htm",
    "finalLink": "https://www.sec.gov/Archives/edgar/data/935703/000093570319000036/dltr-2019x05x04x10q.htm"
  },
  {
    "date": "2019-02-02",
    "symbol": "DLTR",
    "reportedCurrency": "USD",
    "cik": "0000935703",
    "fillingDate": "2019-03-27",
    "acceptedDate": "2019-03-27 17:26:05",
    "calendarYear": "2018",
    "period": "Q4",
    "revenue": 6205200000,
    "costOfRevenue": 4293100000,
    "grossProfit": 1912100000,
    "grossProfitRatio": 0.3081447818,
    "researchAndDevelopmentExpenses": 0,
    "generalAndAdministrativeExpenses": 0,
    "sellingAndMarketingExpenses": 0,
    "sellingGeneralAndAdministrativeExpenses": 1332500000,
    "otherExpenses": 2727000000,
    "operatingExpenses": 4059500000,
    "costAndExpenses": 8352600000,
    "interestIncome": 0,
    "interestExpense": 46300000,
    "depreciationAndAmortization": 166700000,
    "ebitda": -1981100000,
    "ebitdaratio": -0.3192644878,
    "operatingIncome": -2147400000,
    "operatingIncomeRatio": -0.346064591,
    "totalOtherIncomeExpensesNet": -46700000,
    "incomeBeforeTax": -2194100000,
    "incomeBeforeTaxRatio": -0.353590537,
    "incomeTaxExpense": 112900000,
    "netIncome": -2307000000,
    "netIncomeRatio": -0.3717849546,
    "eps": -9.69,
    "epsdiluted": -9.66,
    "weightedAverageShsOut": 238000000,
    "weightedAverageShsOutDil": 238900000,
    "link": "https://www.sec.gov/Archives/edgar/data/935703/000093570319000024/0000935703-19-000024-index.htm",
    "finalLink": "https://www.sec.gov/Archives/edgar/data/935703/000093570319000024/dltr-2019x02x02x10k.htm"
  },
  {
    "date": "2018-11-03",
    "symbol": "DLTR",
    "reportedCurrency": "USD",
    "cik": "0000935703",
    "fillingDate": "2018-11-29",
    "acceptedDate": "2018-11-29 09:16:12",
    "calendarYear": "2018",
    "period": "Q3",
    "revenue": 5538800000,
    "costOfRevenue": 3866900000,
    "grossProfit": 1671900000,
    "grossProfitRatio": 0.3018523868,
    "researchAndDevelopmentExpenses": 0,
    "generalAndAdministrativeExpenses": 0,
    "sellingAndMarketingExpenses": 0,
    "sellingGeneralAndAdministrativeExpenses": 1284100000,
    "otherExpenses": 0,
    "operatingExpenses": 1284100000,
    "costAndExpenses": 5151000000,
    "interestIncome": 0,
    "interestExpense": 47600000,
    "depreciationAndAmortization": 150400000,
    "ebitda": 538000000,
    "ebitdaratio": 0.097132953,
    "operatingIncome": 387800000,
    "operatingIncomeRatio": 0.0700151657,
    "totalOtherIncomeExpensesNet": -47800000,
    "incomeBeforeTax": 340000000,
    "incomeBeforeTaxRatio": 0.0613851376,
    "incomeTaxExpense": 58200000,
    "netIncome": 281800000,
    "netIncomeRatio": 0.0508774464,
    "eps": 1.18,
    "epsdiluted": 1.18,
    "weightedAverageShsOut": 237900000,
    "weightedAverageShsOutDil": 238700000,
    "link": "https://www.sec.gov/Archives/edgar/data/935703/000093570318000058/0000935703-18-000058-index.htm",
    "finalLink": "https://www.sec.gov/Archives/edgar/data/935703/000093570318000058/dltr-2018x11x03x10q.htm"
  },
  {
    "date": "2018-08-04",
    "symbol": "DLTR",
    "reportedCurrency": "USD",
    "cik": "0000935703",
    "fillingDate": "2018-08-30",
    "acceptedDate": "2018-08-30 09:25:36",
    "calendarYear": "2018",
    "period": "Q2",
    "revenue": 5525600000,
    "costOfRevenue": 3861700000,
    "grossProfit": 1663900000,
    "grossProfitRatio": 0.3011256696,
    "researchAndDevelopmentExpenses": 0,
    "generalAndAdministrativeExpenses": 0,
    "sellingAndMarketingExpenses": 0,
    "sellingGeneralAndAdministrativeExpenses": 1281400000,
    "otherExpenses": 0,
    "operatingExpenses": 1281400000,
    "costAndExpenses": 5143100000,
    "interestIncome": 0,
    "interestExpense": 46100000,
    "depreciationAndAmortization": 152500000,
    "ebitda": 536300000,
    "ebitdaratio": 0.0970573331,
    "operatingIncome": 382500000,
    "operatingIncomeRatio": 0.0692232518,
    "totalOtherIncomeExpensesNet": -44800000,
    "incomeBeforeTax": 337700000,
    "incomeBeforeTaxRatio": 0.061115535,
    "incomeTaxExpense": 63800000,
    "netIncome": 273900000,
    "netIncomeRatio": 0.0495692775,
    "eps": 1.15,
    "epsdiluted": 1.15,
    "weightedAverageShsOut": 237900000,
    "weightedAverageShsOutDil": 238600000,
    "link": "https://www.sec.gov/Archives/edgar/data/935703/000093570318000045/0000935703-18-000045-index.htm",
    "finalLink": "https://www.sec.gov/Archives/edgar/data/935703/000093570318000045/dltr-2018x08x04x10q.htm"
  },
  {
    "date": "2018-05-05",
    "symbol": "DLTR",
    "reportedCurrency": "USD",
    "cik": "0000935703",
    "fillingDate": "2018-05-31",
    "acceptedDate": "2018-05-31 09:22:47",
    "calendarYear": "2018",
    "period": "Q1",
    "revenue": 5553700000,
    "costOfRevenue": 3854100000,
    "grossProfit": 1699600000,
    "grossProfitRatio": 0.3060302141,
    "researchAndDevelopmentExpenses": 0,
    "generalAndAdministrativeExpenses": 0,
    "sellingAndMarketingExpenses": 0,
    "sellingGeneralAndAdministrativeExpenses": 1262000000,
    "otherExpenses": 0,
    "operatingExpenses": 1262000000,
    "costAndExpenses": 5116100000,
    "interestIncome": 0,
    "interestExpense": 230000000,
    "depreciationAndAmortization": 151500000,
    "ebitda": 588900000,
    "ebitdaratio": 0.1060374165,
    "operatingIncome": 437600000,
    "operatingIncomeRatio": 0.0787943173,
    "totalOtherIncomeExpensesNet": -230200000,
    "incomeBeforeTax": 207400000,
    "incomeBeforeTaxRatio": 0.0373444731,
    "incomeTaxExpense": 46900000,
    "netIncome": 160500000,
    "netIncomeRatio": 0.0288996525,
    "eps": 0.68,
    "epsdiluted": 0.67,
    "weightedAverageShsOut": 237500000,
    "weightedAverageShsOutDil": 238500000,
    "link": "https://www.sec.gov/Archives/edgar/data/935703/000093570318000028/0000935703-18-000028-index.htm",
    "finalLink": "https://www.sec.gov/Archives/edgar/data/935703/000093570318000028/dltr-2018x05x05x10q.htm"
  },
  {
    "date": "2018-02-03",
    "symbol": "DLTR",
    "reportedCurrency": "USD",
    "cik": "0000935703",
    "fillingDate": "2018-03-16",
    "acceptedDate": "2018-03-16 09:18:52",
    "calendarYear": "2017",
    "period": "Q4",
    "revenue": 6360600000,
    "costOfRevenue": 4259600000,
    "grossProfit": 2101000000,
    "grossProfitRatio": 0.3303147502,
    "researchAndDevelopmentExpenses": 0,
    "generalAndAdministrativeExpenses": 0,
    "sellingAndMarketingExpenses": 0,
    "sellingGeneralAndAdministrativeExpenses": 1370400000,
    "otherExpenses": -35000000,
    "operatingExpenses": 1335400000,
    "costAndExpenses": 5595000000,
    "interestIncome": 0,
    "interestExpense": 81600000,
    "depreciationAndAmortization": 156600000,
    "ebitda": 929700000,
    "ebitdaratio": 0.1461654561,
    "operatingIncome": 765600000,
    "operatingIncomeRatio": 0.1203660032,
    "totalOtherIncomeExpensesNet": -74100000,
    "incomeBeforeTax": 691500000,
    "incomeBeforeTaxRatio": 0.1087161589,
    "incomeTaxExpense": -348600000,
    "netIncome": 1040100000,
    "netIncomeRatio": 0.1635223092,
    "eps": 4.38,
    "epsdiluted": 4.37,
    "weightedAverageShsOut": 237200000,
    "weightedAverageShsOutDil": 238200000,
    "link": "https://www.sec.gov/Archives/edgar/data/935703/000093570318000013/0000935703-18-000013-index.htm",
    "finalLink": "https://www.sec.gov/Archives/edgar/data/935703/000093570318000013/dltr-2018x02x03x10k.htm"
  },
  {
    "date": "2017-10-28",
    "symbol": "DLTR",
    "reportedCurrency": "USD",
    "cik": "0000935703",
    "fillingDate": "2017-11-21",
    "acceptedDate": "2017-11-21 09:14:36",
    "calendarYear": "2017",
    "period": "Q3",
    "revenue": 5316600000,
    "costOfRevenue": 3650600000,
    "grossProfit": 1666000000,
    "grossProfitRatio": 0.3133581612,
    "researchAndDevelopmentExpenses": 0,
    "generalAndAdministrativeExpenses": 0,
    "sellingAndMarketingExpenses": 0,
    "sellingGeneralAndAdministrativeExpenses": 1240800000,
    "otherExpenses": 0,
    "operatingExpenses": 1240800000,
    "costAndExpenses": 4891400000,
    "interestIncome": 0,
    "interestExpense": 69700000,
    "depreciationAndAmortization": 149400000,
    "ebitda": 574200000,
    "ebitdaratio": 0.1080013542,
    "operatingIncome": 425200000,
    "operatingIncomeRatio": 0.0799759245,
    "totalOtherIncomeExpensesNet": -70100000,
    "incomeBeforeTax": 355100000,
    "incomeBeforeTaxRatio": 0.0667908062,
    "incomeTaxExpense": 115200000,
    "netIncome": 239900000,
    "netIncomeRatio": 0.0451228229,
    "eps": 1.01,
    "epsdiluted": 1.01,
    "weightedAverageShsOut": 236900000,
    "weightedAverageShsOutDil": 237800000,
    "link": "https://www.sec.gov/Archives/edgar/data/935703/000093570317000053/0000935703-17-000053-index.htm",
    "finalLink": "https://www.sec.gov/Archives/edgar/data/935703/000093570317000053/dltr-2017x10x28x10q.htm"
  },
  {
    "date": "2017-07-29",
    "symbol": "DLTR",
    "reportedCurrency": "USD",
    "cik": "0000935703",
    "fillingDate": "2017-08-24",
    "acceptedDate": "2017-08-24 09:13:54",
    "calendarYear": "2017",
    "period": "Q2",
    "revenue": 5281200000,
    "costOfRevenue": 3653400000,
    "grossProfit": 1627800000,
    "grossProfitRatio": 0.3082254033,
    "researchAndDevelopmentExpenses": 0,
    "generalAndAdministrativeExpenses": 0,
    "sellingAndMarketingExpenses": 0,
    "sellingGeneralAndAdministrativeExpenses": 1205700000,
    "otherExpenses": 2600000,
    "operatingExpenses": 1208300000,
    "costAndExpenses": 4861700000,
    "interestIncome": 0,
    "interestExpense": 75800000,
    "depreciationAndAmortization": 151300000,
    "ebitda": 570700000,
    "ebitdaratio": 0.1080625615,
    "operatingIncome": 419500000,
    "operatingIncomeRatio": 0.0794327047,
    "totalOtherIncomeExpensesNet": -75900000,
    "incomeBeforeTax": 343600000,
    "incomeBeforeTaxRatio": 0.065060971,
    "incomeTaxExpense": 109800000,
    "netIncome": 233800000,
    "netIncomeRatio": 0.0442702416,
    "eps": 0.99,
    "epsdiluted": 0.98,
    "weightedAverageShsOut": 236700000,
    "weightedAverageShsOutDil": 237400000,
    "link": "https://www.sec.gov/Archives/edgar/data/935703/000093570317000043/0000935703-17-000043-index.htm",
    "finalLink": "https://www.sec.gov/Archives/edgar/data/935703/000093570317000043/dltr-2017x07x29x10q.htm"
  },
  {
    "date": "2017-04-29",
    "symbol": "DLTR",
    "reportedCurrency": "USD",
    "cik": "0000935703",
    "fillingDate": "2017-05-25",
    "acceptedDate": "2017-05-25 09:25:53",
    "calendarYear": "2017",
    "period": "Q1",
    "revenue": 5287100000,
    "costOfRevenue": 3660000000,
    "grossProfit": 1627100000,
    "grossProfitRatio": 0.3077490496,
    "researchAndDevelopmentExpenses": 0,
    "generalAndAdministrativeExpenses": 0,
    "sellingAndMarketingExpenses": 0,
    "sellingGeneralAndAdministrativeExpenses": 1187400000,
    "otherExpenses": 50900000,
    "operatingExpenses": 1238300000,
    "costAndExpenses": 4898300000,
    "interestIncome": 0,
    "interestExpense": 74700000,
    "depreciationAndAmortization": 153900000,
    "ebitda": 542400000,
    "ebitdaratio": 0.1025893212,
    "operatingIncome": 388800000,
    "operatingIncomeRatio": 0.073537478,
    "totalOtherIncomeExpensesNet": -75000000,
    "incomeBeforeTax": 313800000,
    "incomeBeforeTaxRatio": 0.0593520077,
    "incomeTaxExpense": 113300000,
    "netIncome": 200500000,
    "netIncomeRatio": 0.0379224906,
    "eps": 0.85,
    "epsdiluted": 0.85,
    "weightedAverageShsOut": 236300000,
    "weightedAverageShsOutDil": 237300000,
    "link": "https://www.sec.gov/Archives/edgar/data/935703/000093570317000026/0000935703-17-000026-index.htm",
    "finalLink": "https://www.sec.gov/Archives/edgar/data/935703/000093570317000026/dltr-2017x04x29x10q.htm"
  },
  {
    "date": "2017-01-28",
    "symbol": "DLTR",
    "reportedCurrency": "USD",
    "cik": "0000935703",
    "fillingDate": "2017-03-28",
    "acceptedDate": "2017-03-28 16:33:05",
    "calendarYear": "2016",
    "period": "Q4",
    "revenue": 5635500000,
    "costOfRevenue": 3828200000,
    "grossProfit": 1807300000,
    "grossProfitRatio": 0.3206991394,
    "researchAndDevelopmentExpenses": 0,
    "generalAndAdministrativeExpenses": 0,
    "sellingAndMarketingExpenses": 0,
    "sellingGeneralAndAdministrativeExpenses": 1220800000,
    "otherExpenses": 0,
    "operatingExpenses": 1220800000,
    "costAndExpenses": 5049000000,
    "interestIncome": 0,
    "interestExpense": 88800000,
    "depreciationAndAmortization": 155700000,
    "ebitda": 742200000,
    "ebitdaratio": 0.1317008251,
    "operatingIncome": 586500000,
    "operatingIncomeRatio": 0.1040723982,
    "totalOtherIncomeExpensesNet": -88800000,
    "incomeBeforeTax": 497700000,
    "incomeBeforeTaxRatio": 0.0883151451,
    "incomeTaxExpense": 175900000,
    "netIncome": 321800000,
    "netIncomeRatio": 0.0571022979,
    "eps": 1.36,
    "epsdiluted": 1.36,
    "weightedAverageShsOut": 236100000,
    "weightedAverageShsOutDil": 237100000,
    "link": "https://www.sec.gov/Archives/edgar/data/935703/000093570317000011/0000935703-17-000011-index.htm",
    "finalLink": "https://www.sec.gov/Archives/edgar/data/935703/000093570317000011/dltr-2017x01x28x10k.htm"
  },
  {
    "date": "2016-10-29",
    "symbol": "DLTR",
    "reportedCurrency": "USD",
    "cik": "0000935703",
    "fillingDate": "2016-12-06",
    "acceptedDate": "2016-12-06 07:41:24",
    "calendarYear": "2016",
    "period": "Q3",
    "revenue": 5001600000,
    "costOfRevenue": 3481100000,
    "grossProfit": 1520500000,
    "grossProfitRatio": 0.3040027191,
    "researchAndDevelopmentExpenses": 0,
    "generalAndAdministrativeExpenses": 0,
    "sellingAndMarketingExpenses": 0,
    "sellingGeneralAndAdministrativeExpenses": 1178100000,
    "otherExpenses": 0,
    "operatingExpenses": 1178100000,
    "costAndExpenses": 4659200000,
    "interestIncome": 0,
    "interestExpense": 112100000,
    "depreciationAndAmortization": 157600000,
    "ebitda": 499900000,
    "ebitdaratio": 0.0999480166,
    "operatingIncome": 342400000,
    "operatingIncomeRatio": 0.0684580934,
    "totalOtherIncomeExpensesNet": -112200000,
    "incomeBeforeTax": 230200000,
    "incomeBeforeTaxRatio": 0.0460252719,
    "incomeTaxExpense": 58600000,
    "netIncome": 171600000,
    "netIncomeRatio": 0.0343090211,
    "eps": 0.73,
    "epsdiluted": 0.72,
    "weightedAverageShsOut": 235800000,
    "weightedAverageShsOutDil": 236900000,
    "link": "https://www.sec.gov/Archives/edgar/data/935703/000093570316000168/0000935703-16-000168-index.htm",
    "finalLink": "https://www.sec.gov/Archives/edgar/data/935703/000093570316000168/dltr-2016x10x29x10q.htm"
  },
  {
    "date": "2016-07-30",
    "symbol": "DLTR",
    "reportedCurrency": "USD",
    "cik": "0000935703",
    "fillingDate": "2016-09-02",
    "acceptedDate": "2016-09-02 08:35:19",
    "calendarYear": "2016",
    "period": "Q2",
    "revenue": 4996300000,
    "costOfRevenue": 3483900000,
    "grossProfit": 1512400000,
    "grossProfitRatio": 0.302704001,
    "researchAndDevelopmentExpenses": 0,
    "generalAndAdministrativeExpenses": 0,
    "sellingAndMarketingExpenses": 0,
    "sellingGeneralAndAdministrativeExpenses": 1155200000,
    "otherExpenses": 0,
    "operatingExpenses": 1155200000,
    "costAndExpenses": 4639100000,
    "interestIncome": 0,
    "interestExpense": 87300000,
    "depreciationAndAmortization": 161900000,
    "ebitda": 519100000,
    "ebitdaratio": 0.1038968837,
    "operatingIncome": 357200000,
    "operatingIncomeRatio": 0.0714929047,
    "totalOtherIncomeExpensesNet": -87300000,
    "incomeBeforeTax": 269900000,
    "incomeBeforeTaxRatio": 0.0540199748,
    "incomeTaxExpense": 99700000,
    "netIncome": 170200000,
    "netIncomeRatio": 0.0340652083,
    "eps": 0.72,
    "epsdiluted": 0.72,
    "weightedAverageShsOut": 235600000,
    "weightedAverageShsOutDil": 236700000,
    "link": "https://www.sec.gov/Archives/edgar/data/935703/000093570316000160/0000935703-16-000160-index.htm",
    "finalLink": "https://www.sec.gov/Archives/edgar/data/935703/000093570316000160/dltr-2016x07x30x10q.htm"
  },
  {
    "date": "2016-04-30",
    "symbol": "DLTR",
    "reportedCurrency": "USD",
    "cik": "0000935703",
    "fillingDate": "2016-06-09",
    "acceptedDate": "2016-06-09 09:28:56",
    "calendarYear": "2016",
    "period": "Q1",
    "revenue": 5085800000,
    "costOfRevenue": 3531200000,
    "grossProfit": 1554600000,
    "grossProfitRatio": 0.3056746235,
    "researchAndDevelopmentExpenses": 0,
    "generalAndAdministrativeExpenses": 0,
    "sellingAndMarketingExpenses": 0,
    "sellingGeneralAndAdministrativeExpenses": 1135900000,
    "otherExpenses": 0,
    "operatingExpenses": 1135900000,
    "costAndExpenses": 4667100000,
    "interestIncome": 0,
    "interestExpense": 87300000,
    "depreciationAndAmortization": 162300000,
    "ebitda": 581200000,
    "ebitdaratio": 0.1142789728,
    "operatingIncome": 418700000,
    "operatingIncomeRatio": 0.0823272641,
    "totalOtherIncomeExpensesNet": -87100000,
    "incomeBeforeTax": 331600000,
    "incomeBeforeTaxRatio": 0.0652011483,
    "incomeTaxExpense": 98900000,
    "netIncome": 232700000,
    "netIncomeRatio": 0.0457548468,
    "eps": 0.99,
    "epsdiluted": 0.98,
    "weightedAverageShsOut": 235300000,
    "weightedAverageShsOutDil": 236400000,
    "link": "https://www.sec.gov/Archives/edgar/data/935703/000093570316000143/0000935703-16-000143-index.htm",
    "finalLink": "https://www.sec.gov/Archives/edgar/data/935703/000093570316000143/dltr-2016x04x30x10q.htm"
  },
  {
    "date": "2016-01-30",
    "symbol": "DLTR",
    "reportedCurrency": "USD",
    "cik": "0000935703",
    "fillingDate": "2016-03-28",
    "acceptedDate": "2016-03-28 17:05:51",
    "calendarYear": "2015",
    "period": "Q4",
    "revenue": 5365300000,
    "costOfRevenue": 3712700000,
    "grossProfit": 1652600000,
    "grossProfitRatio": 0.3080163271,
    "researchAndDevelopmentExpenses": 0,
    "generalAndAdministrativeExpenses": 0,
    "sellingAndMarketingExpenses": 0,
    "sellingGeneralAndAdministrativeExpenses": 1182800000,
    "otherExpenses": 0,
    "operatingExpenses": 1182800000,
    "costAndExpenses": 4895500000,
    "interestIncome": 0,
    "interestExpense": 114800000,
    "depreciationAndAmortization": 175100000,
    "ebitda": 642400000,
    "ebitdaratio": 0.1197323542,
    "operatingIncome": 469800000,
    "operatingIncomeRatio": 0.0875626712,
    "totalOtherIncomeExpensesNet": -117300000,
    "incomeBeforeTax": 352500000,
    "incomeBeforeTaxRatio": 0.0656999609,
    "incomeTaxExpense": 123500000,
    "netIncome": 229000000,
    "netIncomeRatio": 0.0426816767,
    "eps": 0.97,
    "epsdiluted": 0.97,
    "weightedAverageShsOut": 234900000,
    "weightedAverageShsOutDil": 236000000,
    "link": "https://www.sec.gov/Archives/edgar/data/935703/000093570316000127/0000935703-16-000127-index.htm",
    "finalLink": "https://www.sec.gov/Archives/edgar/data/935703/000093570316000127/dltr-2016x01x30x10k.htm"
  },
  {
    "date": "2015-10-31",
    "symbol": "DLTR",
    "reportedCurrency": "USD",
    "cik": "0000935703",
    "fillingDate": "2015-11-24",
    "acceptedDate": "2015-11-24 09:15:33",
    "calendarYear": "2015",
    "period": "Q3",
    "revenue": 4945200000,
    "costOfRevenue": 3545200000,
    "grossProfit": 1400000000,
    "grossProfitRatio": 0.2831028068,
    "researchAndDevelopmentExpenses": 0,
    "generalAndAdministrativeExpenses": 0,
    "sellingAndMarketingExpenses": 0,
    "sellingGeneralAndAdministrativeExpenses": 1176300000,
    "otherExpenses": 0,
    "operatingExpenses": 1176300000,
    "costAndExpenses": 4721500000,
    "interestIncome": 0,
    "interestExpense": 98400000,
    "depreciationAndAmortization": 174900000,
    "ebitda": 398000000,
    "ebitdaratio": 0.0804820836,
    "operatingIncome": 223700000,
    "operatingIncomeRatio": 0.0452357842,
    "totalOtherIncomeExpensesNet": -99000000,
    "incomeBeforeTax": 124700000,
    "incomeBeforeTaxRatio": 0.0252163714,
    "incomeTaxExpense": 42800000,
    "netIncome": 81900000,
    "netIncomeRatio": 0.0165615142,
    "eps": 0.35,
    "epsdiluted": 0.35,
    "weightedAverageShsOut": 234700000,
    "weightedAverageShsOutDil": 235700000,
    "link": "https://www.sec.gov/Archives/edgar/data/935703/000093570315000109/0000935703-15-000109-index.htm",
    "finalLink": "https://www.sec.gov/Archives/edgar/data/935703/000093570315000109/dltr-2015x10x31x10q.htm"
  },
  {
    "date": "2015-08-01",
    "symbol": "DLTR",
    "reportedCurrency": "USD",
    "cik": "0000935703",
    "fillingDate": "2015-09-01",
    "acceptedDate": "2015-09-01 09:24:42",
    "calendarYear": "2015",
    "period": "Q2",
    "revenue": 3011200000,
    "costOfRevenue": 2156000000,
    "grossProfit": 855200000,
    "grossProfitRatio": 0.2840063762,
    "researchAndDevelopmentExpenses": 0,
    "generalAndAdministrativeExpenses": 0,
    "sellingAndMarketingExpenses": 0,
    "sellingGeneralAndAdministrativeExpenses": 731800000,
    "otherExpenses": 0,
    "operatingExpenses": 731800000,
    "costAndExpenses": 2887800000,
    "interestIncome": 0,
    "interestExpense": 263900000,
    "depreciationAndAmortization": 84800000,
    "ebitda": 206500000,
    "ebitdaratio": 0.0685773114,
    "operatingIncome": 123400000,
    "operatingIncomeRatio": 0.0409803401,
    "totalOtherIncomeExpensesNet": -265600000,
    "incomeBeforeTax": -142200000,
    "incomeBeforeTaxRatio": -0.0472236982,
    "incomeTaxExpense": -44200000,
    "netIncome": -98000000,
    "netIncomeRatio": -0.0325451647,
    "eps": -0.46,
    "epsdiluted": -0.46,
    "weightedAverageShsOut": 213043478,
    "weightedAverageShsOutDil": 214300000,
    "link": "https://www.sec.gov/Archives/edgar/data/935703/000093570315000082/0000935703-15-000082-index.htm",
    "finalLink": "https://www.sec.gov/Archives/edgar/data/935703/000093570315000082/dltr-2015x08x01x10q.htm"
  },
  {
    "date": "2015-05-02",
    "symbol": "DLTR",
    "reportedCurrency": "USD",
    "cik": "0000935703",
    "fillingDate": "2015-05-21",
    "acceptedDate": "2015-05-21 09:14:49",
    "calendarYear": "2015",
    "period": "Q1",
    "revenue": 2176700000,
    "costOfRevenue": 1427800000,
    "grossProfit": 748900000,
    "grossProfitRatio": 0.3440529242,
    "researchAndDevelopmentExpenses": 0,
    "generalAndAdministrativeExpenses": 0,
    "sellingAndMarketingExpenses": 0,
    "sellingGeneralAndAdministrativeExpenses": 516100000,
    "otherExpenses": 0,
    "operatingExpenses": 516100000,
    "costAndExpenses": 1943900000,
    "interestIncome": 0,
    "interestExpense": 122200000,
    "depreciationAndAmortization": 52800000,
    "ebitda": 288200000,
    "ebitdaratio": 0.1324022603,
    "operatingIncome": 232800000,
    "operatingIncomeRatio": 0.106950889,
    "totalOtherIncomeExpensesNet": -119600000,
    "incomeBeforeTax": 113200000,
    "incomeBeforeTaxRatio": 0.0520053292,
    "incomeTaxExpense": 43700000,
    "netIncome": 69500000,
    "netIncomeRatio": 0.0319290669,
    "eps": 0.34,
    "epsdiluted": 0.34,
    "weightedAverageShsOut": 206200000,
    "weightedAverageShsOutDil": 207100000,
    "link": "https://www.sec.gov/Archives/edgar/data/935703/000093570315000050/0000935703-15-000050-index.htm",
    "finalLink": "https://www.sec.gov/Archives/edgar/data/935703/000093570315000050/dltr-2015x05x02x10q.htm"
  },
  {
    "date": "2015-01-31",
    "symbol": "DLTR",
    "reportedCurrency": "USD",
    "cik": "0000935703",
    "fillingDate": "2015-03-13",
    "acceptedDate": "2015-03-13 09:14:43",
    "calendarYear": "2014",
    "period": "Q4",
    "revenue": 2475600000,
    "costOfRevenue": 1557500000,
    "grossProfit": 918100000,
    "grossProfitRatio": 0.3708595896,
    "researchAndDevelopmentExpenses": 0,
    "generalAndAdministrativeExpenses": 0,
    "sellingAndMarketingExpenses": 0,
    "sellingGeneralAndAdministrativeExpenses": 534500000,
    "otherExpenses": 0,
    "operatingExpenses": 534500000,
    "costAndExpenses": 2092000000,
    "interestIncome": 0,
    "interestExpense": 54300000,
    "depreciationAndAmortization": 54400000,
    "ebitda": 433300000,
    "ebitdaratio": 0.175028276,
    "operatingIncome": 383600000,
    "operatingIncomeRatio": 0.1549523348,
    "totalOtherIncomeExpensesNet": -59000000,
    "incomeBeforeTax": 324600000,
    "incomeBeforeTaxRatio": 0.1311197286,
    "incomeTaxExpense": 118100000,
    "netIncome": 239000000,
    "netIncomeRatio": 0.0965422524,
    "eps": 1.16,
    "epsdiluted": 1.16,
    "weightedAverageShsOut": 205700000,
    "weightedAverageShsOutDil": 206800000,
    "link": "https://www.sec.gov/Archives/edgar/data/935703/000093570315000034/0000935703-15-000034-index.htm",
    "finalLink": "https://www.sec.gov/Archives/edgar/data/935703/000093570315000034/dltr-2015x01x31x10k.htm"
  },
  {
    "date": "2014-11-01",
    "symbol": "DLTR",
    "reportedCurrency": "USD",
    "cik": "0000935703",
    "fillingDate": "2014-11-20",
    "acceptedDate": "2014-11-20 09:14:43",
    "calendarYear": "2014",
    "period": "Q3",
    "revenue": 2095200000,
    "costOfRevenue": 1369900000,
    "grossProfit": 725300000,
    "grossProfitRatio": 0.3461722031,
    "researchAndDevelopmentExpenses": 0,
    "generalAndAdministrativeExpenses": 0,
    "sellingAndMarketingExpenses": 0,
    "sellingGeneralAndAdministrativeExpenses": 505600000,
    "otherExpenses": 0,
    "operatingExpenses": 505600000,
    "costAndExpenses": 1875500000,
    "interestIncome": 0,
    "interestExpense": 9300000,
    "depreciationAndAmortization": 50900000,
    "ebitda": 269500000,
    "ebitdaratio": 0.1286273387,
    "operatingIncome": 219700000,
    "operatingIncomeRatio": 0.1048587247,
    "totalOtherIncomeExpensesNet": -10400000,
    "incomeBeforeTax": 209300000,
    "incomeBeforeTaxRatio": 0.0998949981,
    "incomeTaxExpense": 76300000,
    "netIncome": 133000000,
    "netIncomeRatio": 0.0634784269,
    "eps": 0.65,
    "epsdiluted": 0.64,
    "weightedAverageShsOut": 205600000,
    "weightedAverageShsOutDil": 206600000,
    "link": "https://www.sec.gov/Archives/edgar/data/935703/000093570314000081/0000935703-14-000081-index.htm",
    "finalLink": "https://www.sec.gov/Archives/edgar/data/935703/000093570314000081/dltr-2014x11x01x10q.htm"
  },
  {
    "date": "2014-08-02",
    "symbol": "DLTR",
    "reportedCurrency": "USD",
    "cik": "0000935703",
    "fillingDate": "2014-08-21",
    "acceptedDate": "2014-08-21 07:45:53",
    "calendarYear": "2014",
    "period": "Q2",
    "revenue": 2031100000,
    "costOfRevenue": 1337000000,
    "grossProfit": 694100000,
    "grossProfitRatio": 0.3417360051,
    "researchAndDevelopmentExpenses": 0,
    "generalAndAdministrativeExpenses": 0,
    "sellingAndMarketingExpenses": 0,
    "sellingGeneralAndAdministrativeExpenses": 489100000,
    "otherExpenses": 0,
    "operatingExpenses": 489100000,
    "costAndExpenses": 1826100000,
    "interestIncome": 0,
    "interestExpense": 8400000,
    "depreciationAndAmortization": 49900000,
    "ebitda": 254900000,
    "ebitdaratio": 0.1254984984,
    "operatingIncome": 205000000,
    "operatingIncomeRatio": 0.1009305303,
    "totalOtherIncomeExpensesNet": -8400000,
    "incomeBeforeTax": 196600000,
    "incomeBeforeTaxRatio": 0.0967948402,
    "incomeTaxExpense": 75100000,
    "netIncome": 121500000,
    "netIncomeRatio": 0.0598198021,
    "eps": 0.59,
    "epsdiluted": 0.59,
    "weightedAverageShsOut": 205800000,
    "weightedAverageShsOutDil": 206600000,
    "link": "https://www.sec.gov/Archives/edgar/data/935703/000093570314000055/0000935703-14-000055-index.htm",
    "finalLink": "https://www.sec.gov/Archives/edgar/data/935703/000093570314000055/dltr-2014x08x02x10q.htm"
  },
  {
    "date": "2014-05-03",
    "symbol": "DLTR",
    "reportedCurrency": "USD",
    "cik": "0000935703",
    "fillingDate": "2014-05-22",
    "acceptedDate": "2014-05-22 09:15:32",
    "calendarYear": "2014",
    "period": "Q1",
    "revenue": 2000300000,
    "costOfRevenue": 1303700000,
    "grossProfit": 696600000,
    "grossProfitRatio": 0.3482477628,
    "researchAndDevelopmentExpenses": 0,
    "generalAndAdministrativeExpenses": 0,
    "sellingAndMarketingExpenses": 0,
    "sellingGeneralAndAdministrativeExpenses": 464700000,
    "otherExpenses": 0,
    "operatingExpenses": 464700000,
    "costAndExpenses": 1768400000,
    "interestIncome": 0,
    "interestExpense": 8100000,
    "depreciationAndAmortization": 50700000,
    "ebitda": 282600000,
    "ebitdaratio": 0.1412788082,
    "operatingIncome": 231900000,
    "operatingIncomeRatio": 0.1159326101,
    "totalOtherIncomeExpensesNet": -8100000,
    "incomeBeforeTax": 223800000,
    "incomeBeforeTaxRatio": 0.1118832175,
    "incomeTaxExpense": 85500000,
    "netIncome": 138300000,
    "netIncomeRatio": 0.0691396291,
    "eps": 0.67,
    "epsdiluted": 0.67,
    "weightedAverageShsOut": 206800000,
    "weightedAverageShsOutDil": 207700000,
    "link": "https://www.sec.gov/Archives/edgar/data/935703/000093570314000022/0000935703-14-000022-index.htm",
    "finalLink": "https://www.sec.gov/Archives/edgar/data/935703/000093570314000022/dltr-2014x05x03x10q.htm"
  },
  {
    "date": "2014-02-01",
    "symbol": "DLTR",
    "reportedCurrency": "USD",
    "cik": "0000935703",
    "fillingDate": "2014-03-14",
    "acceptedDate": "2014-03-14 09:07:32",
    "calendarYear": "2013",
    "period": "Q4",
    "revenue": 2234900000,
    "costOfRevenue": 1409700000,
    "grossProfit": 825200000,
    "grossProfitRatio": 0.3692335228,
    "researchAndDevelopmentExpenses": 0,
    "generalAndAdministrativeExpenses": 0,
    "sellingAndMarketingExpenses": 0,
    "sellingGeneralAndAdministrativeExpenses": 477000000,
    "otherExpenses": 0,
    "operatingExpenses": 477000000,
    "costAndExpenses": 1886700000,
    "interestIncome": 0,
    "interestExpense": 9000000,
    "depreciationAndAmortization": 50200000,
    "ebitda": 398300000,
    "ebitdaratio": 0.1782182648,
    "operatingIncome": 348200000,
    "operatingIncomeRatio": 0.1558011544,
    "totalOtherIncomeExpensesNet": -9100000,
    "incomeBeforeTax": 339100000,
    "incomeBeforeTaxRatio": 0.1517293839,
    "incomeTaxExpense": 126000000,
    "netIncome": 213000000,
    "netIncomeRatio": 0.0953062777,
    "eps": 1.02,
    "epsdiluted": 1.02,
    "weightedAverageShsOut": 208100000,
    "weightedAverageShsOutDil": 209300000,
    "link": "https://www.sec.gov/Archives/edgar/data/935703/000093570314000008/0000935703-14-000008-index.htm",
    "finalLink": "https://www.sec.gov/Archives/edgar/data/935703/000093570314000008/dltr-2014x02x01x10k.htm"
  },
  {
    "date": "2013-11-02",
    "symbol": "DLTR",
    "reportedCurrency": "USD",
    "cik": "0000935703",
    "fillingDate": "2013-11-21",
    "acceptedDate": "2013-11-21 09:16:11",
    "calendarYear": "2013",
    "period": "Q3",
    "revenue": 1884700000,
    "costOfRevenue": 1224800000,
    "grossProfit": 659900000,
    "grossProfitRatio": 0.3501353,
    "researchAndDevelopmentExpenses": 0,
    "generalAndAdministrativeExpenses": 0,
    "sellingAndMarketingExpenses": 0,
    "sellingGeneralAndAdministrativeExpenses": 455600000,
    "otherExpenses": 0,
    "operatingExpenses": 455600000,
    "costAndExpenses": 1680400000,
    "interestIncome": 0,
    "interestExpense": 5200000,
    "depreciationAndAmortization": 48600000,
    "ebitda": 252600000,
    "ebitdaratio": 0.1340266355,
    "operatingIncome": 204300000,
    "operatingIncomeRatio": 0.1083992147,
    "totalOtherIncomeExpensesNet": -5500000,
    "incomeBeforeTax": 198800000,
    "incomeBeforeTaxRatio": 0.1054809784,
    "incomeTaxExpense": 73400000,
    "netIncome": 125400000,
    "netIncomeRatio": 0.0665357882,
    "eps": 0.58,
    "epsdiluted": 0.58,
    "weightedAverageShsOut": 216600000,
    "weightedAverageShsOutDil": 217600000,
    "link": "https://www.sec.gov/Archives/edgar/data/935703/000093570313000055/0000935703-13-000055-index.htm",
    "finalLink": "https://www.sec.gov/Archives/edgar/data/935703/000093570313000055/dltr-2013x11x02x10q.htm"
  },
  {
    "date": "2013-08-03",
    "symbol": "DLTR",
    "reportedCurrency": "USD",
    "cik": "0000935703",
    "fillingDate": "2013-08-22",
    "acceptedDate": "2013-08-22 09:16:02",
    "calendarYear": "2013",
    "period": "Q2",
    "revenue": 1854900000,
    "costOfRevenue": 1206200000,
    "grossProfit": 648700000,
    "grossProfitRatio": 0.349722357,
    "researchAndDevelopmentExpenses": 0,
    "generalAndAdministrativeExpenses": 0,
    "sellingAndMarketingExpenses": 0,
    "sellingGeneralAndAdministrativeExpenses": 447400000,
    "otherExpenses": 0,
    "operatingExpenses": 447400000,
    "costAndExpenses": 1653600000,
    "interestIncome": 0,
    "interestExpense": 700000,
    "depreciationAndAmortization": 46600000,
    "ebitda": 248100000,
    "ebitdaratio": 0.1337538412,
    "operatingIncome": 201300000,
    "operatingIncomeRatio": 0.1085233705,
    "totalOtherIncomeExpensesNet": -500000,
    "incomeBeforeTax": 200800000,
    "incomeBeforeTaxRatio": 0.1082538142,
    "incomeTaxExpense": 76100000,
    "netIncome": 124700000,
    "netIncomeRatio": 0.0672273438,
    "eps": 0.56,
    "epsdiluted": 0.56,
    "weightedAverageShsOut": 223400000,
    "weightedAverageShsOutDil": 224300000,
    "link": "https://www.sec.gov/Archives/edgar/data/935703/000093570313000040/0000935703-13-000040-index.htm",
    "finalLink": "https://www.sec.gov/Archives/edgar/data/935703/000093570313000040/dltr-2013x08x03x10q.htm"
  },
  {
    "date": "2013-05-04",
    "symbol": "DLTR",
    "reportedCurrency": "USD",
    "cik": "0000935703",
    "fillingDate": "2013-05-23",
    "acceptedDate": "2013-05-23 09:10:37",
    "calendarYear": "2013",
    "period": "Q1",
    "revenue": 1865800000,
    "costOfRevenue": 1209800000,
    "grossProfit": 656000000,
    "grossProfitRatio": 0.3515918105,
    "researchAndDevelopmentExpenses": 0,
    "generalAndAdministrativeExpenses": 0,
    "sellingAndMarketingExpenses": 0,
    "sellingGeneralAndAdministrativeExpenses": 439400000,
    "otherExpenses": 0,
    "operatingExpenses": 439400000,
    "costAndExpenses": 1649200000,
    "interestIncome": 0,
    "interestExpense": 600000,
    "depreciationAndAmortization": 45100000,
    "ebitda": 261300000,
    "ebitdaratio": 0.1400471648,
    "operatingIncome": 216600000,
    "operatingIncomeRatio": 0.116089613,
    "totalOtherIncomeExpensesNet": -1000000,
    "incomeBeforeTax": 215600000,
    "incomeBeforeTaxRatio": 0.1155536499,
    "incomeTaxExpense": 82100000,
    "netIncome": 133500000,
    "netIncomeRatio": 0.0715510773,
    "eps": 0.6,
    "epsdiluted": 0.59,
    "weightedAverageShsOut": 224200000,
    "weightedAverageShsOutDil": 225200000,
    "link": "https://www.sec.gov/Archives/edgar/data/935703/000093570313000029/0000935703-13-000029-index.htm",
    "finalLink": "https://www.sec.gov/Archives/edgar/data/935703/000093570313000029/dltr-2013x05x04x10q.htm"
  },
  {
    "date": "2013-02-02",
    "symbol": "DLTR",
    "reportedCurrency": "USD",
    "cik": "0000935703",
    "fillingDate": "2013-03-15",
    "acceptedDate": "2013-03-15 08:45:57",
    "calendarYear": "2012",
    "period": "Q4",
    "revenue": 2245800000,
    "costOfRevenue": 1395000000,
    "grossProfit": 850800000,
    "grossProfitRatio": 0.3788405023,
    "researchAndDevelopmentExpenses": 0,
    "generalAndAdministrativeExpenses": 0,
    "sellingAndMarketingExpenses": 0,
    "sellingGeneralAndAdministrativeExpenses": 487300000,
    "otherExpenses": 0,
    "operatingExpenses": 487300000,
    "costAndExpenses": 1882300000,
    "interestIncome": 0,
    "interestExpense": 400000,
    "depreciationAndAmortization": 46900000,
    "ebitda": 410200000,
    "ebitdaratio": 0.1826520616,
    "operatingIncome": 363500000,
    "operatingIncomeRatio": 0.1618576899,
    "totalOtherIncomeExpensesNet": -600000,
    "incomeBeforeTax": 362900000,
    "incomeBeforeTaxRatio": 0.1615905245,
    "incomeTaxExpense": 134300000,
    "netIncome": 228600000,
    "netIncomeRatio": 0.101790008,
    "eps": 1.01,
    "epsdiluted": 1.01,
    "weightedAverageShsOut": 225800000,
    "weightedAverageShsOutDil": 227100000,
    "link": "https://www.sec.gov/Archives/edgar/data/935703/000093570313000014/0000935703-13-000014-index.htm",
    "finalLink": "https://www.sec.gov/Archives/edgar/data/935703/000093570313000014/dltr-2013x02x02x10k.htm"
  },
  {
    "date": "2012-10-27",
    "symbol": "DLTR",
    "reportedCurrency": "USD",
    "cik": "0000935703",
    "fillingDate": "2012-11-15",
    "acceptedDate": "2012-11-15 09:17:08",
    "calendarYear": "2012",
    "period": "Q3",
    "revenue": 1720500000,
    "costOfRevenue": 1120900000,
    "grossProfit": 599600000,
    "grossProfitRatio": 0.3485033421,
    "researchAndDevelopmentExpenses": 0,
    "generalAndAdministrativeExpenses": 0,
    "sellingAndMarketingExpenses": 0,
    "sellingGeneralAndAdministrativeExpenses": 415400000,
    "otherExpenses": 0,
    "operatingExpenses": 415400000,
    "costAndExpenses": 1536300000,
    "interestIncome": 0,
    "interestExpense": 800000,
    "depreciationAndAmortization": 43600000,
    "ebitda": 288500000,
    "ebitdaratio": 0.1676838128,
    "operatingIncome": 184200000,
    "operatingIncomeRatio": 0.1070619006,
    "totalOtherIncomeExpensesNet": 59900000,
    "incomeBeforeTax": 244100000,
    "incomeBeforeTaxRatio": 0.1418773612,
    "incomeTaxExpense": 88700000,
    "netIncome": 155400000,
    "netIncomeRatio": 0.0903225806,
    "eps": 0.68,
    "epsdiluted": 0.68,
    "weightedAverageShsOut": 228800000,
    "weightedAverageShsOutDil": 230000000,
    "link": "https://www.sec.gov/Archives/edgar/data/935703/000093570312000076/0000935703-12-000076-index.htm",
    "finalLink": "https://www.sec.gov/Archives/edgar/data/935703/000093570312000076/form10q.htm"
  },
  {
    "date": "2012-07-28",
    "symbol": "DLTR",
    "reportedCurrency": "USD",
    "cik": "0000935703",
    "fillingDate": "2012-08-16",
    "acceptedDate": "2012-08-16 16:05:16",
    "calendarYear": "2012",
    "period": "Q2",
    "revenue": 1704600000,
    "costOfRevenue": 1105000000,
    "grossProfit": 599600000,
    "grossProfitRatio": 0.3517540772,
    "researchAndDevelopmentExpenses": 0,
    "generalAndAdministrativeExpenses": 0,
    "sellingAndMarketingExpenses": 0,
    "sellingGeneralAndAdministrativeExpenses": 415200000,
    "otherExpenses": 0,
    "operatingExpenses": 415200000,
    "costAndExpenses": 1520200000,
    "interestIncome": 0,
    "interestExpense": 1100000,
    "depreciationAndAmortization": 43000000,
    "ebitda": 227400000,
    "ebitdaratio": 0.1334037311,
    "operatingIncome": 184400000,
    "operatingIncomeRatio": 0.1081778716,
    "totalOtherIncomeExpensesNet": -1100000,
    "incomeBeforeTax": 183300000,
    "incomeBeforeTaxRatio": 0.107532559,
    "incomeTaxExpense": 64100000,
    "netIncome": 119200000,
    "netIncomeRatio": 0.069928429,
    "eps": 0.52,
    "epsdiluted": 0.51,
    "weightedAverageShsOut": 231300000,
    "weightedAverageShsOutDil": 232600000,
    "link": "https://www.sec.gov/Archives/edgar/data/935703/000093570312000062/0000935703-12-000062-index.htm",
    "finalLink": "https://www.sec.gov/Archives/edgar/data/935703/000093570312000062/form10q.htm"
  },
  {
    "date": "2012-04-28",
    "symbol": "DLTR",
    "reportedCurrency": "USD",
    "cik": "0000935703",
    "fillingDate": "2012-05-17",
    "acceptedDate": "2012-05-17 09:15:22",
    "calendarYear": "2012",
    "period": "Q1",
    "revenue": 1723600000,
    "costOfRevenue": 1120900000,
    "grossProfit": 602700000,
    "grossProfitRatio": 0.3496750986,
    "researchAndDevelopmentExpenses": 0,
    "generalAndAdministrativeExpenses": 0,
    "sellingAndMarketingExpenses": 0,
    "sellingGeneralAndAdministrativeExpenses": 414700000,
    "otherExpenses": 0,
    "operatingExpenses": 414700000,
    "costAndExpenses": 1535600000,
    "interestIncome": 0,
    "interestExpense": 500000,
    "depreciationAndAmortization": 41800000,
    "ebitda": 230900000,
    "ebitdaratio": 0.1339637967,
    "operatingIncome": 188000000,
    "operatingIncomeRatio": 0.1090740311,
    "totalOtherIncomeExpensesNet": 600000,
    "incomeBeforeTax": 188600000,
    "incomeBeforeTaxRatio": 0.1094221397,
    "incomeTaxExpense": 72500000,
    "netIncome": 116100000,
    "netIncomeRatio": 0.067359016,
    "eps": 0.5,
    "epsdiluted": 0.5,
    "weightedAverageShsOut": 231500000,
    "weightedAverageShsOutDil": 232800000,
    "link": "https://www.sec.gov/Archives/edgar/data/935703/000093570312000028/0000935703-12-000028-index.htm",
    "finalLink": "https://www.sec.gov/Archives/edgar/data/935703/000093570312000028/form10q.htm"
  },
  {
    "date": "2012-01-28",
    "symbol": "DLTR",
    "reportedCurrency": "USD",
    "cik": "0000935703",
    "fillingDate": "2012-03-15",
    "acceptedDate": "2012-03-15 17:26:40",
    "calendarYear": "2011",
    "period": "Q4",
    "revenue": 1945600000,
    "costOfRevenue": 1211100000,
    "grossProfit": 734500000,
    "grossProfitRatio": 0.3775185033,
    "researchAndDevelopmentExpenses": 0,
    "generalAndAdministrativeExpenses": 0,
    "sellingAndMarketingExpenses": 0,
    "sellingGeneralAndAdministrativeExpenses": 432500000,
    "otherExpenses": 0,
    "operatingExpenses": 432500000,
    "costAndExpenses": 1643600000,
    "interestIncome": 0,
    "interestExpense": 0,
    "depreciationAndAmortization": 44000000,
    "ebitda": 346300000,
    "ebitdaratio": 0.1779913651,
    "operatingIncome": 302000000,
    "operatingIncomeRatio": 0.1552220395,
    "totalOtherIncomeExpensesNet": -500000,
    "incomeBeforeTax": 301500000,
    "incomeBeforeTaxRatio": 0.1549650493,
    "incomeTaxExpense": 113600000,
    "netIncome": 187900000,
    "netIncomeRatio": 0.0965768914,
    "eps": 0.81,
    "epsdiluted": 0.8,
    "weightedAverageShsOut": 233200000,
    "weightedAverageShsOutDil": 235200000,
    "link": "https://www.sec.gov/Archives/edgar/data/935703/000093570312000007/0000935703-12-000007-index.htm",
    "finalLink": "https://www.sec.gov/Archives/edgar/data/935703/000093570312000007/form10k.htm"
  },
  {
    "date": "2011-10-29",
    "symbol": "DLTR",
    "reportedCurrency": "USD",
    "cik": "0000935703",
    "fillingDate": "2011-11-17",
    "acceptedDate": "2011-11-17 09:15:32",
    "calendarYear": "2011",
    "period": "Q3",
    "revenue": 1596600000,
    "costOfRevenue": 1036000000,
    "grossProfit": 560600000,
    "grossProfitRatio": 0.3511211324,
    "researchAndDevelopmentExpenses": 0,
    "generalAndAdministrativeExpenses": 0,
    "sellingAndMarketingExpenses": 0,
    "sellingGeneralAndAdministrativeExpenses": 395700000,
    "otherExpenses": 0,
    "operatingExpenses": 395700000,
    "costAndExpenses": 1431700000,
    "interestIncome": 0,
    "interestExpense": 600000,
    "depreciationAndAmortization": 41100000,
    "ebitda": 205900000,
    "ebitdaratio": 0.1289615433,
    "operatingIncome": 164900000,
    "operatingIncomeRatio": 0.1032819742,
    "totalOtherIncomeExpensesNet": -700000,
    "incomeBeforeTax": 164200000,
    "incomeBeforeTaxRatio": 0.1028435425,
    "incomeTaxExpense": 59700000,
    "netIncome": 104500000,
    "netIncomeRatio": 0.0654515846,
    "eps": 0.44,
    "epsdiluted": 0.43,
    "weightedAverageShsOut": 239600000,
    "weightedAverageShsOutDil": 241500000,
    "link": "https://www.sec.gov/Archives/edgar/data/935703/000093570311000058/0000935703-11-000058-index.htm",
    "finalLink": "https://www.sec.gov/Archives/edgar/data/935703/000093570311000058/form10q.htm"
  },
  {
    "date": "2011-07-30",
    "symbol": "DLTR",
    "reportedCurrency": "USD",
    "cik": "0000935703",
    "fillingDate": "2011-08-18",
    "acceptedDate": "2011-08-18 16:16:25",
    "calendarYear": "2011",
    "period": "Q2",
    "revenue": 1542400000,
    "costOfRevenue": 1000000000,
    "grossProfit": 542400000,
    "grossProfitRatio": 0.351659751,
    "researchAndDevelopmentExpenses": 0,
    "generalAndAdministrativeExpenses": 0,
    "sellingAndMarketingExpenses": 0,
    "sellingGeneralAndAdministrativeExpenses": 388900000,
    "otherExpenses": 0,
    "operatingExpenses": 388900000,
    "costAndExpenses": 1388900000,
    "interestIncome": 0,
    "interestExpense": 700000,
    "depreciationAndAmortization": 39600000,
    "ebitda": 192600000,
    "ebitdaratio": 0.124870332,
    "operatingIncome": 153500000,
    "operatingIncomeRatio": 0.0995202282,
    "totalOtherIncomeExpensesNet": -1200000,
    "incomeBeforeTax": 152300000,
    "incomeBeforeTaxRatio": 0.0987422199,
    "incomeTaxExpense": 57400000,
    "netIncome": 94900000,
    "netIncomeRatio": 0.0615274896,
    "eps": 0.39,
    "epsdiluted": 0.39,
    "weightedAverageShsOut": 244600000,
    "weightedAverageShsOutDil": 244600000,
    "link": "https://www.sec.gov/Archives/edgar/data/935703/000093570311000040/0000935703-11-000040-index.htm",
    "finalLink": "https://www.sec.gov/Archives/edgar/data/935703/000093570311000040/form10q.htm"
  },
  {
    "date": "2011-04-30",
    "symbol": "DLTR",
    "reportedCurrency": "USD",
    "cik": "0000935703",
    "fillingDate": "2011-05-19",
    "acceptedDate": "2011-05-19 09:05:48",
    "calendarYear": "2011",
    "period": "Q1",
    "revenue": 1545900000,
    "costOfRevenue": 1005100000,
    "grossProfit": 540800000,
    "grossProfitRatio": 0.3498285788,
    "researchAndDevelopmentExpenses": 0,
    "generalAndAdministrativeExpenses": 0,
    "sellingAndMarketingExpenses": 0,
    "sellingGeneralAndAdministrativeExpenses": 379100000,
    "otherExpenses": 0,
    "operatingExpenses": 379100000,
    "costAndExpenses": 1384200000,
    "interestIncome": 0,
    "interestExpense": 900000,
    "depreciationAndAmortization": 39200000,
    "ebitda": 201600000,
    "ebitdaratio": 0.1304094702,
    "operatingIncome": 161700000,
    "operatingIncomeRatio": 0.1045992626,
    "totalOtherIncomeExpensesNet": -200000,
    "incomeBeforeTax": 161500000,
    "incomeBeforeTaxRatio": 0.1044698881,
    "incomeTaxExpense": 60500000,
    "netIncome": 101000000,
    "netIncomeRatio": 0.0653341096,
    "eps": 0.41,
    "epsdiluted": 0.41,
    "weightedAverageShsOut": 245200000,
    "weightedAverageShsOutDil": 247000000,
    "link": "https://www.sec.gov/Archives/edgar/data/935703/000093570311000023/0000935703-11-000023-index.htm",
    "finalLink": "https://www.sec.gov/Archives/edgar/data/935703/000093570311000023/form10q.htm"
  },
  {
    "date": "2011-01-29",
    "symbol": "DLTR",
    "reportedCurrency": "USD",
    "cik": "0000935703",
    "fillingDate": "2011-03-17",
    "acceptedDate": "2011-03-17 16:02:21",
    "calendarYear": "2010",
    "period": "Q4",
    "revenue": 1725300000,
    "costOfRevenue": 1077400000,
    "grossProfit": 647900000,
    "grossProfitRatio": 0.3755288935,
    "researchAndDevelopmentExpenses": 0,
    "generalAndAdministrativeExpenses": 0,
    "sellingAndMarketingExpenses": 0,
    "sellingGeneralAndAdministrativeExpenses": 389200000,
    "otherExpenses": 0,
    "operatingExpenses": 389200000,
    "costAndExpenses": 1466600000,
    "interestIncome": -4100000,
    "interestExpense": 0,
    "depreciationAndAmortization": 42100000,
    "ebitda": 300800000,
    "ebitdaratio": 0.1743464905,
    "operatingIncome": 258700000,
    "operatingIncomeRatio": 0.1499449371,
    "totalOtherIncomeExpensesNet": -600000,
    "incomeBeforeTax": 258100000,
    "incomeBeforeTaxRatio": 0.1495971715,
    "incomeTaxExpense": 95600000,
    "netIncome": 162500000,
    "netIncomeRatio": 0.0941865183,
    "eps": 0.65,
    "epsdiluted": 0.65,
    "weightedAverageShsOut": 249600000,
    "weightedAverageShsOutDil": 251600000,
    "link": "https://www.sec.gov/Archives/edgar/data/935703/000093570311000014/0000935703-11-000014-index.htm",
    "finalLink": "https://www.sec.gov/Archives/edgar/data/935703/000093570311000014/form10k.htm"
  },
  {
    "date": "2010-10-30",
    "symbol": "DLTR",
    "reportedCurrency": "USD",
    "cik": "0000935703",
    "fillingDate": "2010-11-18",
    "acceptedDate": "2010-11-18 09:15:29",
    "calendarYear": "2010",
    "period": "Q3",
    "revenue": 1426600000,
    "costOfRevenue": 920600000,
    "grossProfit": 506000000,
    "grossProfitRatio": 0.3546894715,
    "researchAndDevelopmentExpenses": 0,
    "generalAndAdministrativeExpenses": 0,
    "sellingAndMarketingExpenses": 0,
    "sellingGeneralAndAdministrativeExpenses": 365100000,
    "otherExpenses": 0,
    "operatingExpenses": 365100000,
    "costAndExpenses": 1285700000,
    "interestIncome": 0,
    "interestExpense": 0,
    "depreciationAndAmortization": 38900000,
    "ebitda": 179800000,
    "ebitdaratio": 0.1260339268,
    "operatingIncome": 140900000,
    "operatingIncomeRatio": 0.0987662975,
    "totalOtherIncomeExpensesNet": 3800000,
    "incomeBeforeTax": 144700000,
    "incomeBeforeTaxRatio": 0.1014299734,
    "incomeTaxExpense": 51500000,
    "netIncome": 93200000,
    "netIncomeRatio": 0.0653301556,
    "eps": 0.37,
    "epsdiluted": 0.37,
    "weightedAverageShsOut": 253800000,
    "weightedAverageShsOutDil": 255600000,
    "link": "https://www.sec.gov/Archives/edgar/data/935703/000093570310000064/0000935703-10-000064-index.htm",
    "finalLink": "https://www.sec.gov/Archives/edgar/data/935703/000093570310000064/form10q.htm"
  },
  {
    "date": "2010-07-31",
    "symbol": "DLTR",
    "reportedCurrency": "USD",
    "cik": "0000935703",
    "fillingDate": "2010-08-19",
    "acceptedDate": "2010-08-19 09:00:50",
    "calendarYear": "2010",
    "period": "Q2",
    "revenue": 1377900000,
    "costOfRevenue": 894400000,
    "grossProfit": 483500000,
    "grossProfitRatio": 0.3508962915,
    "researchAndDevelopmentExpenses": 0,
    "generalAndAdministrativeExpenses": 0,
    "sellingAndMarketingExpenses": 0,
    "sellingGeneralAndAdministrativeExpenses": 355700000,
    "otherExpenses": 0,
    "operatingExpenses": 355700000,
    "costAndExpenses": 1250100000,
    "interestIncome": 0,
    "interestExpense": 1600000,
    "depreciationAndAmortization": 39400000,
    "ebitda": 166000000,
    "ebitdaratio": 0.1204731838,
    "operatingIncome": 127800000,
    "operatingIncomeRatio": 0.0927498367,
    "totalOtherIncomeExpensesNet": -2800000,
    "incomeBeforeTax": 125000000,
    "incomeBeforeTaxRatio": 0.0907177589,
    "incomeTaxExpense": 47000000,
    "netIncome": 78000000,
    "netIncomeRatio": 0.0566078816,
    "eps": 0.31,
    "epsdiluted": 0.31,
    "weightedAverageShsOut": 254600000,
    "weightedAverageShsOutDil": 256200000,
    "link": "https://www.sec.gov/Archives/edgar/data/935703/000093570310000042/0000935703-10-000042-index.htm",
    "finalLink": "https://www.sec.gov/Archives/edgar/data/935703/000093570310000042/form10q.htm"
  },
  {
    "date": "2010-05-01",
    "symbol": "DLTR",
    "reportedCurrency": "USD",
    "cik": "0000935703",
    "fillingDate": "2010-05-20",
    "acceptedDate": "2010-05-20 09:09:07",
    "calendarYear": "2010",
    "period": "Q1",
    "revenue": 1352600000,
    "costOfRevenue": 902400000,
    "grossProfit": 450200000,
    "grossProfitRatio": 0.3328404554,
    "researchAndDevelopmentExpenses": 0,
    "generalAndAdministrativeExpenses": 0,
    "sellingAndMarketingExpenses": 0,
    "sellingGeneralAndAdministrativeExpenses": 347600000,
    "otherExpenses": 0,
    "operatingExpenses": 347600000,
    "costAndExpenses": 1250000000,
    "interestIncome": 0,
    "interestExpense": 1400000,
    "depreciationAndAmortization": 39300000,
    "ebitda": 142800000,
    "ebitdaratio": 0.1055744492,
    "operatingIncome": 102600000,
    "operatingIncomeRatio": 0.075853911,
    "totalOtherIncomeExpensesNet": -500000,
    "incomeBeforeTax": 102100000,
    "incomeBeforeTaxRatio": 0.0754842526,
    "incomeTaxExpense": 38500000,
    "netIncome": 63600000,
    "netIncomeRatio": 0.047020553,
    "eps": 0.25,
    "epsdiluted": 0.25,
    "weightedAverageShsOut": 258600000,
    "weightedAverageShsOutDil": 260600000,
    "link": "https://www.sec.gov/Archives/edgar/data/935703/000093570310000021/0000935703-10-000021-index.htm",
    "finalLink": "https://www.sec.gov/Archives/edgar/data/935703/000093570310000021/form10q.htm"
  },
  {
    "date": "2010-01-30",
    "symbol": "DLTR",
    "reportedCurrency": "USD",
    "cik": "0000935703",
    "fillingDate": "2010-03-19",
    "acceptedDate": "2010-03-19 08:59:38",
    "calendarYear": "2009",
    "period": "Q4",
    "revenue": 1558600000,
    "costOfRevenue": 980200000,
    "grossProfit": 578400000,
    "grossProfitRatio": 0.3711022713,
    "researchAndDevelopmentExpenses": 0,
    "generalAndAdministrativeExpenses": 0,
    "sellingAndMarketingExpenses": 0,
    "sellingGeneralAndAdministrativeExpenses": 360000000,
    "otherExpenses": 0,
    "operatingExpenses": 360000000,
    "costAndExpenses": 1340200000,
    "interestIncome": 0,
    "interestExpense": 0,
    "depreciationAndAmortization": 41300000,
    "ebitda": 261600000,
    "ebitdaratio": 0.167842936,
    "operatingIncome": 218400000,
    "operatingIncomeRatio": 0.1401257539,
    "totalOtherIncomeExpensesNet": -1500000,
    "incomeBeforeTax": 216900000,
    "incomeBeforeTaxRatio": 0.1391633517,
    "incomeTaxExpense": 81900000,
    "netIncome": 135000000,
    "netIncomeRatio": 0.086616194,
    "eps": 0.51,
    "epsdiluted": 0.51,
    "weightedAverageShsOut": 264600000,
    "weightedAverageShsOutDil": 266100000,
    "link": "https://www.sec.gov/Archives/edgar/data/935703/000093570310000010/0000935703-10-000010-index.htm",
    "finalLink": "https://www.sec.gov/Archives/edgar/data/935703/000093570310000010/form10k.htm"
  },
  {
    "date": "2009-10-31",
    "symbol": "DLTR",
    "reportedCurrency": "USD",
    "cik": "0000935703",
    "fillingDate": "2009-11-24",
    "acceptedDate": "2009-11-24 09:16:14",
    "calendarYear": "2009",
    "period": "Q3",
    "revenue": 1248700000,
    "costOfRevenue": 807500000,
    "grossProfit": 441200000,
    "grossProfitRatio": 0.3533274606,
    "researchAndDevelopmentExpenses": 0,
    "generalAndAdministrativeExpenses": 0,
    "sellingAndMarketingExpenses": 0,
    "sellingGeneralAndAdministrativeExpenses": 333600000,
    "otherExpenses": 0,
    "operatingExpenses": 333600000,
    "costAndExpenses": 1141100000,
    "interestIncome": 0,
    "interestExpense": 0,
    "depreciationAndAmortization": 38600000,
    "ebitda": 146200000,
    "ebitdaratio": 0.117081765,
    "operatingIncome": 107600000,
    "operatingIncomeRatio": 0.0861696164,
    "totalOtherIncomeExpensesNet": -1600000,
    "incomeBeforeTax": 106000000,
    "incomeBeforeTaxRatio": 0.0848882838,
    "incomeTaxExpense": 37800000,
    "netIncome": 68200000,
    "netIncomeRatio": 0.0546168015,
    "eps": 0.26,
    "epsdiluted": 0.26,
    "weightedAverageShsOut": 267800000,
    "weightedAverageShsOutDil": 269600000,
    "link": "https://www.sec.gov/Archives/edgar/data/935703/000093570309000049/0000935703-09-000049-index.htm",
    "finalLink": "https://www.sec.gov/Archives/edgar/data/935703/000093570309000049/form10q.htm"
  },
  {
    "date": "2009-08-01",
    "symbol": "DLTR",
    "reportedCurrency": "USD",
    "cik": "0000935703",
    "fillingDate": "2009-08-26",
    "acceptedDate": "2009-08-26 16:46:08",
    "calendarYear": "2009",
    "period": "Q2",
    "revenue": 1222800000,
    "costOfRevenue": 801000000,
    "grossProfit": 421800000,
    "grossProfitRatio": 0.3449460255,
    "researchAndDevelopmentExpenses": 0,
    "generalAndAdministrativeExpenses": 0,
    "sellingAndMarketingExpenses": 0,
    "sellingGeneralAndAdministrativeExpenses": 332600000,
    "otherExpenses": 0,
    "operatingExpenses": 332600000,
    "costAndExpenses": 1133600000,
    "interestIncome": 0,
    "interestExpense": 0,
    "depreciationAndAmortization": 39100000,
    "ebitda": 128300000,
    "ebitdaratio": 0.1049231272,
    "operatingIncome": 89200000,
    "operatingIncomeRatio": 0.072947334,
    "totalOtherIncomeExpensesNet": -1300000,
    "incomeBeforeTax": 87900000,
    "incomeBeforeTaxRatio": 0.0718842002,
    "incomeTaxExpense": 31000000,
    "netIncome": 56900000,
    "netIncomeRatio": 0.0465325482,
    "eps": 0.21,
    "epsdiluted": 0.21,
    "weightedAverageShsOut": 269100000,
    "weightedAverageShsOutDil": 270600000,
    "link": "https://www.sec.gov/Archives/edgar/data/935703/000093570309000037/0000935703-09-000037-index.htm",
    "finalLink": "https://www.sec.gov/Archives/edgar/data/935703/000093570309000037/form10q.htm"
  },
  {
    "date": "2009-05-02",
    "symbol": "DLTR",
    "reportedCurrency": "USD",
    "cik": "0000935703",
    "fillingDate": "2009-05-27",
    "acceptedDate": "2009-05-27 16:22:27",
    "calendarYear": "2009",
    "period": "Q1",
    "revenue": 1201100000,
    "costOfRevenue": 785700000,
    "grossProfit": 415400000,
    "grossProfitRatio": 0.3458496378,
    "researchAndDevelopmentExpenses": 0,
    "generalAndAdministrativeExpenses": 0,
    "sellingAndMarketingExpenses": 0,
    "sellingGeneralAndAdministrativeExpenses": 317800000,
    "otherExpenses": 0,
    "operatingExpenses": 317800000,
    "costAndExpenses": 1103500000,
    "interestIncome": 0,
    "interestExpense": 0,
    "depreciationAndAmortization": 38800000,
    "ebitda": 136400000,
    "ebitdaratio": 0.1135625676,
    "operatingIncome": 97600000,
    "operatingIncomeRatio": 0.0812588461,
    "totalOtherIncomeExpensesNet": -800000,
    "incomeBeforeTax": 96800000,
    "incomeBeforeTaxRatio": 0.0805927899,
    "incomeTaxExpense": 36400000,
    "netIncome": 60400000,
    "netIncomeRatio": 0.0502872367,
    "eps": 0.22,
    "epsdiluted": 0.22,
    "weightedAverageShsOut": 271500000,
    "weightedAverageShsOutDil": 273300000,
    "link": "https://www.sec.gov/Archives/edgar/data/935703/000093570309000019/0000935703-09-000019-index.htm",
    "finalLink": "https://www.sec.gov/Archives/edgar/data/935703/000093570309000019/form10q.htm"
  },
  {
    "date": "2009-01-31",
    "symbol": "DLTR",
    "reportedCurrency": "USD",
    "cik": "0000935703",
    "fillingDate": "2009-03-26",
    "acceptedDate": "2009-03-26 16:50:34",
    "calendarYear": "2008",
    "period": "Q4",
    "revenue": 1386500000,
    "costOfRevenue": 893300000,
    "grossProfit": 493200000,
    "grossProfitRatio": 0.3557158312,
    "researchAndDevelopmentExpenses": 0,
    "generalAndAdministrativeExpenses": 0,
    "sellingAndMarketingExpenses": 0,
    "sellingGeneralAndAdministrativeExpenses": 328000000,
    "otherExpenses": 0,
    "operatingExpenses": 328000000,
    "costAndExpenses": 1221300000,
    "interestIncome": 0,
    "interestExpense": 0,
    "depreciationAndAmortization": 41900000,
    "ebitda": 207100000,
    "ebitdaratio": 0.1493689145,
    "operatingIncome": 165200000,
    "operatingIncomeRatio": 0.1191489362,
    "totalOtherIncomeExpensesNet": -900000,
    "incomeBeforeTax": 164300000,
    "incomeBeforeTaxRatio": 0.1184998197,
    "incomeTaxExpense": 59100000,
    "netIncome": 105200000,
    "netIncomeRatio": 0.0758745041,
    "eps": 0.39,
    "epsdiluted": 0.39,
    "weightedAverageShsOut": 271800000,
    "weightedAverageShsOutDil": 273000000,
    "link": "https://www.sec.gov/Archives/edgar/data/935703/000093570309000013/0000935703-09-000013-index.htm",
    "finalLink": "https://www.sec.gov/Archives/edgar/data/935703/000093570309000013/form10k.htm"
  },
  {
    "date": "2008-11-01",
    "symbol": "DLTR",
    "reportedCurrency": "USD",
    "cik": "0000935703",
    "fillingDate": "2008-12-05",
    "acceptedDate": "2008-12-05 09:18:51",
    "calendarYear": "2008",
    "period": "Q3",
    "revenue": 1114000000,
    "costOfRevenue": 734600000,
    "grossProfit": 379400000,
    "grossProfitRatio": 0.3405745063,
    "researchAndDevelopmentExpenses": 0,
    "generalAndAdministrativeExpenses": 0,
    "sellingAndMarketingExpenses": 0,
    "sellingGeneralAndAdministrativeExpenses": 310100000,
    "otherExpenses": 0,
    "operatingExpenses": 310100000,
    "costAndExpenses": 1044700000,
    "interestIncome": 0,
    "interestExpense": 0,
    "depreciationAndAmortization": 38300000,
    "ebitda": 107600000,
    "ebitdaratio": 0.0965888689,
    "operatingIncome": 69300000,
    "operatingIncomeRatio": 0.0622082585,
    "totalOtherIncomeExpensesNet": -2300000,
    "incomeBeforeTax": 67000000,
    "incomeBeforeTaxRatio": 0.0601436266,
    "incomeTaxExpense": 23900000,
    "netIncome": 43100000,
    "netIncomeRatio": 0.0386894075,
    "eps": 0.16,
    "epsdiluted": 0.16,
    "weightedAverageShsOut": 271500000,
    "weightedAverageShsOutDil": 273000000,
    "link": "https://www.sec.gov/Archives/edgar/data/935703/000093570308000085/0000935703-08-000085-index.htm",
    "finalLink": "https://www.sec.gov/Archives/edgar/data/935703/000093570308000085/form10q.htm"
  },
  {
    "date": "2008-08-02",
    "symbol": "DLTR",
    "reportedCurrency": "USD",
    "cik": "0000935703",
    "fillingDate": "2008-09-10",
    "acceptedDate": "2008-09-10 16:49:54",
    "calendarYear": "2008",
    "period": "Q2",
    "revenue": 1093100000,
    "costOfRevenue": 730000000,
    "grossProfit": 363100000,
    "grossProfitRatio": 0.3321745494,
    "researchAndDevelopmentExpenses": 0,
    "generalAndAdministrativeExpenses": 0,
    "sellingAndMarketingExpenses": 0,
    "sellingGeneralAndAdministrativeExpenses": 301500000,
    "otherExpenses": 0,
    "operatingExpenses": 301500000,
    "costAndExpenses": 1031500000,
    "interestIncome": 0,
    "interestExpense": 0,
    "depreciationAndAmortization": 39700000,
    "ebitda": 101300000,
    "ebitdaratio": 0.0926722166,
    "operatingIncome": 61600000,
    "operatingIncomeRatio": 0.0563534901,
    "totalOtherIncomeExpensesNet": -1900000,
    "incomeBeforeTax": 59700000,
    "incomeBeforeTaxRatio": 0.0546153142,
    "incomeTaxExpense": 22100000,
    "netIncome": 37600000,
    "netIncomeRatio": 0.0343975849,
    "eps": 0.14,
    "epsdiluted": 0.14,
    "weightedAverageShsOut": 270600000,
    "weightedAverageShsOutDil": 271500000,
    "link": "https://www.sec.gov/Archives/edgar/data/935703/000093570308000069/0000935703-08-000069-index.htm",
    "finalLink": "https://www.sec.gov/Archives/edgar/data/935703/000093570308000069/form10q.htm"
  },
  {
    "date": "2008-05-03",
    "symbol": "DLTR",
    "reportedCurrency": "USD",
    "cik": "0000935703",
    "fillingDate": "2008-06-12",
    "acceptedDate": "2008-06-11 17:38:37",
    "calendarYear": "2008",
    "period": "Q1",
    "revenue": 1051300000,
    "costOfRevenue": 694800000,
    "grossProfit": 356500000,
    "grossProfitRatio": 0.3391039665,
    "researchAndDevelopmentExpenses": 0,
    "generalAndAdministrativeExpenses": 0,
    "sellingAndMarketingExpenses": 0,
    "sellingGeneralAndAdministrativeExpenses": 286800000,
    "otherExpenses": 0,
    "operatingExpenses": 286800000,
    "costAndExpenses": 981600000,
    "interestIncome": 0,
    "interestExpense": 0,
    "depreciationAndAmortization": 41800000,
    "ebitda": 111500000,
    "ebitdaratio": 0.1060591648,
    "operatingIncome": 69700000,
    "operatingIncomeRatio": 0.0662988681,
    "totalOtherIncomeExpensesNet": -1600000,
    "incomeBeforeTax": 68100000,
    "incomeBeforeTaxRatio": 0.0647769428,
    "incomeTaxExpense": 24500000,
    "netIncome": 43600000,
    "netIncomeRatio": 0.0414724627,
    "eps": 0.16,
    "epsdiluted": 0.16,
    "weightedAverageShsOut": 269700000,
    "weightedAverageShsOutDil": 270600000,
    "link": "https://www.sec.gov/Archives/edgar/data/935703/000093570308000059/0000935703-08-000059-index.htm",
    "finalLink": "https://www.sec.gov/Archives/edgar/data/935703/000093570308000059/form10q.htm"
  },
  {
    "date": "2008-02-02",
    "symbol": "DLTR",
    "reportedCurrency": "USD",
    "cik": "0000935703",
    "fillingDate": "2008-04-01",
    "acceptedDate": "2008-04-01 16:07:00",
    "calendarYear": "2007",
    "period": "Q4",
    "revenue": 1298600000,
    "costOfRevenue": 833300000,
    "grossProfit": 465300000,
    "grossProfitRatio": 0.3583089481,
    "researchAndDevelopmentExpenses": 0,
    "generalAndAdministrativeExpenses": 0,
    "sellingAndMarketingExpenses": 0,
    "sellingGeneralAndAdministrativeExpenses": 310900000,
    "otherExpenses": 0,
    "operatingExpenses": 310900000,
    "costAndExpenses": 1144200000,
    "interestIncome": 0,
    "interestExpense": 0,
    "depreciationAndAmortization": 41400000,
    "ebitda": 195800000,
    "ebitdaratio": 0.1507777607,
    "operatingIncome": 154400000,
    "operatingIncomeRatio": 0.118897274,
    "totalOtherIncomeExpensesNet": -3600000,
    "incomeBeforeTax": 150800000,
    "incomeBeforeTaxRatio": 0.1161250578,
    "incomeTaxExpense": 56100000,
    "netIncome": 94700000,
    "netIncomeRatio": 0.0729246881,
    "eps": 0.35,
    "epsdiluted": 0.35,
    "weightedAverageShsOut": 273300000,
    "weightedAverageShsOutDil": 273900000,
    "link": "https://www.sec.gov/Archives/edgar/data/935703/000093570308000048/0000935703-08-000048-index.htm",
    "finalLink": "https://www.sec.gov/Archives/edgar/data/935703/000093570308000048/form10k.htm"
  },
  {
    "date": "2007-11-03",
    "symbol": "DLTR",
    "reportedCurrency": "USD",
    "cik": "0000935703",
    "fillingDate": "2007-12-13",
    "acceptedDate": "2007-12-13 16:05:56",
    "calendarYear": "2007",
    "period": "Q3",
    "revenue": 997800000,
    "costOfRevenue": 653900000,
    "grossProfit": 343900000,
    "grossProfitRatio": 0.3446582481,
    "researchAndDevelopmentExpenses": 0,
    "generalAndAdministrativeExpenses": 0,
    "sellingAndMarketingExpenses": 0,
    "sellingGeneralAndAdministrativeExpenses": 283700000,
    "otherExpenses": 0,
    "operatingExpenses": 283700000,
    "costAndExpenses": 937600000,
    "interestIncome": 0,
    "interestExpense": 0,
    "depreciationAndAmortization": 39600000,
    "ebitda": 99800000,
    "ebitdaratio": 0.1000200441,
    "operatingIncome": 60200000,
    "operatingIncomeRatio": 0.060332732,
    "totalOtherIncomeExpensesNet": -3700000,
    "incomeBeforeTax": 56500000,
    "incomeBeforeTaxRatio": 0.0566245741,
    "incomeTaxExpense": 20600000,
    "netIncome": 35900000,
    "netIncomeRatio": 0.0359791541,
    "eps": 0.13,
    "epsdiluted": 0.13,
    "weightedAverageShsOut": 285600000,
    "weightedAverageShsOutDil": 287100000,
    "link": "https://www.sec.gov/Archives/edgar/data/935703/000093570307000060/0000935703-07-000060-index.htm",
    "finalLink": "https://www.sec.gov/Archives/edgar/data/935703/000093570307000060/form10q.htm"
  },
  {
    "date": "2007-08-04",
    "symbol": "DLTR",
    "reportedCurrency": "USD",
    "cik": "0000935703",
    "fillingDate": "2007-09-12",
    "acceptedDate": "2007-09-12 16:36:31",
    "calendarYear": "2007",
    "period": "Q2",
    "revenue": 971200000,
    "costOfRevenue": 644600000,
    "grossProfit": 326600000,
    "grossProfitRatio": 0.3362850082,
    "researchAndDevelopmentExpenses": 0,
    "generalAndAdministrativeExpenses": 0,
    "sellingAndMarketingExpenses": 0,
    "sellingGeneralAndAdministrativeExpenses": 273200000,
    "otherExpenses": 0,
    "operatingExpenses": 273200000,
    "costAndExpenses": 917800000,
    "interestIncome": 0,
    "interestExpense": 0,
    "depreciationAndAmortization": 39000000,
    "ebitda": 92400000,
    "ebitdaratio": 0.0951400329,
    "operatingIncome": 53400000,
    "operatingIncomeRatio": 0.0549835255,
    "totalOtherIncomeExpensesNet": -1600000,
    "incomeBeforeTax": 51800000,
    "incomeBeforeTaxRatio": 0.0533360791,
    "incomeTaxExpense": 19200000,
    "netIncome": 32600000,
    "netIncomeRatio": 0.0335667216,
    "eps": 0.11,
    "epsdiluted": 0.11,
    "weightedAverageShsOut": 296363636,
    "weightedAverageShsOutDil": 296363636,
    "link": "https://www.sec.gov/Archives/edgar/data/935703/000093570307000044/0000935703-07-000044-index.htm",
    "finalLink": "https://www.sec.gov/Archives/edgar/data/935703/000093570307000044/form10q.htm"
  },
  {
    "date": "2007-05-05",
    "symbol": "DLTR",
    "reportedCurrency": "USD",
    "cik": "0000935703",
    "fillingDate": "2007-06-14",
    "acceptedDate": "2007-06-14 09:17:03",
    "calendarYear": "2007",
    "period": "Q1",
    "revenue": 975000000,
    "costOfRevenue": 649700000,
    "grossProfit": 325300000,
    "grossProfitRatio": 0.3336410256,
    "researchAndDevelopmentExpenses": 0,
    "generalAndAdministrativeExpenses": 0,
    "sellingAndMarketingExpenses": 0,
    "sellingGeneralAndAdministrativeExpenses": 263000000,
    "otherExpenses": 0,
    "operatingExpenses": 263000000,
    "costAndExpenses": 912700000,
    "interestIncome": 0,
    "interestExpense": 0,
    "depreciationAndAmortization": 39300000,
    "ebitda": 101600000,
    "ebitdaratio": 0.1042051282,
    "operatingIncome": 62300000,
    "operatingIncomeRatio": 0.0638974359,
    "totalOtherIncomeExpensesNet": -1600000,
    "incomeBeforeTax": 60700000,
    "incomeBeforeTaxRatio": 0.0622564103,
    "incomeTaxExpense": 22600000,
    "netIncome": 38100000,
    "netIncomeRatio": 0.0390769231,
    "eps": 0.13,
    "epsdiluted": 0.13,
    "weightedAverageShsOut": 300789474,
    "weightedAverageShsOutDil": 300789474,
    "link": "https://www.sec.gov/Archives/edgar/data/935703/000093570307000029/0000935703-07-000029-index.htm",
    "finalLink": "https://www.sec.gov/Archives/edgar/data/935703/000093570307000029/form10q.htm"
  },
  {
    "date": "2007-02-03",
    "symbol": "DLTR",
    "reportedCurrency": "USD",
    "cik": "0000935703",
    "fillingDate": "2007-04-04",
    "acceptedDate": "2007-04-03 18:19:31",
    "calendarYear": "2006",
    "period": "Q4",
    "revenue": 1318900000,
    "costOfRevenue": 848600000,
    "grossProfit": 470300000,
    "grossProfitRatio": 0.356585033,
    "researchAndDevelopmentExpenses": 0,
    "generalAndAdministrativeExpenses": 0,
    "sellingAndMarketingExpenses": 0,
    "sellingGeneralAndAdministrativeExpenses": 314200000,
    "otherExpenses": 0,
    "operatingExpenses": 314200000,
    "costAndExpenses": 1162800000,
    "interestIncome": 0,
    "interestExpense": 0,
    "depreciationAndAmortization": 45300000,
    "ebitda": 201400000,
    "ebitdaratio": 0.1527030101,
    "operatingIncome": 156100000,
    "operatingIncomeRatio": 0.1183562059,
    "totalOtherIncomeExpensesNet": -2700000,
    "incomeBeforeTax": 153400000,
    "incomeBeforeTaxRatio": 0.1163090454,
    "incomeTaxExpense": 55800000,
    "netIncome": 97600000,
    "netIncomeRatio": 0.0740010615,
    "eps": 0.32,
    "epsdiluted": 0.32,
    "weightedAverageShsOut": 302400000,
    "weightedAverageShsOutDil": 304500000,
    "link": "https://www.sec.gov/Archives/edgar/data/935703/000093570307000017/0000935703-07-000017-index.htm",
    "finalLink": "https://www.sec.gov/Archives/edgar/data/935703/000093570307000017/form10k.htm"
  },
  {
    "date": "2006-10-28",
    "symbol": "DLTR",
    "reportedCurrency": "USD",
    "cik": "0000935703",
    "fillingDate": "2006-12-06",
    "acceptedDate": "2006-12-06 16:36:33",
    "calendarYear": "2006",
    "period": "Q3",
    "revenue": 910400000,
    "costOfRevenue": 602900000,
    "grossProfit": 307500000,
    "grossProfitRatio": 0.3377636204,
    "researchAndDevelopmentExpenses": 0,
    "generalAndAdministrativeExpenses": 0,
    "sellingAndMarketingExpenses": 0,
    "sellingGeneralAndAdministrativeExpenses": 254200000,
    "otherExpenses": 0,
    "operatingExpenses": 254200000,
    "costAndExpenses": 857100000,
    "interestIncome": 0,
    "interestExpense": 0,
    "depreciationAndAmortization": 39600000,
    "ebitda": 92900000,
    "ebitdaratio": 0.102043058,
    "operatingIncome": 53300000,
    "operatingIncomeRatio": 0.0585456942,
    "totalOtherIncomeExpensesNet": -2700000,
    "incomeBeforeTax": 50600000,
    "incomeBeforeTaxRatio": 0.0555799649,
    "incomeTaxExpense": 18100000,
    "netIncome": 32500000,
    "netIncomeRatio": 0.035698594,
    "eps": 0.11,
    "epsdiluted": 0.11,
    "weightedAverageShsOut": 306600000,
    "weightedAverageShsOutDil": 308400000,
    "link": "https://www.sec.gov/Archives/edgar/data/935703/000093570306000055/0000935703-06-000055-index.htm",
    "finalLink": "https://www.sec.gov/Archives/edgar/data/935703/000093570306000055/form10q_q3.htm"
  },
  {
    "date": "2006-07-29",
    "symbol": "DLTR",
    "reportedCurrency": "USD",
    "cik": "0000935703",
    "fillingDate": "2006-09-07",
    "acceptedDate": "2006-09-07 16:00:39",
    "calendarYear": "2006",
    "period": "Q2",
    "revenue": 883600000,
    "costOfRevenue": 590300000,
    "grossProfit": 293300000,
    "grossProfitRatio": 0.3319375283,
    "researchAndDevelopmentExpenses": 0,
    "generalAndAdministrativeExpenses": 0,
    "sellingAndMarketingExpenses": 0,
    "sellingGeneralAndAdministrativeExpenses": 245300000,
    "otherExpenses": 0,
    "operatingExpenses": 245300000,
    "costAndExpenses": 835600000,
    "interestIncome": 0,
    "interestExpense": 0,
    "depreciationAndAmortization": 37800000,
    "ebitda": 85800000,
    "ebitdaratio": 0.0971027614,
    "operatingIncome": 48000000,
    "operatingIncomeRatio": 0.0543232232,
    "totalOtherIncomeExpensesNet": -1700000,
    "incomeBeforeTax": 46300000,
    "incomeBeforeTaxRatio": 0.0523992757,
    "incomeTaxExpense": 17300000,
    "netIncome": 29000000,
    "netIncomeRatio": 0.0328202807,
    "eps": 0.0933,
    "epsdiluted": 0.0933,
    "weightedAverageShsOut": 310714286,
    "weightedAverageShsOutDil": 310714286,
    "link": "https://www.sec.gov/Archives/edgar/data/935703/000093570306000040/0000935703-06-000040-index.htm",
    "finalLink": "https://www.sec.gov/Archives/edgar/data/935703/000093570306000040/form10q2qfy06.htm"
  },
  {
    "date": "2006-04-29",
    "symbol": "DLTR",
    "reportedCurrency": "USD",
    "cik": "0000935703",
    "fillingDate": "2006-06-08",
    "acceptedDate": "2006-06-08 16:07:26",
    "calendarYear": "2006",
    "period": "Q1",
    "revenue": 856500000,
    "costOfRevenue": 570400000,
    "grossProfit": 286100000,
    "grossProfitRatio": 0.3340338587,
    "researchAndDevelopmentExpenses": 0,
    "generalAndAdministrativeExpenses": 0,
    "sellingAndMarketingExpenses": 0,
    "sellingGeneralAndAdministrativeExpenses": 232700000,
    "otherExpenses": 0,
    "operatingExpenses": 232700000,
    "costAndExpenses": 803100000,
    "interestIncome": 0,
    "interestExpense": 0,
    "depreciationAndAmortization": 36300000,
    "ebitda": 89700000,
    "ebitdaratio": 0.1047285464,
    "operatingIncome": 53400000,
    "operatingIncomeRatio": 0.0623467601,
    "totalOtherIncomeExpensesNet": -800000,
    "incomeBeforeTax": 52600000,
    "incomeBeforeTaxRatio": 0.0614127262,
    "incomeTaxExpense": 19700000,
    "netIncome": 32900000,
    "netIncomeRatio": 0.0384121424,
    "eps": 0.1,
    "epsdiluted": 0.1,
    "weightedAverageShsOut": 318387097,
    "weightedAverageShsOutDil": 318387097,
    "link": "https://www.sec.gov/Archives/edgar/data/935703/000093570306000025/0000935703-06-000025-index.htm",
    "finalLink": "https://www.sec.gov/Archives/edgar/data/935703/000093570306000025/form10qdltr.htm"
  },
  {
    "date": "2006-01-28",
    "symbol": "DLTR",
    "reportedCurrency": "USD",
    "cik": "0000935703",
    "fillingDate": "2006-04-12",
    "acceptedDate": "2006-04-12 16:17:24",
    "calendarYear": "2005",
    "period": "Q4",
    "revenue": 1079017000,
    "costOfRevenue": 698648000,
    "grossProfit": 380369000,
    "grossProfitRatio": 0.3525143719,
    "researchAndDevelopmentExpenses": 0,
    "generalAndAdministrativeExpenses": 0,
    "sellingAndMarketingExpenses": 0,
    "sellingGeneralAndAdministrativeExpenses": 243908000,
    "otherExpenses": 0,
    "operatingExpenses": 243908000,
    "costAndExpenses": 942556000,
    "interestIncome": 0,
    "interestExpense": 0,
    "depreciationAndAmortization": 36713000,
    "ebitda": 173174000,
    "ebitdaratio": 0.1604923741,
    "operatingIncome": 136461000,
    "operatingIncomeRatio": 0.126467887,
    "totalOtherIncomeExpensesNet": -1788000,
    "incomeBeforeTax": 134673000,
    "incomeBeforeTaxRatio": 0.1248108232,
    "incomeTaxExpense": 48174000,
    "netIncome": 86499000,
    "netIncomeRatio": 0.0801646313,
    "eps": 0.27,
    "epsdiluted": 0.27,
    "weightedAverageShsOut": 319920000,
    "weightedAverageShsOutDil": 321822000,
    "link": "https://www.sec.gov/Archives/edgar/data/935703/000093570306000017/0000935703-06-000017-index.htm",
    "finalLink": "https://www.sec.gov/Archives/edgar/data/935703/000093570306000017/dltr10k.htm"
  },
  {
    "date": "2005-10-29",
    "symbol": "DLTR",
    "reportedCurrency": "USD",
    "cik": "0000935703",
    "fillingDate": "2005-12-08",
    "acceptedDate": "2005-12-08 16:09:43",
    "calendarYear": "2005",
    "period": "Q3",
    "revenue": 796800000,
    "costOfRevenue": 520500000,
    "grossProfit": 276300000,
    "grossProfitRatio": 0.3467620482,
    "researchAndDevelopmentExpenses": 0,
    "generalAndAdministrativeExpenses": 0,
    "sellingAndMarketingExpenses": 0,
    "sellingGeneralAndAdministrativeExpenses": 224100000,
    "otherExpenses": 0,
    "operatingExpenses": 224100000,
    "costAndExpenses": 744600000,
    "interestIncome": 0,
    "interestExpense": 0,
    "depreciationAndAmortization": 35900000,
    "ebitda": 88100000,
    "ebitdaratio": 0.1105672691,
    "operatingIncome": 52200000,
    "operatingIncomeRatio": 0.0655120482,
    "totalOtherIncomeExpensesNet": -2200000,
    "incomeBeforeTax": 50000000,
    "incomeBeforeTaxRatio": 0.062751004,
    "incomeTaxExpense": 18900000,
    "netIncome": 31097000,
    "netIncomeRatio": 0.0390273594,
    "eps": 0.0967,
    "epsdiluted": 0.0967,
    "weightedAverageShsOut": 321900000,
    "weightedAverageShsOutDil": 322800000,
    "link": "https://www.sec.gov/Archives/edgar/data/935703/000093570305000072/0000935703-05-000072-index.htm",
    "finalLink": "https://www.sec.gov/Archives/edgar/data/935703/000093570305000072/dts10q102905.htm"
  },
  {
    "date": "2005-07-31",
    "symbol": "DLTR",
    "reportedCurrency": "USD",
    "cik": "0000935703",
    "fillingDate": "2005-07-31",
    "acceptedDate": "2005-07-30 20:00:00",
    "calendarYear": "2005",
    "period": "Q2",
    "revenue": 769000000,
    "costOfRevenue": 507600000,
    "grossProfit": 261400000,
    "grossProfitRatio": 0.3399219766,
    "researchAndDevelopmentExpenses": 0,
    "generalAndAdministrativeExpenses": 0,
    "sellingAndMarketingExpenses": 0,
    "sellingGeneralAndAdministrativeExpenses": 214900000,
    "otherExpenses": 0,
    "operatingExpenses": 214900000,
    "costAndExpenses": 722500000,
    "interestIncome": 0,
    "interestExpense": 0,
    "depreciationAndAmortization": 35600000,
    "ebitda": 82100000,
    "ebitdaratio": 0.1067620286,
    "operatingIncome": 46500000,
    "operatingIncomeRatio": 0.0604681404,
    "totalOtherIncomeExpensesNet": -2800000,
    "incomeBeforeTax": 43700000,
    "incomeBeforeTaxRatio": 0.0568270481,
    "incomeTaxExpense": 16400000,
    "netIncome": 27310000,
    "netIncomeRatio": 0.0355136541,
    "eps": 0.0833,
    "epsdiluted": 0.0833,
    "weightedAverageShsOut": 327600000,
    "weightedAverageShsOutDil": 327600000,
    "link": null,
    "finalLink": null
  },
  {
    "date": "2005-06-30",
    "symbol": "DLTR",
    "reportedCurrency": "USD",
    "cik": "0000935703",
    "fillingDate": "2005-09-08",
    "acceptedDate": "2005-09-08 16:11:11",
    "calendarYear": "2005",
    "period": "Q1",
    "revenue": 749093000,
    "costOfRevenue": 494849000,
    "grossProfit": 254244000,
    "grossProfitRatio": 0.3394024507,
    "researchAndDevelopmentExpenses": 0,
    "generalAndAdministrativeExpenses": 0,
    "sellingAndMarketingExpenses": 0,
    "sellingGeneralAndAdministrativeExpenses": 206170000,
    "otherExpenses": 0,
    "operatingExpenses": 206170000,
    "costAndExpenses": 701019000,
    "interestIncome": 0,
    "interestExpense": 0,
    "depreciationAndAmortization": 32500000,
    "ebitda": 80574000,
    "ebitdaratio": 0.1075620784,
    "operatingIncome": 48074000,
    "operatingIncomeRatio": 0.0641762772,
    "totalOtherIncomeExpensesNet": -1281000,
    "incomeBeforeTax": 46793000,
    "incomeBeforeTaxRatio": 0.0624662091,
    "incomeTaxExpense": 17781000,
    "netIncome": 29012000,
    "netIncomeRatio": 0.0387295035,
    "eps": 0.0867,
    "epsdiluted": 0.0867,
    "weightedAverageShsOut": 334753846,
    "weightedAverageShsOutDil": 334753846,
    "link": "https://www.sec.gov/Archives/edgar/data/935703/000114036105007243/0001140361-05-007243-index.htm",
    "finalLink": "https://www.sec.gov/Archives/edgar/data/935703/000114036105007243/body.htm"
  },
  {
    "date": "2005-01-29",
    "symbol": "DLTR",
    "reportedCurrency": "USD",
    "cik": "0000935703",
    "fillingDate": "2005-04-14",
    "acceptedDate": "2005-04-14 16:40:49",
    "calendarYear": "2004",
    "period": "Q4",
    "revenue": 987478000,
    "costOfRevenue": 631062000,
    "grossProfit": 356416000,
    "grossProfitRatio": 0.360935636,
    "researchAndDevelopmentExpenses": 0,
    "generalAndAdministrativeExpenses": 0,
    "sellingAndMarketingExpenses": 0,
    "sellingGeneralAndAdministrativeExpenses": 224197000,
    "otherExpenses": 0,
    "operatingExpenses": 224197000,
    "costAndExpenses": 855259000,
    "interestIncome": 0,
    "interestExpense": 0,
    "depreciationAndAmortization": 38396000,
    "ebitda": 170615000,
    "ebitdaratio": 0.1727785328,
    "operatingIncome": 132219000,
    "operatingIncomeRatio": 0.1338956412,
    "totalOtherIncomeExpensesNet": -1217000,
    "incomeBeforeTax": 131002000,
    "incomeBeforeTaxRatio": 0.1326632087,
    "incomeTaxExpense": 47348000,
    "netIncome": 83654000,
    "netIncomeRatio": 0.0847147987,
    "eps": 0.25,
    "epsdiluted": 0.25,
    "weightedAverageShsOut": 338841000,
    "weightedAverageShsOutDil": 341000000,
    "link": "https://www.sec.gov/Archives/edgar/data/935703/000119312505076605/0001193125-05-076605-index.htm",
    "finalLink": "https://www.sec.gov/Archives/edgar/data/935703/000119312505076605/d10k.htm"
  },
  {
    "date": "2004-10-30",
    "symbol": "DLTR",
    "reportedCurrency": "USD",
    "cik": "0000935703",
    "fillingDate": "2004-12-09",
    "acceptedDate": "2004-12-09 16:15:38",
    "calendarYear": "2004",
    "period": "Q3",
    "revenue": 723967000,
    "costOfRevenue": 465568000,
    "grossProfit": 258399000,
    "grossProfitRatio": 0.3569209646,
    "researchAndDevelopmentExpenses": 0,
    "generalAndAdministrativeExpenses": 0,
    "sellingAndMarketingExpenses": 0,
    "sellingGeneralAndAdministrativeExpenses": 204810000,
    "otherExpenses": 0,
    "operatingExpenses": 204810000,
    "costAndExpenses": 670378000,
    "interestIncome": 0,
    "interestExpense": 0,
    "depreciationAndAmortization": 33762000,
    "ebitda": 87351000,
    "ebitdaratio": 0.120656052,
    "operatingIncome": 53589000,
    "operatingIncomeRatio": 0.0740213297,
    "totalOtherIncomeExpensesNet": -1762000,
    "incomeBeforeTax": 51827000,
    "incomeBeforeTaxRatio": 0.0715875171,
    "incomeTaxExpense": 19973000,
    "netIncome": 31854000,
    "netIncomeRatio": 0.0439992431,
    "eps": 0.0933,
    "epsdiluted": 0.0933,
    "weightedAverageShsOut": 338670000,
    "weightedAverageShsOutDil": 340119000,
    "link": "https://www.sec.gov/Archives/edgar/data/935703/000119312504210325/0001193125-04-210325-index.htm",
    "finalLink": "https://www.sec.gov/Archives/edgar/data/935703/000119312504210325/d10q.htm"
  },
  {
    "date": "2004-07-31",
    "symbol": "DLTR",
    "reportedCurrency": "USD",
    "cik": "0000935703",
    "fillingDate": "2004-09-09",
    "acceptedDate": "2004-09-09 16:08:46",
    "calendarYear": "2004",
    "period": "Q2",
    "revenue": 704234000,
    "costOfRevenue": 455756000,
    "grossProfit": 248478000,
    "grossProfitRatio": 0.3528344272,
    "researchAndDevelopmentExpenses": 0,
    "generalAndAdministrativeExpenses": 0,
    "sellingAndMarketingExpenses": 0,
    "sellingGeneralAndAdministrativeExpenses": 199394000,
    "otherExpenses": 0,
    "operatingExpenses": 199394000,
    "costAndExpenses": 655150000,
    "interestIncome": 0,
    "interestExpense": 0,
    "depreciationAndAmortization": 32390000,
    "ebitda": 81474000,
    "ebitdaratio": 0.1156916593,
    "operatingIncome": 49084000,
    "operatingIncomeRatio": 0.0696984241,
    "totalOtherIncomeExpensesNet": -934000,
    "incomeBeforeTax": 48150000,
    "incomeBeforeTaxRatio": 0.0683721604,
    "incomeTaxExpense": 18558000,
    "netIncome": 29592000,
    "netIncomeRatio": 0.042020124,
    "eps": 0.0867,
    "epsdiluted": 0.0867,
    "weightedAverageShsOut": 341446154,
    "weightedAverageShsOutDil": 341446154,
    "link": "https://www.sec.gov/Archives/edgar/data/935703/000119312504154294/0001193125-04-154294-index.htm",
    "finalLink": "https://www.sec.gov/Archives/edgar/data/935703/000119312504154294/d10q.htm"
  },
  {
    "date": "2004-05-01",
    "symbol": "DLTR",
    "reportedCurrency": "USD",
    "cik": "0000935703",
    "fillingDate": "2004-06-10",
    "acceptedDate": "2004-06-10 16:27:03",
    "calendarYear": "2004",
    "period": "Q1",
    "revenue": 710330000,
    "costOfRevenue": 457294000,
    "grossProfit": 253036000,
    "grossProfitRatio": 0.3562231639,
    "researchAndDevelopmentExpenses": 0,
    "generalAndAdministrativeExpenses": 0,
    "sellingAndMarketingExpenses": 0,
    "sellingGeneralAndAdministrativeExpenses": 194377000,
    "otherExpenses": 0,
    "operatingExpenses": 194377000,
    "costAndExpenses": 651671000,
    "interestIncome": 857000,
    "interestExpense": 0,
    "depreciationAndAmortization": 30428000,
    "ebitda": 89087000,
    "ebitdaratio": 0.1254163558,
    "operatingIncome": 58659000,
    "operatingIncomeRatio": 0.0825799276,
    "totalOtherIncomeExpensesNet": -1468000,
    "incomeBeforeTax": 57191000,
    "incomeBeforeTaxRatio": 0.0805132826,
    "incomeTaxExpense": 22041000,
    "netIncome": 35150000,
    "netIncomeRatio": 0.0494840426,
    "eps": 0.1,
    "epsdiluted": 0.1,
    "weightedAverageShsOut": 340161290,
    "weightedAverageShsOutDil": 340161290,
    "link": "https://www.sec.gov/Archives/edgar/data/935703/000119312504101667/0001193125-04-101667-index.htm",
    "finalLink": "https://www.sec.gov/Archives/edgar/data/935703/000119312504101667/d10q.htm"
  },
  {
    "date": "2004-01-31",
    "symbol": "DLTR",
    "reportedCurrency": "USD",
    "cik": "0000935703",
    "fillingDate": "2004-04-23",
    "acceptedDate": "2004-04-23 08:49:24",
    "calendarYear": "2003",
    "period": "Q4",
    "revenue": 893065000,
    "costOfRevenue": 562739000,
    "grossProfit": 330326000,
    "grossProfitRatio": 0.3698790122,
    "researchAndDevelopmentExpenses": 0,
    "generalAndAdministrativeExpenses": 0,
    "sellingAndMarketingExpenses": 0,
    "sellingGeneralAndAdministrativeExpenses": 199185000,
    "otherExpenses": 0,
    "operatingExpenses": 199185000,
    "costAndExpenses": 761924000,
    "interestIncome": 0,
    "interestExpense": 0,
    "depreciationAndAmortization": 27402000,
    "ebitda": 158543000,
    "ebitdaratio": 0.1775268318,
    "operatingIncome": 131141000,
    "operatingIncomeRatio": 0.1468437348,
    "totalOtherIncomeExpensesNet": -1340000,
    "incomeBeforeTax": 129801000,
    "incomeBeforeTaxRatio": 0.1453432841,
    "incomeTaxExpense": 49973000,
    "netIncome": 79828000,
    "netIncomeRatio": 0.0893865508,
    "eps": 0.23,
    "epsdiluted": 0.23,
    "weightedAverageShsOut": 343445129,
    "weightedAverageShsOutDil": 344101636,
    "link": "https://www.sec.gov/Archives/edgar/data/935703/000093570304000037/0000935703-04-000037-index.htm",
    "finalLink": "https://www.sec.gov/Archives/edgar/data/935703/000093570304000037/form10ka.htm"
  },
  {
    "date": "2003-12-31",
    "symbol": "DLTR",
    "reportedCurrency": "USD",
    "cik": "0000935703",
    "fillingDate": "2004-04-13",
    "acceptedDate": "2004-04-13 17:25:47",
    "calendarYear": "2003",
    "period": "Q3",
    "revenue": 665211000,
    "costOfRevenue": 421612000,
    "grossProfit": 243599000,
    "grossProfitRatio": 0.3661980935,
    "researchAndDevelopmentExpenses": 0,
    "generalAndAdministrativeExpenses": 0,
    "sellingAndMarketingExpenses": 0,
    "sellingGeneralAndAdministrativeExpenses": 183234000,
    "otherExpenses": 0,
    "operatingExpenses": 183234000,
    "costAndExpenses": 604846000,
    "interestIncome": 574000,
    "interestExpense": 0,
    "depreciationAndAmortization": 26155000,
    "ebitda": 86520000,
    "ebitdaratio": 0.1300639947,
    "operatingIncome": 60365000,
    "operatingIncomeRatio": 0.0907456431,
    "totalOtherIncomeExpensesNet": -1566000,
    "incomeBeforeTax": 58799000,
    "incomeBeforeTaxRatio": 0.0883915028,
    "incomeTaxExpense": 22638000,
    "netIncome": 36161000,
    "netIncomeRatio": 0.0543601955,
    "eps": 0.1,
    "epsdiluted": 0.1,
    "weightedAverageShsOut": 345114000,
    "weightedAverageShsOutDil": 349281000,
    "link": "https://www.sec.gov/Archives/edgar/data/935703/000093570304000034/0000935703-04-000034-index.htm",
    "finalLink": "https://www.sec.gov/Archives/edgar/data/935703/000093570304000034/form10k041304.txt"
  },
  {
    "date": "2003-08-02",
    "symbol": "DLTR",
    "reportedCurrency": "USD",
    "cik": "0000935703",
    "fillingDate": "2003-09-12",
    "acceptedDate": "2003-09-12 15:59:51",
    "calendarYear": "2003",
    "period": "Q2",
    "revenue": 626028000,
    "costOfRevenue": 404921000,
    "grossProfit": 221107000,
    "grossProfitRatio": 0.3531902726,
    "researchAndDevelopmentExpenses": 0,
    "generalAndAdministrativeExpenses": 0,
    "sellingAndMarketingExpenses": 0,
    "sellingGeneralAndAdministrativeExpenses": 173507000,
    "otherExpenses": 0,
    "operatingExpenses": 173507000,
    "costAndExpenses": 578428000,
    "interestIncome": 714000,
    "interestExpense": 0,
    "depreciationAndAmortization": 24769000,
    "ebitda": 72369000,
    "ebitdaratio": 0.1156002607,
    "operatingIncome": 47600000,
    "operatingIncomeRatio": 0.0760349377,
    "totalOtherIncomeExpensesNet": -774000,
    "incomeBeforeTax": 46826000,
    "incomeBeforeTaxRatio": 0.0747985713,
    "incomeTaxExpense": 18027000,
    "netIncome": 28799000,
    "netIncomeRatio": 0.0460027347,
    "eps": 0.0833,
    "epsdiluted": 0.0833,
    "weightedAverageShsOut": 345588000,
    "weightedAverageShsOutDil": 345588000,
    "link": "https://www.sec.gov/Archives/edgar/data/935703/000093570303000067/0000935703-03-000067-index.htm",
    "finalLink": "https://www.sec.gov/Archives/edgar/data/935703/000093570303000067/form10q091203.htm"
  },
  {
    "date": "2003-05-03",
    "symbol": "DLTR",
    "reportedCurrency": "USD",
    "cik": "0000935703",
    "fillingDate": "2003-06-10",
    "acceptedDate": "2003-06-10 08:51:42",
    "calendarYear": "2003",
    "period": "Q1",
    "revenue": 615568000,
    "costOfRevenue": 397780000,
    "grossProfit": 217788000,
    "grossProfitRatio": 0.3538000676,
    "researchAndDevelopmentExpenses": 0,
    "generalAndAdministrativeExpenses": 0,
    "sellingAndMarketingExpenses": 0,
    "sellingGeneralAndAdministrativeExpenses": 163297000,
    "otherExpenses": 0,
    "operatingExpenses": 163297000,
    "costAndExpenses": 561077000,
    "interestIncome": 0,
    "interestExpense": 0,
    "depreciationAndAmortization": 23169000,
    "ebitda": 77660000,
    "ebitdaratio": 0.1261599043,
    "operatingIncome": 54491000,
    "operatingIncomeRatio": 0.0885214956,
    "totalOtherIncomeExpensesNet": -1165000,
    "incomeBeforeTax": 53326000,
    "incomeBeforeTaxRatio": 0.0866289346,
    "incomeTaxExpense": 20531000,
    "netIncome": 32795000,
    "netIncomeRatio": 0.0532759988,
    "eps": 0.0967,
    "epsdiluted": 0.0967,
    "weightedAverageShsOut": 339258621,
    "weightedAverageShsOutDil": 339258621,
    "link": "https://www.sec.gov/Archives/edgar/data/935703/000093570303000026/0000935703-03-000026-index.htm",
    "finalLink": "https://www.sec.gov/Archives/edgar/data/935703/000093570303000026/form10q061003.txt"
  },
  {
    "date": "2002-12-31",
    "symbol": "DLTR",
    "reportedCurrency": "USD",
    "cik": "0000935703",
    "fillingDate": "2003-03-28",
    "acceptedDate": "2003-03-27 18:06:35",
    "calendarYear": "2002",
    "period": "Q4",
    "revenue": 827481000,
    "costOfRevenue": 515464000,
    "grossProfit": 312017000,
    "grossProfitRatio": 0.3770684765,
    "researchAndDevelopmentExpenses": 0,
    "generalAndAdministrativeExpenses": 0,
    "sellingAndMarketingExpenses": 0,
    "sellingGeneralAndAdministrativeExpenses": 170435000,
    "otherExpenses": 0,
    "operatingExpenses": 170435000,
    "costAndExpenses": 685899000,
    "interestIncome": 0,
    "interestExpense": 0,
    "depreciationAndAmortization": 19836000,
    "ebitda": 161418000,
    "ebitdaratio": 0.1950715485,
    "operatingIncome": 141582000,
    "operatingIncomeRatio": 0.1711000011,
    "totalOtherIncomeExpensesNet": -150000,
    "incomeBeforeTax": 141432000,
    "incomeBeforeTaxRatio": 0.170918728,
    "incomeTaxExpense": 54452000,
    "netIncome": 86980000,
    "netIncomeRatio": 0.105114196,
    "eps": 0.26,
    "epsdiluted": 0.26,
    "weightedAverageShsOut": 338335000,
    "weightedAverageShsOutDil": 339258621,
    "link": "https://www.sec.gov/Archives/edgar/data/935703/000093570303000010/0000935703-03-000010-index.htm",
    "finalLink": "https://www.sec.gov/Archives/edgar/data/935703/000093570303000010/form10k032703.txt"
  },
  {
    "date": "2002-09-30",
    "symbol": "DLTR",
    "reportedCurrency": "USD",
    "cik": "0000935703",
    "fillingDate": "2002-11-14",
    "acceptedDate": "2002-11-14 09:21:28",
    "calendarYear": "2002",
    "period": "Q3",
    "revenue": 513504000,
    "costOfRevenue": 330921000,
    "grossProfit": 182583000,
    "grossProfitRatio": 0.3555629557,
    "researchAndDevelopmentExpenses": 0,
    "generalAndAdministrativeExpenses": 0,
    "sellingAndMarketingExpenses": 0,
    "sellingGeneralAndAdministrativeExpenses": 148487000,
    "otherExpenses": 0,
    "operatingExpenses": 148487000,
    "costAndExpenses": 479408000,
    "interestIncome": 0,
    "interestExpense": 0,
    "depreciationAndAmortization": 18180000,
    "ebitda": 52276000,
    "ebitdaratio": 0.1018025176,
    "operatingIncome": 34096000,
    "operatingIncomeRatio": 0.0663987038,
    "totalOtherIncomeExpensesNet": -1774000,
    "incomeBeforeTax": 32322000,
    "incomeBeforeTaxRatio": 0.0629440082,
    "incomeTaxExpense": 12444000,
    "netIncome": 19878000,
    "netIncomeRatio": 0.0387105066,
    "eps": 0.0567,
    "epsdiluted": 0.0567,
    "weightedAverageShsOut": 350788235,
    "weightedAverageShsOutDil": 350788235,
    "link": "https://www.sec.gov/Archives/edgar/data/935703/000093570302000034/0000935703-02-000034-index.htm",
    "finalLink": "https://www.sec.gov/Archives/edgar/data/935703/000093570302000034/form10q111402.txt"
  },
  {
    "date": "2002-06-30",
    "symbol": "DLTR",
    "reportedCurrency": "USD",
    "cik": "0000935703",
    "fillingDate": "2002-08-14",
    "acceptedDate": "2002-08-14 10:34:14",
    "calendarYear": "2002",
    "period": "Q2",
    "revenue": 498578000,
    "costOfRevenue": 318387000,
    "grossProfit": 180191000,
    "grossProfitRatio": 0.3614098496,
    "researchAndDevelopmentExpenses": 0,
    "generalAndAdministrativeExpenses": 0,
    "sellingAndMarketingExpenses": 0,
    "sellingGeneralAndAdministrativeExpenses": 138062000,
    "otherExpenses": 0,
    "operatingExpenses": 138062000,
    "costAndExpenses": 456449000,
    "interestIncome": 0,
    "interestExpense": 0,
    "depreciationAndAmortization": 17878000,
    "ebitda": 60007000,
    "ebitdaratio": 0.1203562933,
    "operatingIncome": 42129000,
    "operatingIncomeRatio": 0.0844983132,
    "totalOtherIncomeExpensesNet": -1094000,
    "incomeBeforeTax": 41035000,
    "incomeBeforeTaxRatio": 0.0823040728,
    "incomeTaxExpense": 15798000,
    "netIncome": 25237000,
    "netIncomeRatio": 0.0506179575,
    "eps": 0.0733,
    "epsdiluted": 0.0733,
    "weightedAverageShsOut": 344140909,
    "weightedAverageShsOutDil": 344140909,
    "link": "https://www.sec.gov/Archives/edgar/data/935703/000093570302000030/0000935703-02-000030-index.htm",
    "finalLink": "https://www.sec.gov/Archives/edgar/data/935703/000093570302000030/form10q081202.txt"
  },
  {
    "date": "2002-03-31",
    "symbol": "DLTR",
    "reportedCurrency": "USD",
    "cik": "0000935703",
    "fillingDate": "2002-05-13",
    "acceptedDate": "2002-05-13 16:47:08",
    "calendarYear": "2002",
    "period": "Q1",
    "revenue": 489625000,
    "costOfRevenue": 316460000,
    "grossProfit": 173165000,
    "grossProfitRatio": 0.3536686239,
    "researchAndDevelopmentExpenses": 0,
    "generalAndAdministrativeExpenses": 0,
    "sellingAndMarketingExpenses": 0,
    "sellingGeneralAndAdministrativeExpenses": 121330000,
    "otherExpenses": 15721000,
    "operatingExpenses": 137051000,
    "costAndExpenses": 453511000,
    "interestIncome": 0,
    "interestExpense": 0,
    "depreciationAndAmortization": 15721000,
    "ebitda": 51835000,
    "ebitdaratio": 0.1058667347,
    "operatingIncome": 36114000,
    "operatingIncomeRatio": 0.0737584886,
    "totalOtherIncomeExpensesNet": 556000,
    "incomeBeforeTax": 36670000,
    "incomeBeforeTaxRatio": 0.0748940516,
    "incomeTaxExpense": 14118000,
    "netIncome": 22552000,
    "netIncomeRatio": 0.0460597396,
    "eps": 0.0667,
    "epsdiluted": 0.0667,
    "weightedAverageShsOut": 338280000,
    "weightedAverageShsOutDil": 338280000,
    "link": "https://www.sec.gov/Archives/edgar/data/935703/000093570302000017/0000935703-02-000017-index.htm",
    "finalLink": "https://www.sec.gov/Archives/edgar/data/935703/000093570302000017/q10210q.txt"
  },
  {
    "date": "2001-12-31",
    "symbol": "DLTR",
    "reportedCurrency": "USD",
    "cik": "0000935703",
    "fillingDate": "2002-03-14",
    "acceptedDate": "2002-03-14 00:00:00",
    "calendarYear": "2001",
    "period": "Q4",
    "revenue": 714846000,
    "costOfRevenue": 441732000,
    "grossProfit": 273114000,
    "grossProfitRatio": 0.3820599122,
    "researchAndDevelopmentExpenses": 0,
    "generalAndAdministrativeExpenses": 0,
    "sellingAndMarketingExpenses": 0,
    "sellingGeneralAndAdministrativeExpenses": 133271000,
    "otherExpenses": 725982000,
    "operatingExpenses": 859253000,
    "costAndExpenses": 1300985000,
    "interestIncome": 0,
    "interestExpense": 0,
    "depreciationAndAmortization": 14982000,
    "ebitda": -571157000,
    "ebitdaratio": -0.7989930698,
    "operatingIncome": -586139000,
    "operatingIncomeRatio": -0.8199514301,
    "totalOtherIncomeExpensesNet": 709940000,
    "incomeBeforeTax": 123801000,
    "incomeBeforeTaxRatio": 0.1731855533,
    "incomeTaxExpense": 47713000,
    "netIncome": 76088000,
    "netIncomeRatio": 0.1064397087,
    "eps": 0.22,
    "epsdiluted": 0.22,
    "weightedAverageShsOut": 335708961,
    "weightedAverageShsOutDil": 338280000,
    "link": "https://www.sec.gov/Archives/edgar/data/935703/000093570302000009/0000935703-02-000009-index.htm",
    "finalLink": "https://www.sec.gov/Archives/edgar/data/935703/000093570302000009/dt0110k.txt"
  },
  {
    "date": "2001-09-30",
    "symbol": "DLTR",
    "reportedCurrency": "USD",
    "cik": "0000935703",
    "fillingDate": "2001-11-14",
    "acceptedDate": "2001-11-14 00:00:00",
    "calendarYear": "2001",
    "period": "Q3",
    "revenue": 444745000,
    "costOfRevenue": 290450000,
    "grossProfit": 154295000,
    "grossProfitRatio": 0.3469291392,
    "researchAndDevelopmentExpenses": 0,
    "generalAndAdministrativeExpenses": 0,
    "sellingAndMarketingExpenses": 0,
    "sellingGeneralAndAdministrativeExpenses": 114513000,
    "otherExpenses": 13962000,
    "operatingExpenses": 128475000,
    "costAndExpenses": 418925000,
    "interestIncome": 0,
    "interestExpense": 0,
    "depreciationAndAmortization": 13962000,
    "ebitda": 39782000,
    "ebitdaratio": 0.0894490101,
    "operatingIncome": 25820000,
    "operatingIncomeRatio": 0.0580557398,
    "totalOtherIncomeExpensesNet": -2142000,
    "incomeBeforeTax": 23678000,
    "incomeBeforeTaxRatio": 0.0532394968,
    "incomeTaxExpense": 9126000,
    "netIncome": 14552000,
    "netIncomeRatio": 0.0327198732,
    "eps": 0.0433,
    "epsdiluted": 0.0433,
    "weightedAverageShsOut": 335815385,
    "weightedAverageShsOutDil": 335815385,
    "link": "https://www.sec.gov/Archives/edgar/data/935703/000093570301500033/0000935703-01-500033-index.htm",
    "finalLink": "https://www.sec.gov/Archives/edgar/data/935703/000093570301500033/q3200110q.txt"
  },
  {
    "date": "2001-06-30",
    "symbol": "DLTR",
    "reportedCurrency": "USD",
    "cik": "0000935703",
    "fillingDate": "2001-08-14",
    "acceptedDate": "2001-08-14 00:00:00",
    "calendarYear": "2001",
    "period": "Q2",
    "revenue": 440361000,
    "costOfRevenue": 283274000,
    "grossProfit": 157087000,
    "grossProfitRatio": 0.3567232339,
    "researchAndDevelopmentExpenses": 0,
    "generalAndAdministrativeExpenses": 0,
    "sellingAndMarketingExpenses": 0,
    "sellingGeneralAndAdministrativeExpenses": 108854000,
    "otherExpenses": 12988000,
    "operatingExpenses": 121842000,
    "costAndExpenses": 405116000,
    "interestIncome": 0,
    "interestExpense": 0,
    "depreciationAndAmortization": 12988000,
    "ebitda": 48233000,
    "ebitdaratio": 0.1095305897,
    "operatingIncome": 35245000,
    "operatingIncomeRatio": 0.0800366063,
    "totalOtherIncomeExpensesNet": -7000,
    "incomeBeforeTax": 35238000,
    "incomeBeforeTaxRatio": 0.0800207103,
    "incomeTaxExpense": 13580000,
    "netIncome": 21658000,
    "netIncomeRatio": 0.0491823754,
    "eps": 0.0633,
    "epsdiluted": 0.0633,
    "weightedAverageShsOut": 341968421,
    "weightedAverageShsOutDil": 341968421,
    "link": "https://www.sec.gov/Archives/edgar/data/935703/000093570301500024/0000935703-01-500024-index.htm",
    "finalLink": "https://www.sec.gov/Archives/edgar/data/935703/000093570301500024/q20110q.txt"
  },
  {
    "date": "2001-03-31",
    "symbol": "DLTR",
    "reportedCurrency": "USD",
    "cik": "0000935703",
    "fillingDate": "2001-05-11",
    "acceptedDate": "2001-05-11 00:00:00",
    "calendarYear": "2001",
    "period": "Q1",
    "revenue": 387319000,
    "costOfRevenue": 255858000,
    "grossProfit": 131461000,
    "grossProfitRatio": 0.3394127321,
    "researchAndDevelopmentExpenses": 0,
    "generalAndAdministrativeExpenses": 0,
    "sellingAndMarketingExpenses": 0,
    "sellingGeneralAndAdministrativeExpenses": 101691000,
    "otherExpenses": 11831000,
    "operatingExpenses": 113522000,
    "costAndExpenses": 369380000,
    "interestIncome": 0,
    "interestExpense": 0,
    "depreciationAndAmortization": 11831000,
    "ebitda": 29770000,
    "ebitdaratio": 0.0768617083,
    "operatingIncome": 17939000,
    "operatingIncomeRatio": 0.0463158275,
    "totalOtherIncomeExpensesNet": -405000,
    "incomeBeforeTax": 17534000,
    "incomeBeforeTaxRatio": 0.0452701778,
    "incomeTaxExpense": 6751000,
    "netIncome": 10783000,
    "netIncomeRatio": 0.0278401008,
    "eps": 0.0333,
    "epsdiluted": 0.0333,
    "weightedAverageShsOut": 323490000,
    "weightedAverageShsOutDil": 323490000,
    "link": "https://www.sec.gov/Archives/edgar/data/935703/000093570301500012/0000935703-01-500012-index.htm",
    "finalLink": "https://www.sec.gov/Archives/edgar/data/935703/000093570301500012/q10110q.txt"
  },
  {
    "date": "2000-12-31",
    "symbol": "DLTR",
    "reportedCurrency": "USD",
    "cik": "0000935703",
    "fillingDate": "2001-03-30",
    "acceptedDate": "2001-03-30 00:00:00",
    "calendarYear": "2000",
    "period": "Q4",
    "revenue": 599173000,
    "costOfRevenue": 365092000,
    "grossProfit": 234081000,
    "grossProfitRatio": 0.3906734783,
    "researchAndDevelopmentExpenses": 0,
    "generalAndAdministrativeExpenses": 0,
    "sellingAndMarketingExpenses": 0,
    "sellingGeneralAndAdministrativeExpenses": 113935000,
    "otherExpenses": 13084000,
    "operatingExpenses": 127019000,
    "costAndExpenses": 492111000,
    "interestIncome": 0,
    "interestExpense": 0,
    "depreciationAndAmortization": 13084000,
    "ebitda": 120146000,
    "ebitdaratio": 0.2005197163,
    "operatingIncome": 107062000,
    "operatingIncomeRatio": 0.1786829513,
    "totalOtherIncomeExpensesNet": -1634000,
    "incomeBeforeTax": 105428000,
    "incomeBeforeTaxRatio": 0.1759558592,
    "incomeTaxExpense": 40756000,
    "netIncome": 64672000,
    "netIncomeRatio": 0.1079354377,
    "eps": 0.2,
    "epsdiluted": 0.2,
    "weightedAverageShsOut": 323255379,
    "weightedAverageShsOutDil": 323490000,
    "link": "https://www.sec.gov/Archives/edgar/data/935703/000093570301500006/0000935703-01-500006-index.htm",
    "finalLink": "https://www.sec.gov/Archives/edgar/data/935703/000093570301500006/form10k.txt"
  },
  {
    "date": "2000-09-30",
    "symbol": "DLTR",
    "reportedCurrency": "USD",
    "cik": "0000935703",
    "fillingDate": "2000-11-14",
    "acceptedDate": "2000-11-14 00:00:00",
    "calendarYear": "2000",
    "period": "Q3",
    "revenue": 377318000,
    "costOfRevenue": 238328000,
    "grossProfit": 138990000,
    "grossProfitRatio": 0.3683630254,
    "researchAndDevelopmentExpenses": 0,
    "generalAndAdministrativeExpenses": 0,
    "sellingAndMarketingExpenses": 0,
    "sellingGeneralAndAdministrativeExpenses": 92023000,
    "otherExpenses": 10638000,
    "operatingExpenses": 102661000,
    "costAndExpenses": 340989000,
    "interestIncome": 0,
    "interestExpense": 0,
    "depreciationAndAmortization": 10638000,
    "ebitda": 46967000,
    "ebitdaratio": 0.1244759063,
    "operatingIncome": 36329000,
    "operatingIncomeRatio": 0.0962821811,
    "totalOtherIncomeExpensesNet": -799000,
    "incomeBeforeTax": 35530000,
    "incomeBeforeTaxRatio": 0.0941646039,
    "incomeTaxExpense": 13680000,
    "netIncome": 21850000,
    "netIncomeRatio": 0.0579087136,
    "eps": 0.07,
    "epsdiluted": 0.0633,
    "weightedAverageShsOut": 318345000,
    "weightedAverageShsOutDil": 340497000,
    "link": "https://www.sec.gov/Archives/edgar/data/935703/000093570300500015/0000935703-00-500015-index.htm",
    "finalLink": "https://www.sec.gov/Archives/edgar/data/935703/000093570300500015/0000935703-00-500015-0001.txt"
  },
  {
    "date": "2000-06-30",
    "symbol": "DLTR",
    "reportedCurrency": "USD",
    "cik": "0000935703",
    "fillingDate": "2000-08-11",
    "acceptedDate": "2000-08-11 00:00:00",
    "calendarYear": "2000",
    "period": "Q2",
    "revenue": 384503000,
    "costOfRevenue": 246458000,
    "grossProfit": 138045000,
    "grossProfitRatio": 0.3590219062,
    "researchAndDevelopmentExpenses": 0,
    "generalAndAdministrativeExpenses": 0,
    "sellingAndMarketingExpenses": 0,
    "sellingGeneralAndAdministrativeExpenses": 90963000,
    "otherExpenses": 9556000,
    "operatingExpenses": 100519000,
    "costAndExpenses": 346977000,
    "interestIncome": 0,
    "interestExpense": 0,
    "depreciationAndAmortization": 10387000,
    "ebitda": 47913000,
    "ebitdaratio": 0.1246102111,
    "operatingIncome": 37526000,
    "operatingIncomeRatio": 0.0975961176,
    "totalOtherIncomeExpensesNet": -1718000,
    "incomeBeforeTax": 35808000,
    "incomeBeforeTaxRatio": 0.093128012,
    "incomeTaxExpense": 14273000,
    "netIncome": 21148000,
    "netIncomeRatio": 0.0550008713,
    "eps": 0.0667,
    "epsdiluted": 0.0633,
    "weightedAverageShsOut": 304845000,
    "weightedAverageShsOutDil": 335244000,
    "link": "https://www.sec.gov/Archives/edgar/data/935703/000093570300500007/0000935703-00-500007-index.htm",
    "finalLink": "https://www.sec.gov/Archives/edgar/data/935703/000093570300500007/0000935703-00-500007-0001.txt"
  },
  {
    "date": "2000-03-31",
    "symbol": "DLTR",
    "reportedCurrency": "USD",
    "cik": "0000935703",
    "fillingDate": "2000-05-10",
    "acceptedDate": "2000-05-10 00:00:00",
    "calendarYear": "2000",
    "period": "Q1",
    "revenue": 291599000,
    "costOfRevenue": 187657000,
    "grossProfit": 103942000,
    "grossProfitRatio": 0.3564552691,
    "researchAndDevelopmentExpenses": 0,
    "generalAndAdministrativeExpenses": 0,
    "sellingAndMarketingExpenses": 0,
    "sellingGeneralAndAdministrativeExpenses": 72139000,
    "otherExpenses": 7862000,
    "operatingExpenses": 80001000,
    "costAndExpenses": 267658000,
    "interestIncome": 0,
    "interestExpense": 0,
    "depreciationAndAmortization": 7862000,
    "ebitda": 31803000,
    "ebitdaratio": 0.10906416,
    "operatingIncome": 23941000,
    "operatingIncomeRatio": 0.0821024763,
    "totalOtherIncomeExpensesNet": 154000,
    "incomeBeforeTax": 24095000,
    "incomeBeforeTaxRatio": 0.0826305989,
    "incomeTaxExpense": 9276000,
    "netIncome": 14819000,
    "netIncomeRatio": 0.0508197902,
    "eps": 0.0533,
    "epsdiluted": 0.0489,
    "weightedAverageShsOut": 277856250,
    "weightedAverageShsOutDil": 303115909,
    "link": "https://www.sec.gov/Archives/edgar/data/935703/000093570300000027/0000935703-00-000027-index.html",
    "finalLink": "https://www.sec.gov/Archives/edgar/data/935703/000093570300000027/"
  },
  {
    "date": "1999-12-31",
    "symbol": "DLTR",
    "reportedCurrency": "USD",
    "cik": "0000935703",
    "fillingDate": "2000-03-17",
    "acceptedDate": "2000-03-17 00:00:00",
    "calendarYear": "1999",
    "period": "Q4",
    "revenue": 452400000,
    "costOfRevenue": 273500000,
    "grossProfit": 178900000,
    "grossProfitRatio": 0.3954465075,
    "researchAndDevelopmentExpenses": 0,
    "generalAndAdministrativeExpenses": 0,
    "sellingAndMarketingExpenses": 0,
    "sellingGeneralAndAdministrativeExpenses": 78000000,
    "otherExpenses": 7900000,
    "operatingExpenses": 85900000,
    "costAndExpenses": 359400000,
    "interestIncome": 0,
    "interestExpense": 0,
    "depreciationAndAmortization": 7900000,
    "ebitda": 100900000,
    "ebitdaratio": 0.2230327144,
    "operatingIncome": 93000000,
    "operatingIncomeRatio": 0.2055702918,
    "totalOtherIncomeExpensesNet": -1000000,
    "incomeBeforeTax": 92000000,
    "incomeBeforeTaxRatio": 0.2033598585,
    "incomeTaxExpense": 35400000,
    "netIncome": 56600000,
    "netIncomeRatio": 0.1251105217,
    "eps": 0.2,
    "epsdiluted": 0.2,
    "weightedAverageShsOut": 277856250,
    "weightedAverageShsOutDil": 277856250,
    "link": "https://www.sec.gov/Archives/edgar/data/935703/000093570300000011/0000935703-00-000011-index.html",
    "finalLink": "https://www.sec.gov/Archives/edgar/data/935703/000093570300000011/"
  },
  {
    "date": "1999-09-30",
    "symbol": "DLTR",
    "reportedCurrency": "USD",
    "cik": "0000935703",
    "fillingDate": "1999-11-12",
    "acceptedDate": "1999-11-12 00:00:00",
    "calendarYear": "1999",
    "period": "Q3",
    "revenue": 265400000,
    "costOfRevenue": 167300000,
    "grossProfit": 98100000,
    "grossProfitRatio": 0.369630746,
    "researchAndDevelopmentExpenses": 0,
    "generalAndAdministrativeExpenses": 0,
    "sellingAndMarketingExpenses": 0,
    "sellingGeneralAndAdministrativeExpenses": 64000000,
    "otherExpenses": 7100000,
    "operatingExpenses": 71100000,
    "costAndExpenses": 238400000,
    "interestIncome": 0,
    "interestExpense": 0,
    "depreciationAndAmortization": 7100000,
    "ebitda": 34100000,
    "ebitdaratio": 0.1284853052,
    "operatingIncome": 27000000,
    "operatingIncomeRatio": 0.1017332329,
    "totalOtherIncomeExpensesNet": -800000,
    "incomeBeforeTax": 26200000,
    "incomeBeforeTaxRatio": 0.0987189148,
    "incomeTaxExpense": 10100000,
    "netIncome": 16100000,
    "netIncomeRatio": 0.06066315,
    "eps": 0.0567,
    "epsdiluted": 0.0533,
    "weightedAverageShsOut": 284117647,
    "weightedAverageShsOutDil": 301875000,
    "link": "https://www.sec.gov/Archives/edgar/data/935703/000093570399000041/0000935703-99-000041-index.html",
    "finalLink": "https://www.sec.gov/Archives/edgar/data/935703/000093570399000041/"
  },
  {
    "date": "1999-06-30",
    "symbol": "DLTR",
    "reportedCurrency": "USD",
    "cik": "0000935703",
    "fillingDate": "1999-08-10",
    "acceptedDate": "1999-08-10 00:00:00",
    "calendarYear": "1999",
    "period": "Q2",
    "revenue": 253300000,
    "costOfRevenue": 159500000,
    "grossProfit": 93800000,
    "grossProfitRatio": 0.3703118831,
    "researchAndDevelopmentExpenses": 0,
    "generalAndAdministrativeExpenses": 0,
    "sellingAndMarketingExpenses": 0,
    "sellingGeneralAndAdministrativeExpenses": 61700000,
    "otherExpenses": 6900000,
    "operatingExpenses": 68600000,
    "costAndExpenses": 228100000,
    "interestIncome": 0,
    "interestExpense": 0,
    "depreciationAndAmortization": 6880000,
    "ebitda": 32100000,
    "ebitdaratio": 0.1267272009,
    "operatingIncome": 25200000,
    "operatingIncomeRatio": 0.0994867746,
    "totalOtherIncomeExpensesNet": -1800000,
    "incomeBeforeTax": 23400000,
    "incomeBeforeTaxRatio": 0.0923805764,
    "incomeTaxExpense": 8900000,
    "netIncome": 14500000,
    "netIncomeRatio": 0.0572443743,
    "eps": 0.05,
    "epsdiluted": 0.0467,
    "weightedAverageShsOut": 290000000,
    "weightedAverageShsOutDil": 310714286,
    "link": "https://www.sec.gov/Archives/edgar/data/935703/000093570399000031/0000935703-99-000031-index.html",
    "finalLink": "https://www.sec.gov/Archives/edgar/data/935703/000093570399000031/"
  },
  {
    "date": "1999-03-31",
    "symbol": "DLTR",
    "reportedCurrency": "USD",
    "cik": "0000935703",
    "fillingDate": "1999-05-13",
    "acceptedDate": "1999-05-13 00:00:00",
    "calendarYear": "1999",
    "period": "Q1",
    "revenue": 227044000,
    "costOfRevenue": 146179000,
    "grossProfit": 80865000,
    "grossProfitRatio": 0.3561644439,
    "researchAndDevelopmentExpenses": 0,
    "generalAndAdministrativeExpenses": 0,
    "sellingAndMarketingExpenses": 0,
    "sellingGeneralAndAdministrativeExpenses": 56125000,
    "otherExpenses": 6220000,
    "operatingExpenses": 62345000,
    "costAndExpenses": 208524000,
    "interestIncome": 0,
    "interestExpense": 0,
    "depreciationAndAmortization": 6220000,
    "ebitda": 24740000,
    "ebitdaratio": 0.108965663,
    "operatingIncome": 18520000,
    "operatingIncomeRatio": 0.0815700921,
    "totalOtherIncomeExpensesNet": -482000,
    "incomeBeforeTax": 18038000,
    "incomeBeforeTaxRatio": 0.0794471556,
    "incomeTaxExpense": 6945000,
    "netIncome": 10700000,
    "netIncomeRatio": 0.047127429,
    "eps": 0.04,
    "epsdiluted": 0.0367,
    "weightedAverageShsOut": 276805098,
    "weightedAverageShsOutDil": 305437782,
    "link": "https://www.sec.gov/Archives/edgar/data/935703/000093570399000025/0000935703-99-000025-index.html",
    "finalLink": "https://www.sec.gov/Archives/edgar/data/935703/"
  },
  {
    "date": "1998-12-31",
    "symbol": "DLTR",
    "reportedCurrency": "USD",
    "cik": "0000935703",
    "fillingDate": "1999-03-25",
    "acceptedDate": "1999-03-25 00:00:00",
    "calendarYear": "1998",
    "period": "Q4",
    "revenue": 418000000,
    "costOfRevenue": 258100000,
    "grossProfit": 159900000,
    "grossProfitRatio": 0.3825358852,
    "researchAndDevelopmentExpenses": 0,
    "generalAndAdministrativeExpenses": 0,
    "sellingAndMarketingExpenses": 0,
    "sellingGeneralAndAdministrativeExpenses": 79600000,
    "otherExpenses": 7300000,
    "operatingExpenses": 86900000,
    "costAndExpenses": 345000000,
    "interestIncome": 0,
    "interestExpense": 0,
    "depreciationAndAmortization": 7300000,
    "ebitda": 80300000,
    "ebitdaratio": 0.1921052632,
    "operatingIncome": 73000000,
    "operatingIncomeRatio": 0.1746411483,
    "totalOtherIncomeExpensesNet": -6900000,
    "incomeBeforeTax": 66100000,
    "incomeBeforeTaxRatio": 0.1581339713,
    "incomeTaxExpense": 26300000,
    "netIncome": 39800000,
    "netIncomeRatio": 0.095215311,
    "eps": 0.15,
    "epsdiluted": 0.15,
    "weightedAverageShsOut": 267500000,
    "weightedAverageShsOutDil": 267500000,
    "link": "https://www.sec.gov/Archives/edgar/data/935703/000093570399000019/0000935703-99-000019-index.html",
    "finalLink": "https://www.sec.gov/Archives/edgar/data/935703/"
  },
  {
    "date": "1998-09-30",
    "symbol": "DLTR",
    "reportedCurrency": "USD",
    "cik": "0000935703",
    "fillingDate": "1998-11-13",
    "acceptedDate": "1998-11-13 00:00:00",
    "calendarYear": "1998",
    "period": "Q3",
    "revenue": 210000000,
    "costOfRevenue": 132000000,
    "grossProfit": 78000000,
    "grossProfitRatio": 0.3714285714,
    "researchAndDevelopmentExpenses": 0,
    "generalAndAdministrativeExpenses": 0,
    "sellingAndMarketingExpenses": 0,
    "sellingGeneralAndAdministrativeExpenses": 51300000,
    "otherExpenses": 5200000,
    "operatingExpenses": 56500000,
    "costAndExpenses": 188500000,
    "interestIncome": 0,
    "interestExpense": 0,
    "depreciationAndAmortization": 5200000,
    "ebitda": 26700000,
    "ebitdaratio": 0.1271428571,
    "operatingIncome": 21500000,
    "operatingIncomeRatio": 0.1023809524,
    "totalOtherIncomeExpensesNet": -1500000,
    "incomeBeforeTax": 20000000,
    "incomeBeforeTaxRatio": 0.0952380952,
    "incomeTaxExpense": 7600000,
    "netIncome": 11500000,
    "netIncomeRatio": 0.0547619048,
    "eps": 0.0433,
    "epsdiluted": 0.04,
    "weightedAverageShsOut": 286153846,
    "weightedAverageShsOutDil": 310000000,
    "link": "https://www.sec.gov/Archives/edgar/data/935703/000093570398000052/0000935703-98-000052-index.html",
    "finalLink": "https://www.sec.gov/Archives/edgar/data/935703/"
  },
  {
    "date": "1998-06-30",
    "symbol": "DLTR",
    "reportedCurrency": "USD",
    "cik": "0000935703",
    "fillingDate": "1998-08-13",
    "acceptedDate": "1998-08-13 00:00:00",
    "calendarYear": "1998",
    "period": "Q2",
    "revenue": 205200000,
    "costOfRevenue": 131100000,
    "grossProfit": 74100000,
    "grossProfitRatio": 0.3611111111,
    "researchAndDevelopmentExpenses": 0,
    "generalAndAdministrativeExpenses": 0,
    "sellingAndMarketingExpenses": 0,
    "sellingGeneralAndAdministrativeExpenses": 49500000,
    "otherExpenses": 4900000,
    "operatingExpenses": 54400000,
    "costAndExpenses": 185500000,
    "interestIncome": 0,
    "interestExpense": 0,
    "depreciationAndAmortization": 4900000,
    "ebitda": 24600000,
    "ebitdaratio": 0.1198830409,
    "operatingIncome": 19700000,
    "operatingIncomeRatio": 0.0960038986,
    "totalOtherIncomeExpensesNet": -1000000,
    "incomeBeforeTax": 18700000,
    "incomeBeforeTaxRatio": 0.0911306043,
    "incomeTaxExpense": 6900000,
    "netIncome": 10700000,
    "netIncomeRatio": 0.0521442495,
    "eps": 0.0433,
    "epsdiluted": 0.0367,
    "weightedAverageShsOut": 272307692,
    "weightedAverageShsOutDil": 321818182,
    "link": "https://www.sec.gov/Archives/edgar/data/935703/000093570398000043/0000935703-98-000043-index.html",
    "finalLink": "https://www.sec.gov/Archives/edgar/data/935703/"
  },
  {
    "date": "1998-03-31",
    "symbol": "DLTR",
    "reportedCurrency": "USD",
    "cik": "0000935703",
    "fillingDate": "1998-05-13",
    "acceptedDate": "1998-05-13 00:00:00",
    "calendarYear": "1998",
    "period": "Q1",
    "revenue": 175500000,
    "costOfRevenue": 112900000,
    "grossProfit": 62600000,
    "grossProfitRatio": 0.3566951567,
    "researchAndDevelopmentExpenses": 0,
    "generalAndAdministrativeExpenses": 0,
    "sellingAndMarketingExpenses": 0,
    "sellingGeneralAndAdministrativeExpenses": 44900000,
    "otherExpenses": 4400000,
    "operatingExpenses": 49300000,
    "costAndExpenses": 162200000,
    "interestIncome": 0,
    "interestExpense": 0,
    "depreciationAndAmortization": 4400000,
    "ebitda": 17700000,
    "ebitdaratio": 0.1008547009,
    "operatingIncome": 13300000,
    "operatingIncomeRatio": 0.0757834758,
    "totalOtherIncomeExpensesNet": -700000,
    "incomeBeforeTax": 12600000,
    "incomeBeforeTaxRatio": 0.0717948718,
    "incomeTaxExpense": 4900000,
    "netIncome": 7000000,
    "netIncomeRatio": 0.0398860399,
    "eps": 0.03,
    "epsdiluted": 0.0267,
    "weightedAverageShsOut": 256666667,
    "weightedAverageShsOutDil": 288750000,
    "link": "https://www.sec.gov/Archives/edgar/data/935703/000093570398000029/0000935703-98-000029-index.html",
    "finalLink": "https://www.sec.gov/Archives/edgar/data/935703/"
  },
  {
    "date": "1997-12-31",
    "symbol": "DLTR",
    "reportedCurrency": "USD",
    "cik": "0000935703",
    "fillingDate": "1998-03-30",
    "acceptedDate": "1998-03-30 00:00:00",
    "calendarYear": "1997",
    "period": "Q4",
    "revenue": 246000000,
    "costOfRevenue": 148900000,
    "grossProfit": 97100000,
    "grossProfitRatio": 0.3947154472,
    "researchAndDevelopmentExpenses": 0,
    "generalAndAdministrativeExpenses": 0,
    "sellingAndMarketingExpenses": 0,
    "sellingGeneralAndAdministrativeExpenses": 43400000,
    "otherExpenses": 3700000,
    "operatingExpenses": 47100000,
    "costAndExpenses": 196000000,
    "interestIncome": 0,
    "interestExpense": 0,
    "depreciationAndAmortization": 3700000,
    "ebitda": 53700000,
    "ebitdaratio": 0.2182926829,
    "operatingIncome": 50000000,
    "operatingIncomeRatio": 0.2032520325,
    "totalOtherIncomeExpensesNet": -700000,
    "incomeBeforeTax": 49300000,
    "incomeBeforeTaxRatio": 0.2004065041,
    "incomeTaxExpense": 19000000,
    "netIncome": 30300000,
    "netIncomeRatio": 0.1231707317,
    "eps": 0.12,
    "epsdiluted": 0.12,
    "weightedAverageShsOut": 262500000,
    "weightedAverageShsOutDil": 262500000,
    "link": "https://www.sec.gov/Archives/edgar/data/935703/000093570398000005/0000935703-98-000005-index.html",
    "finalLink": "https://www.sec.gov/Archives/edgar/data/935703/"
  },
  {
    "date": "1997-09-30",
    "symbol": "DLTR",
    "reportedCurrency": "USD",
    "cik": "0000935703",
    "fillingDate": "1997-11-14",
    "acceptedDate": "1997-11-14 00:00:00",
    "calendarYear": "1997",
    "period": "Q3",
    "revenue": 142400000,
    "costOfRevenue": 88600000,
    "grossProfit": 53800000,
    "grossProfitRatio": 0.3778089888,
    "researchAndDevelopmentExpenses": 0,
    "generalAndAdministrativeExpenses": 0,
    "sellingAndMarketingExpenses": 0,
    "sellingGeneralAndAdministrativeExpenses": 35400000,
    "otherExpenses": 3300000,
    "operatingExpenses": 38700000,
    "costAndExpenses": 127300000,
    "interestIncome": 0,
    "interestExpense": 0,
    "depreciationAndAmortization": 3300000,
    "ebitda": 18400000,
    "ebitdaratio": 0.1292134831,
    "operatingIncome": 15100000,
    "operatingIncomeRatio": 0.1060393258,
    "totalOtherIncomeExpensesNet": -1000000,
    "incomeBeforeTax": 14100000,
    "incomeBeforeTaxRatio": 0.0990168539,
    "incomeTaxExpense": 5400000,
    "netIncome": 8700000,
    "netIncomeRatio": 0.0610955056,
    "eps": 0.0333,
    "epsdiluted": 0.03,
    "weightedAverageShsOut": 261000000,
    "weightedAverageShsOutDil": 290000000,
    "link": "https://www.sec.gov/Archives/edgar/data/935703/000093570397000069/0000935703-97-000069-index.html",
    "finalLink": "https://www.sec.gov/Archives/edgar/data/935703/"
  },
  {
    "date": "1997-06-30",
    "symbol": "DLTR",
    "reportedCurrency": "USD",
    "cik": "0000935703",
    "fillingDate": "1997-08-12",
    "acceptedDate": "1997-08-12 00:00:00",
    "calendarYear": "1997",
    "period": "Q2",
    "revenue": 129300000,
    "costOfRevenue": 83200000,
    "grossProfit": 46100000,
    "grossProfitRatio": 0.3565351895,
    "researchAndDevelopmentExpenses": 0,
    "generalAndAdministrativeExpenses": 0,
    "sellingAndMarketingExpenses": 0,
    "sellingGeneralAndAdministrativeExpenses": 32400000,
    "otherExpenses": 3200000,
    "operatingExpenses": 35600000,
    "costAndExpenses": 118800000,
    "interestIncome": 0,
    "interestExpense": 0,
    "depreciationAndAmortization": 3200000,
    "ebitda": 13700000,
    "ebitdaratio": 0.1059551431,
    "operatingIncome": 10500000,
    "operatingIncomeRatio": 0.0812064965,
    "totalOtherIncomeExpensesNet": -700000,
    "incomeBeforeTax": 9800000,
    "incomeBeforeTaxRatio": 0.0757927301,
    "incomeTaxExpense": 3800000,
    "netIncome": 6000000,
    "netIncomeRatio": 0.0464037123,
    "eps": 0.02,
    "epsdiluted": 0.02,
    "weightedAverageShsOut": 300000000,
    "weightedAverageShsOutDil": 300000000,
    "link": "https://www.sec.gov/Archives/edgar/data/935703/000093570397000056/0000935703-97-000056-index.html",
    "finalLink": "https://www.sec.gov/Archives/edgar/data/935703/"
  },
  {
    "date": "1997-03-31",
    "symbol": "DLTR",
    "reportedCurrency": "USD",
    "cik": "0000935703",
    "fillingDate": "1997-05-15",
    "acceptedDate": "1997-05-15 00:00:00",
    "calendarYear": "1997",
    "period": "Q1",
    "revenue": 117700000,
    "costOfRevenue": 76500000,
    "grossProfit": 41200000,
    "grossProfitRatio": 0.3500424809,
    "researchAndDevelopmentExpenses": 0,
    "generalAndAdministrativeExpenses": 0,
    "sellingAndMarketingExpenses": 0,
    "sellingGeneralAndAdministrativeExpenses": 32100000,
    "otherExpenses": 2900000,
    "operatingExpenses": 35000000,
    "costAndExpenses": 111500000,
    "interestIncome": 0,
    "interestExpense": 0,
    "depreciationAndAmortization": 2900000,
    "ebitda": 9100000,
    "ebitdaratio": 0.0773152082,
    "operatingIncome": 6200000,
    "operatingIncomeRatio": 0.0526762957,
    "totalOtherIncomeExpensesNet": -400000,
    "incomeBeforeTax": 5800000,
    "incomeBeforeTaxRatio": 0.049277825,
    "incomeTaxExpense": 2200000,
    "netIncome": 3600000,
    "netIncomeRatio": 0.0305862362,
    "eps": 0.01,
    "epsdiluted": 0.01,
    "weightedAverageShsOut": 262833133,
    "weightedAverageShsOutDil": 262833133,
    "link": "https://www.sec.gov/Archives/edgar/data/935703/000093570397000035/0000935703-97-000035-index.html",
    "finalLink": "https://www.sec.gov/Archives/edgar/data/935703/"
  },
  {
    "date": "1996-12-31",
    "symbol": "DLTR",
    "reportedCurrency": "USD",
    "cik": "0000935703",
    "fillingDate": "1997-03-28",
    "acceptedDate": "1997-03-28 00:00:00",
    "calendarYear": "1996",
    "period": "Q4",
    "revenue": 194700000,
    "costOfRevenue": 119300000,
    "grossProfit": 75400000,
    "grossProfitRatio": 0.3872624551,
    "researchAndDevelopmentExpenses": 0,
    "generalAndAdministrativeExpenses": 0,
    "sellingAndMarketingExpenses": 0,
    "sellingGeneralAndAdministrativeExpenses": 33600000,
    "otherExpenses": 3000000,
    "operatingExpenses": 36600000,
    "costAndExpenses": 155900000,
    "interestIncome": 0,
    "interestExpense": 0,
    "depreciationAndAmortization": 3000000,
    "ebitda": 41800000,
    "ebitdaratio": 0.2146892655,
    "operatingIncome": 38800000,
    "operatingIncomeRatio": 0.199280945,
    "totalOtherIncomeExpensesNet": -1000000,
    "incomeBeforeTax": 37800000,
    "incomeBeforeTaxRatio": 0.1941448382,
    "incomeTaxExpense": 14600000,
    "netIncome": 23200000,
    "netIncomeRatio": 0.1191576785,
    "eps": 0.0883,
    "epsdiluted": 0.0883,
    "weightedAverageShsOut": 262833133,
    "weightedAverageShsOutDil": 262833133,
    "link": "https://www.sec.gov/Archives/edgar/data/935703/000093570397000018/0000935703-97-000018-index.html",
    "finalLink": "https://www.sec.gov/Archives/edgar/data/935703/"
  },
  {
    "date": "1996-09-30",
    "symbol": "DLTR",
    "reportedCurrency": "USD",
    "cik": "0000935703",
    "fillingDate": "1996-11-13",
    "acceptedDate": "1996-11-13 00:00:00",
    "calendarYear": "1996",
    "period": "Q3",
    "revenue": 110600000,
    "costOfRevenue": 68700000,
    "grossProfit": 41900000,
    "grossProfitRatio": 0.3788426763,
    "researchAndDevelopmentExpenses": 0,
    "generalAndAdministrativeExpenses": 0,
    "sellingAndMarketingExpenses": 0,
    "sellingGeneralAndAdministrativeExpenses": 28100000,
    "otherExpenses": 2700000,
    "operatingExpenses": 30800000,
    "costAndExpenses": 99500000,
    "interestIncome": 0,
    "interestExpense": 0,
    "depreciationAndAmortization": 2700000,
    "ebitda": 13800000,
    "ebitdaratio": 0.1247739602,
    "operatingIncome": 11100000,
    "operatingIncomeRatio": 0.1003616637,
    "totalOtherIncomeExpensesNet": -1400000,
    "incomeBeforeTax": 9700000,
    "incomeBeforeTaxRatio": 0.0877034358,
    "incomeTaxExpense": 3700000,
    "netIncome": 6000000,
    "netIncomeRatio": 0.0542495479,
    "eps": 0.02,
    "epsdiluted": 0.02,
    "weightedAverageShsOut": 300000000,
    "weightedAverageShsOutDil": 300000000,
    "link": "https://www.sec.gov/Archives/edgar/data/935703/000093570396000019/0000935703-96-000019-index.html",
    "finalLink": "https://www.sec.gov/Archives/edgar/data/935703/"
  },
  {
    "date": "1996-06-30",
    "symbol": "DLTR",
    "reportedCurrency": "USD",
    "cik": "0000935703",
    "fillingDate": "1996-08-14",
    "acceptedDate": "1996-08-14 00:00:00",
    "calendarYear": "1996",
    "period": "Q2",
    "revenue": 102700000,
    "costOfRevenue": 67000000,
    "grossProfit": 35700000,
    "grossProfitRatio": 0.3476144109,
    "researchAndDevelopmentExpenses": 0,
    "generalAndAdministrativeExpenses": 0,
    "sellingAndMarketingExpenses": 0,
    "sellingGeneralAndAdministrativeExpenses": 25500000,
    "otherExpenses": 2600000,
    "operatingExpenses": 28100000,
    "costAndExpenses": 95100000,
    "interestIncome": 0,
    "interestExpense": 0,
    "depreciationAndAmortization": 2600000,
    "ebitda": 10200000,
    "ebitdaratio": 0.0993184031,
    "operatingIncome": 7600000,
    "operatingIncomeRatio": 0.0740019474,
    "totalOtherIncomeExpensesNet": -1600000,
    "incomeBeforeTax": 6000000,
    "incomeBeforeTaxRatio": 0.0584225901,
    "incomeTaxExpense": 2300000,
    "netIncome": 3700000,
    "netIncomeRatio": 0.0360272639,
    "eps": 0.0133,
    "epsdiluted": 0.0133,
    "weightedAverageShsOut": 277500000,
    "weightedAverageShsOutDil": 277500000,
    "link": "https://www.sec.gov/Archives/edgar/data/935703/000093570396000013/0000935703-96-000013-index.html",
    "finalLink": "https://www.sec.gov/Archives/edgar/data/935703/"
  },
  {
    "date": "1996-03-31",
    "symbol": "DLTR",
    "reportedCurrency": "USD",
    "cik": "0000935703",
    "fillingDate": "1996-05-15",
    "acceptedDate": "1996-05-15 00:00:00",
    "calendarYear": "1996",
    "period": "Q1",
    "revenue": 85000000,
    "costOfRevenue": 55900000,
    "grossProfit": 29100000,
    "grossProfitRatio": 0.3423529412,
    "researchAndDevelopmentExpenses": 0,
    "generalAndAdministrativeExpenses": 0,
    "sellingAndMarketingExpenses": 0,
    "sellingGeneralAndAdministrativeExpenses": 24300000,
    "otherExpenses": 2200000,
    "operatingExpenses": 26500000,
    "costAndExpenses": 82400000,
    "interestIncome": 0,
    "interestExpense": 0,
    "depreciationAndAmortization": 2200000,
    "ebitda": 4800000,
    "ebitdaratio": 0.0564705882,
    "operatingIncome": 2600000,
    "operatingIncomeRatio": 0.0305882353,
    "totalOtherIncomeExpensesNet": -1100000,
    "incomeBeforeTax": 1500000,
    "incomeBeforeTaxRatio": 0.0176470588,
    "incomeTaxExpense": 600000,
    "netIncome": 900000,
    "netIncomeRatio": 0.0105882353,
    "eps": 0.0033,
    "epsdiluted": 0.0033,
    "weightedAverageShsOut": 270000000,
    "weightedAverageShsOutDil": 270000000,
    "link": "https://www.sec.gov/Archives/edgar/data/935703/000093570396000005/0000935703-96-000005-index.html",
    "finalLink": "https://www.sec.gov/Archives/edgar/data/935703/"
  },
  {
    "date": "1995-12-31",
    "symbol": "DLTR",
    "reportedCurrency": "USD",
    "cik": "0000935703",
    "fillingDate": "1995-12-31",
    "acceptedDate": "1995-12-31 00:00:00",
    "calendarYear": "1995",
    "period": "Q4",
    "revenue": 121200000,
    "costOfRevenue": 73400000,
    "grossProfit": 47800000,
    "grossProfitRatio": 0.3943894389,
    "researchAndDevelopmentExpenses": 0,
    "generalAndAdministrativeExpenses": 0,
    "sellingAndMarketingExpenses": 0,
    "sellingGeneralAndAdministrativeExpenses": 21900000,
    "otherExpenses": 1600000,
    "operatingExpenses": 23500000,
    "costAndExpenses": 96900000,
    "interestIncome": 0,
    "interestExpense": 0,
    "depreciationAndAmortization": 1600000,
    "ebitda": 25900000,
    "ebitdaratio": 0.2136963696,
    "operatingIncome": 24300000,
    "operatingIncomeRatio": 0.2004950495,
    "totalOtherIncomeExpensesNet": -600000,
    "incomeBeforeTax": 23700000,
    "incomeBeforeTaxRatio": 0.1955445545,
    "incomeTaxExpense": 9100000,
    "netIncome": 14600000,
    "netIncomeRatio": 0.1204620462,
    "eps": 0.0541,
    "epsdiluted": 0.0541,
    "weightedAverageShsOut": 270000000,
    "weightedAverageShsOutDil": 270000000,
    "link": null,
    "finalLink": null
  },
  {
    "date": "1995-09-30",
    "symbol": "DLTR",
    "reportedCurrency": "USD",
    "cik": "0000935703",
    "fillingDate": "1995-09-30",
    "acceptedDate": "1995-09-30 00:00:00",
    "calendarYear": "1995",
    "period": "Q3",
    "revenue": 67400000,
    "costOfRevenue": 41400000,
    "grossProfit": 26000000,
    "grossProfitRatio": 0.3857566766,
    "researchAndDevelopmentExpenses": 0,
    "generalAndAdministrativeExpenses": 0,
    "sellingAndMarketingExpenses": 0,
    "sellingGeneralAndAdministrativeExpenses": 18000000,
    "otherExpenses": 1400000,
    "operatingExpenses": 19400000,
    "costAndExpenses": 60800000,
    "interestIncome": 0,
    "interestExpense": 0,
    "depreciationAndAmortization": 1400000,
    "ebitda": 8000000,
    "ebitdaratio": 0.118694362,
    "operatingIncome": 6600000,
    "operatingIncomeRatio": 0.0979228487,
    "totalOtherIncomeExpensesNet": -700000,
    "incomeBeforeTax": 5900000,
    "incomeBeforeTaxRatio": 0.087537092,
    "incomeTaxExpense": 2300000,
    "netIncome": 3600000,
    "netIncomeRatio": 0.0534124629,
    "eps": 0.0133,
    "epsdiluted": 0.0133,
    "weightedAverageShsOut": 270000000,
    "weightedAverageShsOutDil": 270000000,
    "link": null,
    "finalLink": null
  }
]