[
  {
    "date": "2025-06-30",
    "symbol": "DOC",
    "reportedCurrency": "USD",
    "cik": "0000765880",
    "fillingDate": "2025-07-25",
    "acceptedDate": "2025-07-25 16:16:35",
    "calendarYear": "2025",
    "period": "Q2",
    "revenue": 694348000,
    "costOfRevenue": 276181000,
    "grossProfit": 418167000,
    "grossProfitRatio": 0.6022441197,
    "researchAndDevelopmentExpenses": 0,
    "generalAndAdministrativeExpenses": 20764000,
    "sellingAndMarketingExpenses": 0,
    "sellingGeneralAndAdministrativeExpenses": 20764000,
    "otherExpenses": 269415000,
    "operatingExpenses": 290179000,
    "costAndExpenses": 566360000,
    "interestIncome": 0,
    "interestExpense": 75063000,
    "depreciationAndAmortization": 265916000,
    "ebitda": 405428000,
    "ebitdaratio": 0.5838974117,
    "operatingIncome": 127988000,
    "operatingIncomeRatio": 0.1843283195,
    "totalOtherIncomeExpensesNet": -86587000,
    "incomeBeforeTax": 41401000,
    "incomeBeforeTaxRatio": 0.0596257208,
    "incomeTaxExpense": 2382000,
    "netIncome": 31673000,
    "netIncomeRatio": 0.0456154551,
    "eps": 0.0454,
    "epsdiluted": 0.0454,
    "weightedAverageShsOut": 697117000,
    "weightedAverageShsOutDil": 697146000,
    "link": "https://www.sec.gov/Archives/edgar/data/765880/000162828025036063/0001628280-25-036063-index.htm",
    "finalLink": "https://www.sec.gov/Archives/edgar/data/765880/000162828025036063/peak-20250630.htm"
  },
  {
    "date": "2025-03-31",
    "symbol": "DOC",
    "reportedCurrency": "USD",
    "cik": "0000765880",
    "fillingDate": "2025-04-25",
    "acceptedDate": "2025-04-25 20:15:59",
    "calendarYear": "2025",
    "period": "Q1",
    "revenue": 702889000,
    "costOfRevenue": 273143000,
    "grossProfit": 429746000,
    "grossProfitRatio": 0.611399524,
    "researchAndDevelopmentExpenses": 0,
    "generalAndAdministrativeExpenses": 26118000,
    "sellingAndMarketingExpenses": 0,
    "sellingGeneralAndAdministrativeExpenses": 26118000,
    "otherExpenses": 268546000,
    "operatingExpenses": 294664000,
    "costAndExpenses": 567807000,
    "interestIncome": 0,
    "interestExpense": 72693000,
    "depreciationAndAmortization": 268546000,
    "ebitda": 395530000,
    "ebitdaratio": 0.5627204295,
    "operatingIncome": 135082000,
    "operatingIncomeRatio": 0.1921811267,
    "totalOtherIncomeExpensesNet": -82938000,
    "incomeBeforeTax": 52144000,
    "incomeBeforeTaxRatio": 0.0741852554,
    "incomeTaxExpense": 2080000,
    "netIncome": 42828000,
    "netIncomeRatio": 0.0609313846,
    "eps": 0.0606,
    "epsdiluted": 0.0606,
    "weightedAverageShsOut": 699067000,
    "weightedAverageShsOutDil": 699118000,
    "link": "https://www.sec.gov/Archives/edgar/data/765880/000162828025019948/0001628280-25-019948-index.htm",
    "finalLink": "https://www.sec.gov/Archives/edgar/data/765880/000162828025019948/peak-20250331.htm"
  },
  {
    "date": "2024-12-31",
    "symbol": "DOC",
    "reportedCurrency": "USD",
    "cik": "0000765880",
    "fillingDate": "2025-02-04",
    "acceptedDate": "2025-02-04 21:34:33",
    "calendarYear": "2024",
    "period": "Q4",
    "revenue": 697988000,
    "costOfRevenue": 277026000,
    "grossProfit": 420962000,
    "grossProfitRatio": 0.6031077898,
    "researchAndDevelopmentExpenses": 0,
    "generalAndAdministrativeExpenses": 23929000,
    "sellingAndMarketingExpenses": 0,
    "sellingGeneralAndAdministrativeExpenses": 23929000,
    "otherExpenses": 274469000,
    "operatingExpenses": 298398000,
    "costAndExpenses": 575424000,
    "interestIncome": 0,
    "interestExpense": 70508000,
    "depreciationAndAmortization": 274469000,
    "ebitda": 341743000,
    "ebitdaratio": 0.4896115693,
    "operatingIncome": 122564000,
    "operatingIncomeRatio": 0.1755961421,
    "totalOtherIncomeExpensesNet": -125906000,
    "incomeBeforeTax": -3342000,
    "incomeBeforeTaxRatio": -0.0047880479,
    "incomeTaxExpense": -14014000,
    "netIncome": 4547000,
    "netIncomeRatio": 0.0065144386,
    "eps": 0.0063,
    "epsdiluted": 0.0063,
    "weightedAverageShsOut": 699457000,
    "weightedAverageShsOutDil": 699596000,
    "link": "https://www.sec.gov/Archives/edgar/data/765880/000162828025003748/0001628280-25-003748-index.htm",
    "finalLink": "https://www.sec.gov/Archives/edgar/data/765880/000162828025003748/peak-20241231.htm"
  },
  {
    "date": "2024-09-30",
    "symbol": "DOC",
    "reportedCurrency": "USD",
    "cik": "0000765880",
    "fillingDate": "2024-10-25",
    "acceptedDate": "2024-10-25 20:16:08",
    "calendarYear": "2024",
    "period": "Q3",
    "revenue": 700397000,
    "costOfRevenue": 280279000,
    "grossProfit": 420118000,
    "grossProfitRatio": 0.599828383,
    "researchAndDevelopmentExpenses": 0,
    "generalAndAdministrativeExpenses": 23216000,
    "sellingAndMarketingExpenses": 0,
    "sellingGeneralAndAdministrativeExpenses": 23216000,
    "otherExpenses": 280019000,
    "operatingExpenses": 303235000,
    "costAndExpenses": 583514000,
    "interestIncome": 14301000,
    "interestExpense": 74105000,
    "depreciationAndAmortization": 280019000,
    "ebitda": 452634000,
    "ebitdaratio": 0.646253482,
    "operatingIncome": 116883000,
    "operatingIncomeRatio": 0.1668810689,
    "totalOtherIncomeExpensesNet": -22207000,
    "incomeBeforeTax": 94676000,
    "incomeBeforeTaxRatio": 0.1351747652,
    "incomeTaxExpense": 1938000,
    "netIncome": 85872000,
    "netIncomeRatio": 0.1226047513,
    "eps": 0.12,
    "epsdiluted": 0.12,
    "weightedAverageShsOut": 699349000,
    "weightedAverageShsOutDil": 700146000,
    "link": "https://www.sec.gov/Archives/edgar/data/765880/000162828024043814/0001628280-24-043814-index.htm",
    "finalLink": "https://www.sec.gov/Archives/edgar/data/765880/000162828024043814/peak-20240930.htm"
  },
  {
    "date": "2024-06-30",
    "symbol": "DOC",
    "reportedCurrency": "USD",
    "cik": "0000765880",
    "fillingDate": "2024-07-26",
    "acceptedDate": "2024-07-26 20:15:57",
    "calendarYear": "2024",
    "period": "Q2",
    "revenue": 695504000,
    "costOfRevenue": 273827000,
    "grossProfit": 421677000,
    "grossProfitRatio": 0.6062898272,
    "researchAndDevelopmentExpenses": 0,
    "generalAndAdministrativeExpenses": 26718000,
    "sellingAndMarketingExpenses": 0,
    "sellingGeneralAndAdministrativeExpenses": 26718000,
    "otherExpenses": 283498000,
    "operatingExpenses": 310216000,
    "costAndExpenses": 584043000,
    "interestIncome": 7832000,
    "interestExpense": 74910000,
    "depreciationAndAmortization": 283498000,
    "ebitda": 513801000,
    "ebitdaratio": 0.7387462905,
    "operatingIncome": 111461000,
    "operatingIncomeRatio": 0.1602593227,
    "totalOtherIncomeExpensesNet": 43983000,
    "incomeBeforeTax": 155444000,
    "incomeBeforeTaxRatio": 0.2234983551,
    "incomeTaxExpense": 2728000,
    "netIncome": 146047000,
    "netIncomeRatio": 0.2099872898,
    "eps": 0.21,
    "epsdiluted": 0.21,
    "weightedAverageShsOut": 702382000,
    "weightedAverageShsOutDil": 703268000,
    "link": "https://www.sec.gov/Archives/edgar/data/765880/000162828024033154/0001628280-24-033154-index.htm",
    "finalLink": "https://www.sec.gov/Archives/edgar/data/765880/000162828024033154/peak-20240630.htm"
  },
  {
    "date": "2024-03-31",
    "symbol": "DOC",
    "reportedCurrency": "USD",
    "cik": "0000765880",
    "fillingDate": "2024-04-26",
    "acceptedDate": "2024-04-26 20:43:39",
    "calendarYear": "2024",
    "period": "Q1",
    "revenue": 606560000,
    "costOfRevenue": 243729000,
    "grossProfit": 362831000,
    "grossProfitRatio": 0.5981782511,
    "researchAndDevelopmentExpenses": 0,
    "generalAndAdministrativeExpenses": 23299000,
    "sellingAndMarketingExpenses": 0,
    "sellingGeneralAndAdministrativeExpenses": 23299000,
    "otherExpenses": 219219000,
    "operatingExpenses": 242518000,
    "costAndExpenses": 486247000,
    "interestIncome": 5751000,
    "interestExpense": 60907000,
    "depreciationAndAmortization": 219219000,
    "ebitda": 302625000,
    "ebitdaratio": 0.4989201398,
    "operatingIncome": 120313000,
    "operatingIncomeRatio": 0.1983530071,
    "totalOtherIncomeExpensesNet": -95438000,
    "incomeBeforeTax": 24875000,
    "incomeBeforeTaxRatio": 0.0410099578,
    "incomeTaxExpense": 13698000,
    "netIncome": 6676000,
    "netIncomeRatio": 0.0110063308,
    "eps": 0.0108,
    "epsdiluted": 0.0108,
    "weightedAverageShsOut": 600898000,
    "weightedAverageShsOutDil": 601188000,
    "link": "https://www.sec.gov/Archives/edgar/data/765880/000162828024018706/0001628280-24-018706-index.htm",
    "finalLink": "https://www.sec.gov/Archives/edgar/data/765880/000162828024018706/peak-20240331.htm"
  },
  {
    "date": "2023-12-31",
    "symbol": "DOC",
    "reportedCurrency": "USD",
    "cik": "0000765880",
    "fillingDate": "2024-02-09",
    "acceptedDate": "2024-02-09 21:17:40",
    "calendarYear": "2023",
    "period": "Q4",
    "revenue": 553652000,
    "costOfRevenue": 224401000,
    "grossProfit": 329251000,
    "grossProfitRatio": 0.5946894439,
    "researchAndDevelopmentExpenses": 0,
    "generalAndAdministrativeExpenses": 21556000,
    "sellingAndMarketingExpenses": 0,
    "sellingGeneralAndAdministrativeExpenses": 21556000,
    "otherExpenses": 188544000,
    "operatingExpenses": 210100000,
    "costAndExpenses": 434501000,
    "interestIncome": 0,
    "interestExpense": 52784000,
    "depreciationAndAmortization": 188544000,
    "ebitda": 301323000,
    "ebitdaratio": 0.5442462052,
    "operatingIncome": 119151000,
    "operatingIncomeRatio": 0.2152091928,
    "totalOtherIncomeExpensesNet": -55598000,
    "incomeBeforeTax": 63553000,
    "incomeBeforeTaxRatio": 0.114788712,
    "incomeTaxExpense": -11842000,
    "netIncome": 70944000,
    "netIncomeRatio": 0.1281382529,
    "eps": 0.13,
    "epsdiluted": 0.13,
    "weightedAverageShsOut": 547091000,
    "weightedAverageShsOutDil": 547361000,
    "link": "https://www.sec.gov/Archives/edgar/data/765880/000162828024004094/0001628280-24-004094-index.htm",
    "finalLink": "https://www.sec.gov/Archives/edgar/data/765880/000162828024004094/peak-20231231.htm"
  },
  {
    "date": "2023-09-30",
    "symbol": "DOC",
    "reportedCurrency": "USD",
    "cik": "0000765880",
    "fillingDate": "2023-10-30",
    "acceptedDate": "2023-10-30 20:15:08",
    "calendarYear": "2023",
    "period": "Q3",
    "revenue": 556243000,
    "costOfRevenue": 232734000,
    "grossProfit": 323509000,
    "grossProfitRatio": 0.5815965325,
    "researchAndDevelopmentExpenses": 0,
    "generalAndAdministrativeExpenses": 23093000,
    "sellingAndMarketingExpenses": 0,
    "sellingGeneralAndAdministrativeExpenses": 23093000,
    "otherExpenses": 184559000,
    "operatingExpenses": 207652000,
    "costAndExpenses": 440386000,
    "interestIncome": 5360000,
    "interestExpense": 50510000,
    "depreciationAndAmortization": 184559000,
    "ebitda": 302411000,
    "ebitdaratio": 0.5436670664,
    "operatingIncome": 115857000,
    "operatingIncomeRatio": 0.2082848683,
    "totalOtherIncomeExpensesNet": -46414000,
    "incomeBeforeTax": 69443000,
    "incomeBeforeTaxRatio": 0.1248429194,
    "incomeTaxExpense": 787000,
    "netIncome": 64214000,
    "netIncomeRatio": 0.1154423516,
    "eps": 0.12,
    "epsdiluted": 0.12,
    "weightedAverageShsOut": 547062000,
    "weightedAverageShsOutDil": 547331000,
    "link": "https://www.sec.gov/Archives/edgar/data/765880/000162828023035504/0001628280-23-035504-index.htm",
    "finalLink": "https://www.sec.gov/Archives/edgar/data/765880/000162828023035504/peak-20230930.htm"
  },
  {
    "date": "2023-06-30",
    "symbol": "DOC",
    "reportedCurrency": "USD",
    "cik": "0000765880",
    "fillingDate": "2023-08-04",
    "acceptedDate": "2023-08-04 08:57:36",
    "calendarYear": "2023",
    "period": "Q2",
    "revenue": 545430000,
    "costOfRevenue": 221837000,
    "grossProfit": 323593000,
    "grossProfitRatio": 0.593280531,
    "researchAndDevelopmentExpenses": 0,
    "generalAndAdministrativeExpenses": 25936000,
    "sellingAndMarketingExpenses": 0,
    "sellingGeneralAndAdministrativeExpenses": 25936000,
    "otherExpenses": 197573000,
    "operatingExpenses": 223509000,
    "costAndExpenses": 445346000,
    "interestIncome": 5279000,
    "interestExpense": 49074000,
    "depreciationAndAmortization": 197573000,
    "ebitda": 301253000,
    "ebitdaratio": 0.5523220212,
    "operatingIncome": 100084000,
    "operatingIncomeRatio": 0.1834955906,
    "totalOtherIncomeExpensesNet": -42749000,
    "incomeBeforeTax": 57335000,
    "incomeBeforeTaxRatio": 0.105118897,
    "incomeTaxExpense": 1136000,
    "netIncome": 51899000,
    "netIncomeRatio": 0.0951524485,
    "eps": 0.0946,
    "epsdiluted": 0.0946,
    "weightedAverageShsOut": 547026000,
    "weightedAverageShsOutDil": 547294000,
    "link": "https://www.sec.gov/Archives/edgar/data/1574540/000157454023000157/0001574540-23-000157-index.htm",
    "finalLink": "https://www.sec.gov/Archives/edgar/data/1574540/000157454023000157/doc-20230630.htm"
  },
  {
    "date": "2023-03-31",
    "symbol": "DOC",
    "reportedCurrency": "USD",
    "cik": "0000765880",
    "fillingDate": "2023-05-04",
    "acceptedDate": "2023-05-04 16:16:04",
    "calendarYear": "2023",
    "period": "Q1",
    "revenue": 525678000,
    "costOfRevenue": 223088000,
    "grossProfit": 302590000,
    "grossProfitRatio": 0.5756185345,
    "researchAndDevelopmentExpenses": 0,
    "generalAndAdministrativeExpenses": 24547000,
    "sellingAndMarketingExpenses": 0,
    "sellingGeneralAndAdministrativeExpenses": 24547000,
    "otherExpenses": 179225000,
    "operatingExpenses": 203772000,
    "costAndExpenses": 426860000,
    "interestIncome": 6163000,
    "interestExpense": 47963000,
    "depreciationAndAmortization": 179225000,
    "ebitda": 360181000,
    "ebitdaratio": 0.6851741941,
    "operatingIncome": 98818000,
    "operatingIncomeRatio": 0.1879819966,
    "totalOtherIncomeExpensesNet": 35991000,
    "incomeBeforeTax": 134809000,
    "incomeBeforeTaxRatio": 0.2564478635,
    "incomeTaxExpense": 302000,
    "netIncome": 118952000,
    "netIncomeRatio": 0.2262830098,
    "eps": 0.22,
    "epsdiluted": 0.22,
    "weightedAverageShsOut": 546842000,
    "weightedAverageShsOutDil": 547110000,
    "link": "https://www.sec.gov/Archives/edgar/data/1574540/000157454023000133/0001574540-23-000133-index.htm",
    "finalLink": "https://www.sec.gov/Archives/edgar/data/1574540/000157454023000133/doc-20230331.htm"
  },
  {
    "date": "2022-12-31",
    "symbol": "DOC",
    "reportedCurrency": "USD",
    "cik": "0000765880",
    "fillingDate": "2023-02-24",
    "acceptedDate": "2023-02-24 08:37:11",
    "calendarYear": "2022",
    "period": "Q4",
    "revenue": 524468000,
    "costOfRevenue": 220492000,
    "grossProfit": 303976000,
    "grossProfitRatio": 0.5795892218,
    "researchAndDevelopmentExpenses": 0,
    "generalAndAdministrativeExpenses": 57872000,
    "sellingAndMarketingExpenses": 0,
    "sellingGeneralAndAdministrativeExpenses": 57872000,
    "otherExpenses": 179157000,
    "operatingExpenses": 237029000,
    "costAndExpenses": 457521000,
    "interestIncome": 0,
    "interestExpense": 49413000,
    "depreciationAndAmortization": 179157000,
    "ebitda": 238005000,
    "ebitdaratio": 0.4538027106,
    "operatingIncome": 66947000,
    "operatingIncomeRatio": 0.1276474446,
    "totalOtherIncomeExpensesNet": -57668000,
    "incomeBeforeTax": 9279000,
    "incomeBeforeTaxRatio": 0.0176922138,
    "incomeTaxExpense": -650000,
    "netIncome": 6528000,
    "netIncomeRatio": 0.0124468986,
    "eps": 0.01,
    "epsdiluted": 0.01,
    "weightedAverageShsOut": 537992000,
    "weightedAverageShsOutDil": 538396000,
    "link": "https://www.sec.gov/Archives/edgar/data/1574540/000157454023000026/0001574540-23-000026-index.htm",
    "finalLink": "https://www.sec.gov/Archives/edgar/data/1574540/000157454023000026/doc-20221231.htm"
  },
  {
    "date": "2022-09-30",
    "symbol": "DOC",
    "reportedCurrency": "USD",
    "cik": "0000765880",
    "fillingDate": "2022-11-04",
    "acceptedDate": "2022-11-04 09:00:51",
    "calendarYear": "2022",
    "period": "Q3",
    "revenue": 520406000,
    "costOfRevenue": 220208000,
    "grossProfit": 300198000,
    "grossProfitRatio": 0.5768534567,
    "researchAndDevelopmentExpenses": 0,
    "generalAndAdministrativeExpenses": 24549000,
    "sellingAndMarketingExpenses": 0,
    "sellingGeneralAndAdministrativeExpenses": 24549000,
    "otherExpenses": 173190000,
    "operatingExpenses": 197739000,
    "costAndExpenses": 417947000,
    "interestIncome": 0,
    "interestExpense": 44078000,
    "depreciationAndAmortization": 173190000,
    "ebitda": 573043000,
    "ebitdaratio": 1.1011460283,
    "operatingIncome": 102459000,
    "operatingIncomeRatio": 0.1968828184,
    "totalOtherIncomeExpensesNet": 252991000,
    "incomeBeforeTax": 355450000,
    "incomeBeforeTaxRatio": 0.6830244079,
    "incomeTaxExpense": -3834000,
    "netIncome": 353970000,
    "netIncomeRatio": 0.6801804745,
    "eps": 0.66,
    "epsdiluted": 0.65,
    "weightedAverageShsOut": 538417000,
    "weightedAverageShsOutDil": 546015000,
    "link": "https://www.sec.gov/Archives/edgar/data/1574540/000157454022000133/0001574540-22-000133-index.htm",
    "finalLink": "https://www.sec.gov/Archives/edgar/data/1574540/000157454022000133/doc-20220930.htm"
  },
  {
    "date": "2022-06-30",
    "symbol": "DOC",
    "reportedCurrency": "USD",
    "cik": "0000765880",
    "fillingDate": "2022-08-05",
    "acceptedDate": "2022-08-05 08:21:47",
    "calendarYear": "2022",
    "period": "Q2",
    "revenue": 517932000,
    "costOfRevenue": 215044000,
    "grossProfit": 302888000,
    "grossProfitRatio": 0.5848026382,
    "researchAndDevelopmentExpenses": 0,
    "generalAndAdministrativeExpenses": 24781000,
    "sellingAndMarketingExpenses": 0,
    "sellingGeneralAndAdministrativeExpenses": 24781000,
    "otherExpenses": 180489000,
    "operatingExpenses": 205270000,
    "costAndExpenses": 420314000,
    "interestIncome": 0,
    "interestExpense": 41867000,
    "depreciationAndAmortization": 180489000,
    "ebitda": 290557000,
    "ebitdaratio": 0.5609944935,
    "operatingIncome": 97618000,
    "operatingIncomeRatio": 0.1884764795,
    "totalOtherIncomeExpensesNet": -29035000,
    "incomeBeforeTax": 68583000,
    "incomeBeforeTaxRatio": 0.1324169968,
    "incomeTaxExpense": -718000,
    "netIncome": 68338000,
    "netIncomeRatio": 0.1319439618,
    "eps": 0.13,
    "epsdiluted": 0.13,
    "weightedAverageShsOut": 539558000,
    "weightedAverageShsOutDil": 539815000,
    "link": "https://www.sec.gov/Archives/edgar/data/1574540/000157454022000116/0001574540-22-000116-index.htm",
    "finalLink": "https://www.sec.gov/Archives/edgar/data/1574540/000157454022000116/doc-20220630.htm"
  },
  {
    "date": "2022-03-31",
    "symbol": "DOC",
    "reportedCurrency": "USD",
    "cik": "0000765880",
    "fillingDate": "2022-05-05",
    "acceptedDate": "2022-05-05 08:54:22",
    "calendarYear": "2022",
    "period": "Q1",
    "revenue": 498372000,
    "costOfRevenue": 207247000,
    "grossProfit": 291125000,
    "grossProfitRatio": 0.5841519989,
    "researchAndDevelopmentExpenses": 0,
    "generalAndAdministrativeExpenses": 23831000,
    "sellingAndMarketingExpenses": 0,
    "sellingGeneralAndAdministrativeExpenses": 23831000,
    "otherExpenses": 177733000,
    "operatingExpenses": 201564000,
    "costAndExpenses": 408811000,
    "interestIncome": 0,
    "interestExpense": 37586000,
    "depreciationAndAmortization": 177733000,
    "ebitda": 289038000,
    "ebitdaratio": 0.579964364,
    "operatingIncome": 89561000,
    "operatingIncomeRatio": 0.1797071264,
    "totalOtherIncomeExpensesNet": -13758000,
    "incomeBeforeTax": 75803000,
    "incomeBeforeTaxRatio": 0.1521012416,
    "incomeTaxExpense": 777000,
    "netIncome": 71613000,
    "netIncomeRatio": 0.1436938672,
    "eps": 0.13,
    "epsdiluted": 0.13,
    "weightedAverageShsOut": 539352000,
    "weightedAverageShsOutDil": 539586000,
    "link": "https://www.sec.gov/Archives/edgar/data/1574540/000157454022000106/0001574540-22-000106-index.htm",
    "finalLink": "https://www.sec.gov/Archives/edgar/data/1574540/000157454022000106/doc-20220331.htm"
  },
  {
    "date": "2021-12-31",
    "symbol": "DOC",
    "reportedCurrency": "USD",
    "cik": "0000765880",
    "fillingDate": "2022-02-24",
    "acceptedDate": "2022-02-24 08:48:21",
    "calendarYear": "2021",
    "period": "Q4",
    "revenue": 483205000,
    "costOfRevenue": 199247000,
    "grossProfit": 283958000,
    "grossProfitRatio": 0.587655343,
    "researchAndDevelopmentExpenses": 0,
    "generalAndAdministrativeExpenses": 26043000,
    "sellingAndMarketingExpenses": 0,
    "sellingGeneralAndAdministrativeExpenses": 26043000,
    "otherExpenses": 178114000,
    "operatingExpenses": 204157000,
    "costAndExpenses": 403404000,
    "interestIncome": 0,
    "interestExpense": 36551000,
    "depreciationAndAmortization": 178114000,
    "ebitda": 240168000,
    "ebitdaratio": 0.4970312807,
    "operatingIncome": 79801000,
    "operatingIncomeRatio": 0.1651493672,
    "totalOtherIncomeExpensesNet": -52715000,
    "incomeBeforeTax": 27086000,
    "incomeBeforeTaxRatio": 0.0560548835,
    "incomeTaxExpense": -1857000,
    "netIncome": 28761000,
    "netIncomeRatio": 0.0595213212,
    "eps": 0.0461,
    "epsdiluted": 0.0461,
    "weightedAverageShsOut": 539081000,
    "weightedAverageShsOutDil": 539505000,
    "link": "https://www.sec.gov/Archives/edgar/data/1574540/000157454022000042/0001574540-22-000042-index.htm",
    "finalLink": "https://www.sec.gov/Archives/edgar/data/1574540/000157454022000042/doc-20211231.htm"
  },
  {
    "date": "2021-09-30",
    "symbol": "DOC",
    "reportedCurrency": "USD",
    "cik": "0000765880",
    "fillingDate": "2021-11-05",
    "acceptedDate": "2021-11-05 16:08:17",
    "calendarYear": "2021",
    "period": "Q3",
    "revenue": 481465000,
    "costOfRevenue": 202139000,
    "grossProfit": 279326000,
    "grossProfitRatio": 0.5801584747,
    "researchAndDevelopmentExpenses": 0,
    "generalAndAdministrativeExpenses": 23270000,
    "sellingAndMarketingExpenses": 0,
    "sellingGeneralAndAdministrativeExpenses": 23270000,
    "otherExpenses": 177175000,
    "operatingExpenses": 200445000,
    "costAndExpenses": 402584000,
    "interestIncome": 0,
    "interestExpense": 35905000,
    "depreciationAndAmortization": 177175000,
    "ebitda": 271409000,
    "ebitdaratio": 0.5637149118,
    "operatingIncome": 78881000,
    "operatingIncomeRatio": 0.1638353774,
    "totalOtherIncomeExpensesNet": -18225000,
    "incomeBeforeTax": 60656000,
    "incomeBeforeTaxRatio": 0.1259821586,
    "incomeTaxExpense": -649000,
    "netIncome": 54711000,
    "netIncomeRatio": 0.1136344283,
    "eps": 0.1,
    "epsdiluted": 0.1,
    "weightedAverageShsOut": 539021000,
    "weightedAverageShsOutDil": 539388000,
    "link": "https://www.sec.gov/Archives/edgar/data/1574540/000157454021000146/0001574540-21-000146-index.htm",
    "finalLink": "https://www.sec.gov/Archives/edgar/data/1574540/000157454021000146/doc-20210930.htm"
  },
  {
    "date": "2021-06-30",
    "symbol": "DOC",
    "reportedCurrency": "USD",
    "cik": "0000765880",
    "fillingDate": "2021-08-05",
    "acceptedDate": "2021-08-05 08:29:00",
    "calendarYear": "2021",
    "period": "Q2",
    "revenue": 476238000,
    "costOfRevenue": 190132000,
    "grossProfit": 286106000,
    "grossProfitRatio": 0.6007626439,
    "researchAndDevelopmentExpenses": 0,
    "generalAndAdministrativeExpenses": 24088000,
    "sellingAndMarketingExpenses": 0,
    "sellingGeneralAndAdministrativeExpenses": 24088000,
    "otherExpenses": 171459000,
    "operatingExpenses": 195547000,
    "costAndExpenses": 385679000,
    "interestIncome": 0,
    "interestExpense": 38681000,
    "depreciationAndAmortization": 171459000,
    "ebitda": 376575000,
    "ebitdaratio": 0.7907285853,
    "operatingIncome": 90559000,
    "operatingIncomeRatio": 0.1901549225,
    "totalOtherIncomeExpensesNet": 76743000,
    "incomeBeforeTax": 167302000,
    "incomeBeforeTaxRatio": 0.3512991403,
    "incomeTaxExpense": -763000,
    "netIncome": 276280000,
    "netIncomeRatio": 0.580130103,
    "eps": 0.51,
    "epsdiluted": 0.51,
    "weightedAverageShsOut": 538929000,
    "weightedAverageShsOutDil": 544694000,
    "link": "https://www.sec.gov/Archives/edgar/data/1574540/000157454021000114/0001574540-21-000114-index.htm",
    "finalLink": "https://www.sec.gov/Archives/edgar/data/1574540/000157454021000114/doc-20210630.htm"
  },
  {
    "date": "2021-03-31",
    "symbol": "DOC",
    "reportedCurrency": "USD",
    "cik": "0000765880",
    "fillingDate": "2021-05-06",
    "acceptedDate": "2021-05-06 09:03:28",
    "calendarYear": "2021",
    "period": "Q1",
    "revenue": 455276000,
    "costOfRevenue": 181761000,
    "grossProfit": 273515000,
    "grossProfitRatio": 0.6007674466,
    "researchAndDevelopmentExpenses": 0,
    "generalAndAdministrativeExpenses": 24902000,
    "sellingAndMarketingExpenses": 0,
    "sellingGeneralAndAdministrativeExpenses": 24902000,
    "otherExpenses": 157538000,
    "operatingExpenses": 182440000,
    "costAndExpenses": 364201000,
    "interestIncome": 0,
    "interestExpense": 46843000,
    "depreciationAndAmortization": 157538000,
    "ebitda": 82481000,
    "ebitdaratio": 0.1811670284,
    "operatingIncome": 91075000,
    "operatingIncomeRatio": 0.2000434901,
    "totalOtherIncomeExpensesNet": -211652000,
    "incomeBeforeTax": -120577000,
    "incomeBeforeTaxRatio": -0.2648437431,
    "incomeTaxExpense": 8000,
    "netIncome": 145788000,
    "netIncomeRatio": 0.3202189441,
    "eps": 0.27,
    "epsdiluted": 0.27,
    "weightedAverageShsOut": 538679000,
    "weightedAverageShsOutDil": 538679000,
    "link": "https://www.sec.gov/Archives/edgar/data/1574540/000157454021000089/0001574540-21-000089-index.htm",
    "finalLink": "https://www.sec.gov/Archives/edgar/data/1574540/000157454021000089/doc-20210331.htm"
  },
  {
    "date": "2020-12-31",
    "symbol": "DOC",
    "reportedCurrency": "USD",
    "cik": "0000765880",
    "fillingDate": "2021-02-26",
    "acceptedDate": "2021-02-26 08:59:56",
    "calendarYear": "2020",
    "period": "Q4",
    "revenue": -126454000,
    "costOfRevenue": -223605000,
    "grossProfit": 97151000,
    "grossProfitRatio": -0.7682714663,
    "researchAndDevelopmentExpenses": 0,
    "generalAndAdministrativeExpenses": 25507000,
    "sellingAndMarketingExpenses": 0,
    "sellingGeneralAndAdministrativeExpenses": 25507000,
    "otherExpenses": 12555000,
    "operatingExpenses": 38062000,
    "costAndExpenses": -185543000,
    "interestIncome": 0,
    "interestExpense": 46175000,
    "depreciationAndAmortization": 155749000,
    "ebitda": 109270000,
    "ebitdaratio": -0.8641086877,
    "operatingIncome": 59089000,
    "operatingIncomeRatio": -0.4672766381,
    "totalOtherIncomeExpensesNet": -169797000,
    "incomeBeforeTax": -110708000,
    "incomeBeforeTaxRatio": 0.8754804118,
    "incomeTaxExpense": 6793000,
    "netIncome": 146394000,
    "netIncomeRatio": -1.1576857988,
    "eps": 0.27,
    "epsdiluted": 0.27,
    "weightedAverageShsOut": 538381000,
    "weightedAverageShsOutDil": 538381000,
    "link": "https://www.sec.gov/Archives/edgar/data/1574540/000157454021000038/0001574540-21-000038-index.htm",
    "finalLink": "https://www.sec.gov/Archives/edgar/data/1574540/000157454021000038/doc-20201231.htm"
  },
  {
    "date": "2020-09-30",
    "symbol": "DOC",
    "reportedCurrency": "USD",
    "cik": "0000765880",
    "fillingDate": "2020-11-06",
    "acceptedDate": "2020-11-06 16:05:06",
    "calendarYear": "2020",
    "period": "Q3",
    "revenue": 423565000,
    "costOfRevenue": 183141000,
    "grossProfit": 240424000,
    "grossProfitRatio": 0.5676200819,
    "researchAndDevelopmentExpenses": 0,
    "generalAndAdministrativeExpenses": 21661000,
    "sellingAndMarketingExpenses": 0,
    "sellingGeneralAndAdministrativeExpenses": 21661000,
    "otherExpenses": 141971000,
    "operatingExpenses": 163632000,
    "costAndExpenses": 346773000,
    "interestIncome": 0,
    "interestExpense": 53734000,
    "depreciationAndAmortization": 173630000,
    "ebitda": 241321000,
    "ebitdaratio": 0.5697378206,
    "operatingIncome": 76792000,
    "operatingIncomeRatio": 0.1812992103,
    "totalOtherIncomeExpensesNet": -81584000,
    "incomeBeforeTax": -4792000,
    "incomeBeforeTaxRatio": -0.0113134938,
    "incomeTaxExpense": 22970000,
    "netIncome": -63417000,
    "netIncomeRatio": -0.1497220025,
    "eps": -0.12,
    "epsdiluted": -0.12,
    "weightedAverageShsOut": 538333000,
    "weightedAverageShsOutDil": 538333000,
    "link": "https://www.sec.gov/Archives/edgar/data/1574540/000157454020000134/0001574540-20-000134-index.htm",
    "finalLink": "https://www.sec.gov/Archives/edgar/data/1574540/000157454020000134/doc-20200930.htm"
  },
  {
    "date": "2020-06-30",
    "symbol": "DOC",
    "reportedCurrency": "USD",
    "cik": "0000765880",
    "fillingDate": "2020-08-07",
    "acceptedDate": "2020-08-07 08:38:06",
    "calendarYear": "2020",
    "period": "Q2",
    "revenue": 408559000,
    "costOfRevenue": 177808000,
    "grossProfit": 230751000,
    "grossProfitRatio": 0.5647923556,
    "researchAndDevelopmentExpenses": 0,
    "generalAndAdministrativeExpenses": 23720000,
    "sellingAndMarketingExpenses": 0,
    "sellingGeneralAndAdministrativeExpenses": 23720000,
    "otherExpenses": 139691000,
    "operatingExpenses": 163411000,
    "costAndExpenses": 341219000,
    "interestIncome": 0,
    "interestExpense": 54823000,
    "depreciationAndAmortization": 178488000,
    "ebitda": 311493000,
    "ebitdaratio": 0.762418647,
    "operatingIncome": 67340000,
    "operatingIncomeRatio": 0.1648231957,
    "totalOtherIncomeExpensesNet": -6893000,
    "incomeBeforeTax": 60447000,
    "incomeBeforeTaxRatio": 0.1479517034,
    "incomeTaxExpense": 106000,
    "netIncome": 51506000,
    "netIncomeRatio": 0.1260674713,
    "eps": 0.0921,
    "epsdiluted": 0.092,
    "weightedAverageShsOut": 538262000,
    "weightedAverageShsOutDil": 538517000,
    "link": "https://www.sec.gov/Archives/edgar/data/1574540/000157454020000120/0001574540-20-000120-index.htm",
    "finalLink": "https://www.sec.gov/Archives/edgar/data/1574540/000157454020000120/doc-20200630.htm"
  },
  {
    "date": "2020-03-31",
    "symbol": "DOC",
    "reportedCurrency": "USD",
    "cik": "0000765880",
    "fillingDate": "2020-05-08",
    "acceptedDate": "2020-05-08 08:24:06",
    "calendarYear": "2020",
    "period": "Q1",
    "revenue": 381054000,
    "costOfRevenue": 237377000,
    "grossProfit": 143677000,
    "grossProfitRatio": 0.3770515465,
    "researchAndDevelopmentExpenses": 0,
    "generalAndAdministrativeExpenses": 22349000,
    "sellingAndMarketingExpenses": 0,
    "sellingGeneralAndAdministrativeExpenses": 22349000,
    "otherExpenses": 125112000,
    "operatingExpenses": 147461000,
    "costAndExpenses": 384838000,
    "interestIncome": 0,
    "interestExpense": 55691000,
    "depreciationAndAmortization": 189276000,
    "ebitda": 373377000,
    "ebitdaratio": 0.9798532491,
    "operatingIncome": -3784000,
    "operatingIncomeRatio": -0.0099303511,
    "totalOtherIncomeExpensesNet": 121048000,
    "incomeBeforeTax": 117264000,
    "incomeBeforeTaxRatio": 0.3077359114,
    "incomeTaxExpense": -29868000,
    "netIncome": 279080000,
    "netIncomeRatio": 0.7323896351,
    "eps": 0.55,
    "epsdiluted": 0.54,
    "weightedAverageShsOut": 506476000,
    "weightedAverageShsOutDil": 515045000,
    "link": "https://www.sec.gov/Archives/edgar/data/1574540/000157454020000101/0001574540-20-000101-index.htm",
    "finalLink": "https://www.sec.gov/Archives/edgar/data/1574540/000157454020000101/a10q2020q1.htm"
  },
  {
    "date": "2019-12-31",
    "symbol": "DOC",
    "reportedCurrency": "USD",
    "cik": "0000765880",
    "fillingDate": "2020-02-27",
    "acceptedDate": "2020-02-27 17:06:57",
    "calendarYear": "2019",
    "period": "Q4",
    "revenue": 531691000,
    "costOfRevenue": 248381000,
    "grossProfit": 283310000,
    "grossProfitRatio": 0.532847086,
    "researchAndDevelopmentExpenses": 0,
    "generalAndAdministrativeExpenses": 21521000,
    "sellingAndMarketingExpenses": 0,
    "sellingGeneralAndAdministrativeExpenses": 21521000,
    "otherExpenses": 190798000,
    "operatingExpenses": 212319000,
    "costAndExpenses": 460700000,
    "interestIncome": 2976000,
    "interestExpense": 58120000,
    "depreciationAndAmortization": 190798000,
    "ebitda": 289211000,
    "ebitdaratio": 0.5439456376,
    "operatingIncome": 70991000,
    "operatingIncomeRatio": 0.1335192809,
    "totalOtherIncomeExpensesNet": -29311000,
    "incomeBeforeTax": 41680000,
    "incomeBeforeTaxRatio": 0.0783913965,
    "incomeTaxExpense": -5679000,
    "netIncome": 43520000,
    "netIncomeRatio": 0.0818520532,
    "eps": 0.09,
    "epsdiluted": 0.09,
    "weightedAverageShsOut": 497116000,
    "weightedAverageShsOutDil": 500493000,
    "link": "https://www.sec.gov/Archives/edgar/data/1574540/000157454020000015/0001574540-20-000015-index.htm",
    "finalLink": "https://www.sec.gov/Archives/edgar/data/1574540/000157454020000015/fy201910-k12312019.htm"
  },
  {
    "date": "2019-09-30",
    "symbol": "DOC",
    "reportedCurrency": "USD",
    "cik": "0000765880",
    "fillingDate": "2019-11-06",
    "acceptedDate": "2019-11-06 16:38:24",
    "calendarYear": "2019",
    "period": "Q3",
    "revenue": 537971000,
    "costOfRevenue": 248069000,
    "grossProfit": 289902000,
    "grossProfitRatio": 0.5388803486,
    "researchAndDevelopmentExpenses": 0,
    "generalAndAdministrativeExpenses": 22970000,
    "sellingAndMarketingExpenses": 0,
    "sellingGeneralAndAdministrativeExpenses": 22970000,
    "otherExpenses": 171944000,
    "operatingExpenses": 194914000,
    "costAndExpenses": 442983000,
    "interestIncome": 2741000,
    "interestExpense": 61230000,
    "depreciationAndAmortization": 171944000,
    "ebitda": 192248000,
    "ebitdaratio": 0.3573575527,
    "operatingIncome": 94988000,
    "operatingIncomeRatio": 0.1765671384,
    "totalOtherIncomeExpensesNet": -143557000,
    "incomeBeforeTax": -48569000,
    "incomeBeforeTaxRatio": -0.0902818182,
    "incomeTaxExpense": -6261000,
    "netIncome": -45863000,
    "netIncomeRatio": -0.0852518073,
    "eps": -0.0934,
    "epsdiluted": -0.0934,
    "weightedAverageShsOut": 491203000,
    "weightedAverageShsOutDil": 491203000,
    "link": "https://www.sec.gov/Archives/edgar/data/1574540/000157454019000117/0001574540-19-000117-index.htm",
    "finalLink": "https://www.sec.gov/Archives/edgar/data/1574540/000157454019000117/a10q2019q3.htm"
  },
  {
    "date": "2019-06-30",
    "symbol": "DOC",
    "reportedCurrency": "USD",
    "cik": "0000765880",
    "fillingDate": "2019-08-08",
    "acceptedDate": "2019-08-08 08:56:33",
    "calendarYear": "2019",
    "period": "Q2",
    "revenue": 491567000,
    "costOfRevenue": 213993000,
    "grossProfit": 277574000,
    "grossProfitRatio": 0.5646717538,
    "researchAndDevelopmentExpenses": 0,
    "generalAndAdministrativeExpenses": 27120000,
    "sellingAndMarketingExpenses": 0,
    "sellingGeneralAndAdministrativeExpenses": 27120000,
    "otherExpenses": 165296000,
    "operatingExpenses": 192416000,
    "costAndExpenses": 406409000,
    "interestIncome": 2414000,
    "interestExpense": 56942000,
    "depreciationAndAmortization": 165296000,
    "ebitda": 211900000,
    "ebitdaratio": 0.4310704339,
    "operatingIncome": 85158000,
    "operatingIncomeRatio": 0.1732378292,
    "totalOtherIncomeExpensesNet": -97002000,
    "incomeBeforeTax": -11844000,
    "incomeBeforeTaxRatio": -0.0240943757,
    "incomeTaxExpense": -1864000,
    "netIncome": -13597000,
    "netIncomeRatio": -0.0276605224,
    "eps": -0.0284,
    "epsdiluted": -0.0284,
    "weightedAverageShsOut": 478739000,
    "weightedAverageShsOutDil": 478739000,
    "link": "https://www.sec.gov/Archives/edgar/data/1574540/000157454019000097/0001574540-19-000097-index.htm",
    "finalLink": "https://www.sec.gov/Archives/edgar/data/1574540/000157454019000097/a10q2019q2.htm"
  },
  {
    "date": "2019-03-31",
    "symbol": "DOC",
    "reportedCurrency": "USD",
    "cik": "0000765880",
    "fillingDate": "2019-05-02",
    "acceptedDate": "2019-05-02 09:11:04",
    "calendarYear": "2019",
    "period": "Q1",
    "revenue": 436154000,
    "costOfRevenue": 168927000,
    "grossProfit": 267227000,
    "grossProfitRatio": 0.6126895546,
    "researchAndDevelopmentExpenses": 0,
    "generalAndAdministrativeExpenses": 21355000,
    "sellingAndMarketingExpenses": 0,
    "sellingGeneralAndAdministrativeExpenses": 21355000,
    "otherExpenses": 131951000,
    "operatingExpenses": 153306000,
    "costAndExpenses": 322233000,
    "interestIncome": 1713000,
    "interestExpense": 49327000,
    "depreciationAndAmortization": 131951000,
    "ebitda": 243673000,
    "ebitdaratio": 0.5586856936,
    "operatingIncome": 113921000,
    "operatingIncomeRatio": 0.2611944405,
    "totalOtherIncomeExpensesNet": -52389000,
    "incomeBeforeTax": 61532000,
    "incomeBeforeTaxRatio": 0.1410786098,
    "incomeTaxExpense": -3458000,
    "netIncome": 61470000,
    "netIncomeRatio": 0.1409364582,
    "eps": 0.13,
    "epsdiluted": 0.13,
    "weightedAverageShsOut": 477766000,
    "weightedAverageShsOutDil": 479131000,
    "link": "https://www.sec.gov/Archives/edgar/data/1574540/000157454019000071/0001574540-19-000071-index.htm",
    "finalLink": "https://www.sec.gov/Archives/edgar/data/1574540/000157454019000071/a10q2019q1.htm"
  },
  {
    "date": "2018-12-31",
    "symbol": "DOC",
    "reportedCurrency": "USD",
    "cik": "0000765880",
    "fillingDate": "2019-02-28",
    "acceptedDate": "2019-02-28 17:10:19",
    "calendarYear": "2018",
    "period": "Q4",
    "revenue": 441919000,
    "costOfRevenue": 177413000,
    "grossProfit": 264506000,
    "grossProfitRatio": 0.5985395514,
    "researchAndDevelopmentExpenses": 0,
    "generalAndAdministrativeExpenses": 21510000,
    "sellingAndMarketingExpenses": 0,
    "sellingGeneralAndAdministrativeExpenses": 21510000,
    "otherExpenses": 130759000,
    "operatingExpenses": 152269000,
    "costAndExpenses": 329682000,
    "interestIncome": 1358000,
    "interestExpense": 54717000,
    "depreciationAndAmortization": 130759000,
    "ebitda": 1019076000,
    "ebitdaratio": 2.3060244072,
    "operatingIncome": 112237000,
    "operatingIncomeRatio": 0.2539764074,
    "totalOtherIncomeExpensesNet": 719211000,
    "incomeBeforeTax": 831448000,
    "incomeBeforeTaxRatio": 1.8814488628,
    "incomeTaxExpense": -2935000,
    "netIncome": 831548000,
    "netIncomeRatio": 1.8816751486,
    "eps": 1.75,
    "epsdiluted": 1.73,
    "weightedAverageShsOut": 472998000,
    "weightedAverageShsOutDil": 479906000,
    "link": "https://www.sec.gov/Archives/edgar/data/1574540/000157454019000013/0001574540-19-000013-index.htm",
    "finalLink": "https://www.sec.gov/Archives/edgar/data/1574540/000157454019000013/fy201810-k12312018.htm"
  },
  {
    "date": "2018-09-30",
    "symbol": "DOC",
    "reportedCurrency": "USD",
    "cik": "0000765880",
    "fillingDate": "2018-11-05",
    "acceptedDate": "2018-11-05 16:43:36",
    "calendarYear": "2018",
    "period": "Q3",
    "revenue": 456022000,
    "costOfRevenue": 181207000,
    "grossProfit": 274815000,
    "grossProfitRatio": 0.6026353992,
    "researchAndDevelopmentExpenses": 0,
    "generalAndAdministrativeExpenses": 23503000,
    "sellingAndMarketingExpenses": 0,
    "sellingGeneralAndAdministrativeExpenses": 23503000,
    "otherExpenses": 132198000,
    "operatingExpenses": 155701000,
    "costAndExpenses": 336908000,
    "interestIncome": 1236000,
    "interestExpense": 63486000,
    "depreciationAndAmortization": 132198000,
    "ebitda": 294592000,
    "ebitdaratio": 0.6460039209,
    "operatingIncome": 119114000,
    "operatingIncomeRatio": 0.2612023104,
    "totalOtherIncomeExpensesNet": -21117000,
    "incomeBeforeTax": 97997000,
    "incomeBeforeTaxRatio": 0.214895334,
    "incomeTaxExpense": -4929000,
    "netIncome": 99371000,
    "netIncomeRatio": 0.2179083465,
    "eps": 0.21,
    "epsdiluted": 0.21,
    "weightedAverageShsOut": 469867000,
    "weightedAverageShsOutDil": 470118000,
    "link": "https://www.sec.gov/Archives/edgar/data/1574540/000157454018000088/0001574540-18-000088-index.htm",
    "finalLink": "https://www.sec.gov/Archives/edgar/data/1574540/000157454018000088/a10q2018q3.htm"
  },
  {
    "date": "2018-06-30",
    "symbol": "DOC",
    "reportedCurrency": "USD",
    "cik": "0000765880",
    "fillingDate": "2018-08-03",
    "acceptedDate": "2018-08-03 16:34:35",
    "calendarYear": "2018",
    "period": "Q2",
    "revenue": 469551000,
    "costOfRevenue": 173866000,
    "grossProfit": 295685000,
    "grossProfitRatio": 0.6297186035,
    "researchAndDevelopmentExpenses": 0,
    "generalAndAdministrativeExpenses": 22514000,
    "sellingAndMarketingExpenses": 0,
    "sellingGeneralAndAdministrativeExpenses": 22514000,
    "otherExpenses": 143292000,
    "operatingExpenses": 165806000,
    "costAndExpenses": 339672000,
    "interestIncome": 1447000,
    "interestExpense": 73038000,
    "depreciationAndAmortization": 143292000,
    "ebitda": 304705000,
    "ebitdaratio": 0.6489284444,
    "operatingIncome": 129879000,
    "operatingIncomeRatio": 0.2766025416,
    "totalOtherIncomeExpensesNet": -41605000,
    "incomeBeforeTax": 88274000,
    "incomeBeforeTaxRatio": 0.187996618,
    "incomeTaxExpense": -4654000,
    "netIncome": 89942000,
    "netIncomeRatio": 0.1915489478,
    "eps": 0.19,
    "epsdiluted": 0.19,
    "weightedAverageShsOut": 469769000,
    "weightedAverageShsOutDil": 469941000,
    "link": "https://www.sec.gov/Archives/edgar/data/1574540/000157454018000077/0001574540-18-000077-index.htm",
    "finalLink": "https://www.sec.gov/Archives/edgar/data/1574540/000157454018000077/a10q2018q2.htm"
  },
  {
    "date": "2018-03-31",
    "symbol": "DOC",
    "reportedCurrency": "USD",
    "cik": "0000765880",
    "fillingDate": "2018-05-04",
    "acceptedDate": "2018-05-04 16:32:23",
    "calendarYear": "2018",
    "period": "Q1",
    "revenue": 479197000,
    "costOfRevenue": 172552000,
    "grossProfit": 306645000,
    "grossProfitRatio": 0.6399142733,
    "researchAndDevelopmentExpenses": 0,
    "generalAndAdministrativeExpenses": 29175000,
    "sellingAndMarketingExpenses": 0,
    "sellingGeneralAndAdministrativeExpenses": 29175000,
    "otherExpenses": 143250000,
    "operatingExpenses": 172425000,
    "costAndExpenses": 344977000,
    "interestIncome": 6365000,
    "interestExpense": 75102000,
    "depreciationAndAmortization": 143250000,
    "ebitda": 255683000,
    "ebitdaratio": 0.5335655273,
    "operatingIncome": 134220000,
    "operatingIncomeRatio": 0.2800935732,
    "totalOtherIncomeExpensesNet": -96319000,
    "incomeBeforeTax": 37901000,
    "incomeBeforeTaxRatio": 0.0790927322,
    "incomeTaxExpense": -5336000,
    "netIncome": 40232000,
    "netIncomeRatio": 0.0839571199,
    "eps": 0.0848,
    "epsdiluted": 0.0848,
    "weightedAverageShsOut": 469557000,
    "weightedAverageShsOutDil": 469695000,
    "link": "https://www.sec.gov/Archives/edgar/data/1574540/000157454018000066/0001574540-18-000066-index.htm",
    "finalLink": "https://www.sec.gov/Archives/edgar/data/1574540/000157454018000066/a10q2018q1.htm"
  },
  {
    "date": "2017-12-31",
    "symbol": "DOC",
    "reportedCurrency": "USD",
    "cik": "0000765880",
    "fillingDate": "2018-03-01",
    "acceptedDate": "2018-03-01 16:25:49",
    "calendarYear": "2017",
    "period": "Q4",
    "revenue": 443259000,
    "costOfRevenue": 198669000,
    "grossProfit": 244590000,
    "grossProfitRatio": 0.5517992866,
    "researchAndDevelopmentExpenses": 0,
    "generalAndAdministrativeExpenses": 21485000,
    "sellingAndMarketingExpenses": 0,
    "sellingGeneralAndAdministrativeExpenses": 21485000,
    "otherExpenses": 136833000,
    "operatingExpenses": 158318000,
    "costAndExpenses": 356987000,
    "interestIncome": 5263000,
    "interestExpense": 71882000,
    "depreciationAndAmortization": 136833000,
    "ebitda": 157758000,
    "ebitdaratio": 0.355904787,
    "operatingIncome": 86272000,
    "operatingIncomeRatio": 0.1946311299,
    "totalOtherIncomeExpensesNet": -130899000,
    "incomeBeforeTax": -44627000,
    "incomeBeforeTaxRatio": -0.1006792868,
    "incomeTaxExpense": 13297000,
    "netIncome": -58702000,
    "netIncomeRatio": -0.1324327312,
    "eps": -0.13,
    "epsdiluted": -0.13,
    "weightedAverageShsOut": 469229000,
    "weightedAverageShsOutDil": 469229000,
    "link": "https://www.sec.gov/Archives/edgar/data/1574540/000157454018000016/0001574540-18-000016-index.htm",
    "finalLink": "https://www.sec.gov/Archives/edgar/data/1574540/000157454018000016/fy201710-k12312017.htm"
  },
  {
    "date": "2017-09-30",
    "symbol": "DOC",
    "reportedCurrency": "USD",
    "cik": "0000765880",
    "fillingDate": "2017-11-03",
    "acceptedDate": "2017-11-03 16:18:42",
    "calendarYear": "2017",
    "period": "Q3",
    "revenue": 454023000,
    "costOfRevenue": 155338000,
    "grossProfit": 298685000,
    "grossProfitRatio": 0.6578631479,
    "researchAndDevelopmentExpenses": 0,
    "generalAndAdministrativeExpenses": 23523000,
    "sellingAndMarketingExpenses": 0,
    "sellingGeneralAndAdministrativeExpenses": 23523000,
    "otherExpenses": 130588000,
    "operatingExpenses": 154111000,
    "costAndExpenses": 309449000,
    "interestIncome": 11774000,
    "interestExpense": 71328000,
    "depreciationAndAmortization": 130588000,
    "ebitda": 189653000,
    "ebitdaratio": 0.4177167236,
    "operatingIncome": 144574000,
    "operatingIncomeRatio": 0.3184288021,
    "totalOtherIncomeExpensesNet": -155775000,
    "incomeBeforeTax": -11201000,
    "incomeBeforeTaxRatio": -0.0246705563,
    "incomeTaxExpense": -5481000,
    "netIncome": -7657000,
    "netIncomeRatio": -0.0168647844,
    "eps": -0.0163,
    "epsdiluted": -0.0163,
    "weightedAverageShsOut": 468975000,
    "weightedAverageShsOutDil": 468975000,
    "link": "https://www.sec.gov/Archives/edgar/data/1574540/000157454017000108/0001574540-17-000108-index.htm",
    "finalLink": "https://www.sec.gov/Archives/edgar/data/1574540/000157454017000108/a10q2017q3.htm"
  },
  {
    "date": "2017-06-30",
    "symbol": "DOC",
    "reportedCurrency": "USD",
    "cik": "0000765880",
    "fillingDate": "2017-08-04",
    "acceptedDate": "2017-08-04 09:14:09",
    "calendarYear": "2017",
    "period": "Q2",
    "revenue": 458928000,
    "costOfRevenue": 153163000,
    "grossProfit": 305765000,
    "grossProfitRatio": 0.6662591953,
    "researchAndDevelopmentExpenses": 0,
    "generalAndAdministrativeExpenses": 21286000,
    "sellingAndMarketingExpenses": 0,
    "sellingGeneralAndAdministrativeExpenses": 21286000,
    "otherExpenses": 130751000,
    "operatingExpenses": 152037000,
    "costAndExpenses": 305200000,
    "interestIncome": 20869000,
    "interestExpense": 77788000,
    "depreciationAndAmortization": 130751000,
    "ebitda": 227413000,
    "ebitdaratio": 0.4955308894,
    "operatingIncome": 153728000,
    "operatingIncomeRatio": 0.3349719346,
    "totalOtherIncomeExpensesNet": -134614000,
    "incomeBeforeTax": 19114000,
    "incomeBeforeTaxRatio": 0.0416492347,
    "incomeTaxExpense": -2987000,
    "netIncome": 19383000,
    "netIncomeRatio": 0.0422353833,
    "eps": 0.04,
    "epsdiluted": 0.04,
    "weightedAverageShsOut": 468646000,
    "weightedAverageShsOutDil": 468839000,
    "link": "https://www.sec.gov/Archives/edgar/data/1574540/000157454017000090/0001574540-17-000090-index.htm",
    "finalLink": "https://www.sec.gov/Archives/edgar/data/1574540/000157454017000090/a10q2017q2.htm"
  },
  {
    "date": "2017-03-31",
    "symbol": "DOC",
    "reportedCurrency": "USD",
    "cik": "0000765880",
    "fillingDate": "2017-05-05",
    "acceptedDate": "2017-05-05 16:16:44",
    "calendarYear": "2017",
    "period": "Q1",
    "revenue": 492168000,
    "costOfRevenue": 159081000,
    "grossProfit": 333087000,
    "grossProfitRatio": 0.6767750037,
    "researchAndDevelopmentExpenses": 0,
    "generalAndAdministrativeExpenses": 22478000,
    "sellingAndMarketingExpenses": 0,
    "sellingGeneralAndAdministrativeExpenses": 22478000,
    "otherExpenses": 136554000,
    "operatingExpenses": 159032000,
    "costAndExpenses": 318113000,
    "interestIncome": 18331000,
    "interestExpense": 86718000,
    "depreciationAndAmortization": 136554000,
    "ebitda": 678018000,
    "ebitdaratio": 1.3776149607,
    "operatingIncome": 174055000,
    "operatingIncomeRatio": 0.3536495668,
    "totalOtherIncomeExpensesNet": 283960000,
    "incomeBeforeTax": 458015000,
    "incomeBeforeTaxRatio": 0.9306070285,
    "incomeTaxExpense": -6162000,
    "netIncome": 461145000,
    "netIncomeRatio": 0.9369666455,
    "eps": 0.98,
    "epsdiluted": 0.97,
    "weightedAverageShsOut": 468299000,
    "weightedAverageShsOutDil": 475173000,
    "link": "https://www.sec.gov/Archives/edgar/data/1574540/000157454017000063/0001574540-17-000063-index.htm",
    "finalLink": "https://www.sec.gov/Archives/edgar/data/1574540/000157454017000063/a10q2017q1.htm"
  },
  {
    "date": "2016-12-31",
    "symbol": "DOC",
    "reportedCurrency": "USD",
    "cik": "0000765880",
    "fillingDate": "2017-02-24",
    "acceptedDate": "2017-02-24 09:51:07",
    "calendarYear": "2016",
    "period": "Q4",
    "revenue": 172238000,
    "costOfRevenue": 192572000,
    "grossProfit": -20334000,
    "grossProfitRatio": -0.1180575715,
    "researchAndDevelopmentExpenses": 0,
    "generalAndAdministrativeExpenses": 20532000,
    "sellingAndMarketingExpenses": 0,
    "sellingGeneralAndAdministrativeExpenses": 20532000,
    "otherExpenses": 142526000,
    "operatingExpenses": 163058000,
    "costAndExpenses": 355630000,
    "interestIncome": 17510000,
    "interestExpense": 103148000,
    "depreciationAndAmortization": 142722000,
    "ebitda": -18322000,
    "ebitdaratio": -0.106376061,
    "operatingIncome": -183392000,
    "operatingIncomeRatio": -1.0647592285,
    "totalOtherIncomeExpensesNet": -65412000,
    "incomeBeforeTax": -248804000,
    "incomeBeforeTaxRatio": -1.444536049,
    "incomeTaxExpense": -44349000,
    "netIncome": 58661000,
    "netIncomeRatio": 0.3405810564,
    "eps": 0.12,
    "epsdiluted": 0.12,
    "weightedAverageShsOut": 467979000,
    "weightedAverageShsOutDil": 468210000,
    "link": "https://www.sec.gov/Archives/edgar/data/1574540/000157454017000007/0001574540-17-000007-index.htm",
    "finalLink": "https://www.sec.gov/Archives/edgar/data/1574540/000157454017000007/fy201610-k12312016.htm"
  },
  {
    "date": "2016-09-30",
    "symbol": "DOC",
    "reportedCurrency": "USD",
    "cik": "0000765880",
    "fillingDate": "2016-11-03",
    "acceptedDate": "2016-11-03 16:04:27",
    "calendarYear": "2016",
    "period": "Q3",
    "revenue": 530557000,
    "costOfRevenue": 187714000,
    "grossProfit": 342843000,
    "grossProfitRatio": 0.6461944711,
    "researchAndDevelopmentExpenses": 0,
    "generalAndAdministrativeExpenses": 34781000,
    "sellingAndMarketingExpenses": 0,
    "sellingGeneralAndAdministrativeExpenses": 34781000,
    "otherExpenses": 141407000,
    "operatingExpenses": 176188000,
    "costAndExpenses": 363902000,
    "interestIncome": 20482000,
    "interestExpense": 117860000,
    "depreciationAndAmortization": 141407000,
    "ebitda": 306722000,
    "ebitdaratio": 0.5781131905,
    "operatingIncome": 166655000,
    "operatingIncomeRatio": 0.3141132809,
    "totalOtherIncomeExpensesNet": -121253000,
    "incomeBeforeTax": 45402000,
    "incomeBeforeTaxRatio": 0.0855742173,
    "incomeTaxExpense": -424000,
    "netIncome": 151250000,
    "netIncomeRatio": 0.2850777579,
    "eps": 0.32,
    "epsdiluted": 0.32,
    "weightedAverageShsOut": 467628000,
    "weightedAverageShsOutDil": 467835000,
    "link": "https://www.sec.gov/Archives/edgar/data/1574540/000157454016000126/0001574540-16-000126-index.htm",
    "finalLink": "https://www.sec.gov/Archives/edgar/data/1574540/000157454016000126/a10q2016q3.htm"
  },
  {
    "date": "2016-06-30",
    "symbol": "DOC",
    "reportedCurrency": "USD",
    "cik": "0000765880",
    "fillingDate": "2016-08-04",
    "acceptedDate": "2016-08-04 16:15:11",
    "calendarYear": "2016",
    "period": "Q2",
    "revenue": 538335000,
    "costOfRevenue": 179080000,
    "grossProfit": 359255000,
    "grossProfitRatio": 0.6673446831,
    "researchAndDevelopmentExpenses": 0,
    "generalAndAdministrativeExpenses": 22779000,
    "sellingAndMarketingExpenses": 0,
    "sellingGeneralAndAdministrativeExpenses": 22779000,
    "otherExpenses": 139919000,
    "operatingExpenses": 162698000,
    "costAndExpenses": 341778000,
    "interestIncome": 32787000,
    "interestExpense": 121333000,
    "depreciationAndAmortization": 139919000,
    "ebitda": 457607000,
    "ebitdaratio": 0.8500413311,
    "operatingIncome": 196557000,
    "operatingIncomeRatio": 0.3651202318,
    "totalOtherIncomeExpensesNet": -1269000,
    "incomeBeforeTax": 195288000,
    "incomeBeforeTaxRatio": 0.3627629636,
    "incomeTaxExpense": -2179000,
    "netIncome": 301717000,
    "netIncomeRatio": 0.5604632803,
    "eps": 0.65,
    "epsdiluted": 0.64,
    "weightedAverageShsOut": 467084000,
    "weightedAverageShsOutDil": 471425000,
    "link": "https://www.sec.gov/Archives/edgar/data/1574540/000157454016000107/0001574540-16-000107-index.htm",
    "finalLink": "https://www.sec.gov/Archives/edgar/data/1574540/000157454016000107/a10q2016q208042016.htm"
  },
  {
    "date": "2016-03-31",
    "symbol": "DOC",
    "reportedCurrency": "USD",
    "cik": "0000765880",
    "fillingDate": "2016-05-06",
    "acceptedDate": "2016-05-06 16:07:34",
    "calendarYear": "2016",
    "period": "Q1",
    "revenue": 520457000,
    "costOfRevenue": 175957000,
    "grossProfit": 344500000,
    "grossProfitRatio": 0.6619182757,
    "researchAndDevelopmentExpenses": 0,
    "generalAndAdministrativeExpenses": 25451000,
    "sellingAndMarketingExpenses": 0,
    "sellingGeneralAndAdministrativeExpenses": 25451000,
    "otherExpenses": 139855000,
    "operatingExpenses": 165306000,
    "costAndExpenses": 341263000,
    "interestIncome": 18029000,
    "interestExpense": 122062000,
    "depreciationAndAmortization": 139855000,
    "ebitda": 317866000,
    "ebitdaratio": 0.6107440192,
    "operatingIncome": 179194000,
    "operatingIncomeRatio": 0.3443012583,
    "totalOtherIncomeExpensesNet": -124153000,
    "incomeBeforeTax": 55041000,
    "incomeBeforeTaxRatio": 0.1057551344,
    "incomeTaxExpense": 3704000,
    "netIncome": 116119000,
    "netIncomeRatio": 0.2231096901,
    "eps": 0.25,
    "epsdiluted": 0.25,
    "weightedAverageShsOut": 466074000,
    "weightedAverageShsOutDil": 466262000,
    "link": "https://www.sec.gov/Archives/edgar/data/1574540/000157454016000091/0001574540-16-000091-index.htm",
    "finalLink": "https://www.sec.gov/Archives/edgar/data/1574540/000157454016000091/a10q2016q1.htm"
  },
  {
    "date": "2015-12-31",
    "symbol": "DOC",
    "reportedCurrency": "USD",
    "cik": "0000765880",
    "fillingDate": "2016-02-29",
    "acceptedDate": "2016-02-29 16:05:06",
    "calendarYear": "2015",
    "period": "Q4",
    "revenue": 668036000,
    "costOfRevenue": 172487000,
    "grossProfit": 495549000,
    "grossProfitRatio": 0.7417998431,
    "researchAndDevelopmentExpenses": 0,
    "generalAndAdministrativeExpenses": 21870000,
    "sellingAndMarketingExpenses": 0,
    "sellingGeneralAndAdministrativeExpenses": 21870000,
    "otherExpenses": 141156000,
    "operatingExpenses": 163026000,
    "costAndExpenses": 335513000,
    "interestIncome": 23135000,
    "interestExpense": 122027000,
    "depreciationAndAmortization": 141156000,
    "ebitda": -338561000,
    "ebitdaratio": -0.5068005317,
    "operatingIncome": 332523000,
    "operatingIncomeRatio": 0.4977620967,
    "totalOtherIncomeExpensesNet": -929531000,
    "incomeBeforeTax": -597008000,
    "incomeBeforeTaxRatio": -0.8936763887,
    "incomeTaxExpense": -2391000,
    "netIncome": -598868000,
    "netIncomeRatio": -0.8964606698,
    "eps": -1.29,
    "epsdiluted": -1.29,
    "weightedAverageShsOut": 464434500,
    "weightedAverageShsOutDil": 464528500,
    "link": "https://www.sec.gov/Archives/edgar/data/1574540/000157454016000065/0001574540-16-000065-index.htm",
    "finalLink": "https://www.sec.gov/Archives/edgar/data/1574540/000157454016000065/fy1510-k12312015.htm"
  },
  {
    "date": "2015-09-30",
    "symbol": "DOC",
    "reportedCurrency": "USD",
    "cik": "0000765880",
    "fillingDate": "2015-11-09",
    "acceptedDate": "2015-11-09 07:12:39",
    "calendarYear": "2015",
    "period": "Q3",
    "revenue": 657499000,
    "costOfRevenue": 173515000,
    "grossProfit": 483984000,
    "grossProfitRatio": 0.7360984579,
    "researchAndDevelopmentExpenses": 0,
    "generalAndAdministrativeExpenses": 20534000,
    "sellingAndMarketingExpenses": 0,
    "sellingGeneralAndAdministrativeExpenses": 20534000,
    "otherExpenses": 134704000,
    "operatingExpenses": 155238000,
    "costAndExpenses": 328753000,
    "interestIncome": 19842000,
    "interestExpense": 122157000,
    "depreciationAndAmortization": 134704000,
    "ebitda": 391755000,
    "ebitdaratio": 0.5958260013,
    "operatingIncome": 328746000,
    "operatingIncomeRatio": 0.4999946768,
    "totalOtherIncomeExpensesNet": -212772000,
    "incomeBeforeTax": 115974000,
    "incomeBeforeTaxRatio": 0.1763865801,
    "incomeTaxExpense": -1980000,
    "netIncome": 115362000,
    "netIncomeRatio": 0.1754557802,
    "eps": 0.25,
    "epsdiluted": 0.25,
    "weightedAverageShsOut": 463337000,
    "weightedAverageShsOutDil": 463586000,
    "link": "https://www.sec.gov/Archives/edgar/data/1574540/000157454015000032/0001574540-15-000032-index.htm",
    "finalLink": "https://www.sec.gov/Archives/edgar/data/1574540/000157454015000032/a10q2015q3.htm"
  },
  {
    "date": "2015-06-30",
    "symbol": "DOC",
    "reportedCurrency": "USD",
    "cik": "0000765880",
    "fillingDate": "2015-08-10",
    "acceptedDate": "2015-08-10 16:46:34",
    "calendarYear": "2015",
    "period": "Q2",
    "revenue": 607532000,
    "costOfRevenue": 136342000,
    "grossProfit": 471190000,
    "grossProfitRatio": 0.7755805456,
    "researchAndDevelopmentExpenses": 0,
    "generalAndAdministrativeExpenses": 28845000,
    "sellingAndMarketingExpenses": 0,
    "sellingGeneralAndAdministrativeExpenses": 28845000,
    "otherExpenses": 120403000,
    "operatingExpenses": 149248000,
    "costAndExpenses": 285590000,
    "interestIncome": 35945000,
    "interestExpense": 118632000,
    "depreciationAndAmortization": 120403000,
    "ebitda": 390219000,
    "ebitdaratio": 0.6423019693,
    "operatingIncome": 321942000,
    "operatingIncomeRatio": 0.5299177656,
    "totalOtherIncomeExpensesNet": -158757000,
    "incomeBeforeTax": 163185000,
    "incomeBeforeTaxRatio": 0.2686031353,
    "incomeTaxExpense": -4563000,
    "netIncome": 164885000,
    "netIncomeRatio": 0.2714013418,
    "eps": 0.36,
    "epsdiluted": 0.36,
    "weightedAverageShsOut": 461874000,
    "weightedAverageShsOutDil": 462106000,
    "link": "https://www.sec.gov/Archives/edgar/data/1574540/000110465915058285/0001104659-15-058285-index.htm",
    "finalLink": "https://www.sec.gov/Archives/edgar/data/1574540/000110465915058285/a15-11938_110q.htm"
  },
  {
    "date": "2015-03-31",
    "symbol": "DOC",
    "reportedCurrency": "USD",
    "cik": "0000765880",
    "fillingDate": "2015-05-08",
    "acceptedDate": "2015-05-08 17:10:01",
    "calendarYear": "2015",
    "period": "Q1",
    "revenue": 610791000,
    "costOfRevenue": 132031000,
    "grossProfit": 478760000,
    "grossProfitRatio": 0.7838360421,
    "researchAndDevelopmentExpenses": 0,
    "generalAndAdministrativeExpenses": 24773000,
    "sellingAndMarketingExpenses": 0,
    "sellingGeneralAndAdministrativeExpenses": 24773000,
    "otherExpenses": 114522000,
    "operatingExpenses": 139295000,
    "costAndExpenses": 271326000,
    "interestIncome": 33262000,
    "interestExpense": 116780000,
    "depreciationAndAmortization": 114522000,
    "ebitda": -19879000,
    "ebitdaratio": -0.0325463211,
    "operatingIncome": 339465000,
    "operatingIncomeRatio": 0.5557793091,
    "totalOtherIncomeExpensesNet": -577045000,
    "incomeBeforeTax": -237580000,
    "incomeBeforeTaxRatio": -0.3889710228,
    "incomeTaxExpense": -77000,
    "netIncome": -240614000,
    "netIncomeRatio": -0.3939383521,
    "eps": -0.52,
    "epsdiluted": -0.52,
    "weightedAverageShsOut": 460880000,
    "weightedAverageShsOutDil": 460880000,
    "link": "https://www.sec.gov/Archives/edgar/data/1574540/000110465915036318/0001104659-15-036318-index.htm",
    "finalLink": "https://www.sec.gov/Archives/edgar/data/1574540/000110465915036318/a15-7154_110q.htm"
  },
  {
    "date": "2014-12-31",
    "symbol": "DOC",
    "reportedCurrency": "USD",
    "cik": "0000765880",
    "fillingDate": "2015-03-12",
    "acceptedDate": "2015-03-12 17:08:49",
    "calendarYear": "2014",
    "period": "Q4",
    "revenue": 603528000,
    "costOfRevenue": 130430000,
    "grossProfit": 473098000,
    "grossProfitRatio": 0.7838874087,
    "researchAndDevelopmentExpenses": 0,
    "generalAndAdministrativeExpenses": 6765000,
    "sellingAndMarketingExpenses": 0,
    "sellingGeneralAndAdministrativeExpenses": 6765000,
    "otherExpenses": 116499000,
    "operatingExpenses": 123264000,
    "costAndExpenses": 253694000,
    "interestIncome": 23341000,
    "interestExpense": 114987000,
    "depreciationAndAmortization": 116499000,
    "ebitda": 454257000,
    "ebitdaratio": 0.7526693045,
    "operatingIncome": 349834000,
    "operatingIncomeRatio": 0.5796483345,
    "totalOtherIncomeExpensesNet": -152794000,
    "incomeBeforeTax": 197040000,
    "incomeBeforeTaxRatio": 0.3264802959,
    "incomeTaxExpense": -2590000,
    "netIncome": 196583000,
    "netIncomeRatio": 0.3257230816,
    "eps": 0.43,
    "epsdiluted": 0.43,
    "weightedAverageShsOut": 459652500,
    "weightedAverageShsOutDil": 459838000,
    "link": "https://www.sec.gov/Archives/edgar/data/1574540/000110465915019223/0001104659-15-019223-index.htm",
    "finalLink": "https://www.sec.gov/Archives/edgar/data/1574540/000110465915019223/a15-1782_110k.htm"
  },
  {
    "date": "2014-09-30",
    "symbol": "DOC",
    "reportedCurrency": "USD",
    "cik": "0000765880",
    "fillingDate": "2014-11-13",
    "acceptedDate": "2014-11-13 16:20:14",
    "calendarYear": "2014",
    "period": "Q3",
    "revenue": 596638000,
    "costOfRevenue": 99599000,
    "grossProfit": 497039000,
    "grossProfitRatio": 0.8330662814,
    "researchAndDevelopmentExpenses": 0,
    "generalAndAdministrativeExpenses": 19479000,
    "sellingAndMarketingExpenses": 0,
    "sellingGeneralAndAdministrativeExpenses": 19479000,
    "otherExpenses": 122975000,
    "operatingExpenses": 142454000,
    "costAndExpenses": 242053000,
    "interestIncome": 17517000,
    "interestExpense": 111275000,
    "depreciationAndAmortization": 122975000,
    "ebitda": 475196000,
    "ebitdaratio": 0.7964561426,
    "operatingIncome": 354585000,
    "operatingIncomeRatio": 0.5943050895,
    "totalOtherIncomeExpensesNet": -103471000,
    "incomeBeforeTax": 251114000,
    "incomeBeforeTaxRatio": 0.4208816736,
    "incomeTaxExpense": 55000,
    "netIncome": 247654000,
    "netIncomeRatio": 0.4150825123,
    "eps": 0.54,
    "epsdiluted": 0.54,
    "weightedAverageShsOut": 458799000,
    "weightedAverageShsOutDil": 459141000,
    "link": "https://www.sec.gov/Archives/edgar/data/1574540/000110465914080410/0001104659-14-080410-index.htm",
    "finalLink": "https://www.sec.gov/Archives/edgar/data/1574540/000110465914080410/a14-19887_110q.htm"
  },
  {
    "date": "2014-06-30",
    "symbol": "DOC",
    "reportedCurrency": "USD",
    "cik": "0000765880",
    "fillingDate": "2014-08-13",
    "acceptedDate": "2014-08-13 17:05:24",
    "calendarYear": "2014",
    "period": "Q2",
    "revenue": 536121000,
    "costOfRevenue": 78867000,
    "grossProfit": 457254000,
    "grossProfitRatio": 0.8528932834,
    "researchAndDevelopmentExpenses": 0,
    "generalAndAdministrativeExpenses": 21656000,
    "sellingAndMarketingExpenses": 0,
    "sellingGeneralAndAdministrativeExpenses": 21656000,
    "otherExpenses": 113133000,
    "operatingExpenses": 134789000,
    "costAndExpenses": 213656000,
    "interestIncome": 16937000,
    "interestExpense": 106842000,
    "depreciationAndAmortization": 113133000,
    "ebitda": 428901000,
    "ebitdaratio": 0.8000078341,
    "operatingIncome": 322465000,
    "operatingIncomeRatio": 0.6014780246,
    "totalOtherIncomeExpensesNet": -98847000,
    "incomeBeforeTax": 223618000,
    "incomeBeforeTaxRatio": 0.4171036016,
    "incomeTaxExpense": 1339000,
    "netIncome": 218885000,
    "netIncomeRatio": 0.4082753707,
    "eps": 0.48,
    "epsdiluted": 0.48,
    "weightedAverageShsOut": 458247000,
    "weightedAverageShsOutDil": 458588000,
    "link": "https://www.sec.gov/Archives/edgar/data/1574540/000110465914060432/0001104659-14-060432-index.htm",
    "finalLink": "https://www.sec.gov/Archives/edgar/data/1574540/000110465914060432/a14-14184_110q.htm"
  },
  {
    "date": "2014-03-31",
    "symbol": "DOC",
    "reportedCurrency": "USD",
    "cik": "0000765880",
    "fillingDate": "2014-05-07",
    "acceptedDate": "2014-05-07 07:22:01",
    "calendarYear": "2014",
    "period": "Q1",
    "revenue": 529992000,
    "costOfRevenue": 75707000,
    "grossProfit": 454285000,
    "grossProfitRatio": 0.8571544476,
    "researchAndDevelopmentExpenses": 0,
    "generalAndAdministrativeExpenses": 20899000,
    "sellingAndMarketingExpenses": 0,
    "sellingGeneralAndAdministrativeExpenses": 20899000,
    "otherExpenses": 107388000,
    "operatingExpenses": 128287000,
    "costAndExpenses": 203994000,
    "interestIncome": 16696000,
    "interestExpense": 106638000,
    "depreciationAndAmortization": 107388000,
    "ebitda": 434821000,
    "ebitdaratio": 0.820429365,
    "operatingIncome": 325998000,
    "operatingIncomeRatio": 0.6150998506,
    "totalOtherIncomeExpensesNet": -90675000,
    "incomeBeforeTax": 235323000,
    "incomeBeforeTaxRatio": 0.4440123625,
    "incomeTaxExpense": 1446000,
    "netIncome": 259111000,
    "netIncomeRatio": 0.4888960588,
    "eps": 0.56,
    "epsdiluted": 0.56,
    "weightedAverageShsOut": 457294000,
    "weightedAverageShsOutDil": 457674000,
    "link": "https://www.sec.gov/Archives/edgar/data/1574540/000110465914035426/0001104659-14-035426-index.htm",
    "finalLink": "https://www.sec.gov/Archives/edgar/data/1574540/000110465914035426/a14-9811_110q.htm"
  },
  {
    "date": "2013-12-31",
    "symbol": "DOC",
    "reportedCurrency": "USD",
    "cik": "0000765880",
    "fillingDate": "2014-03-21",
    "acceptedDate": "2014-03-21 16:07:09",
    "calendarYear": "2013",
    "period": "Q4",
    "revenue": 536586000,
    "costOfRevenue": 73300000,
    "grossProfit": 463286000,
    "grossProfitRatio": 0.863395616,
    "researchAndDevelopmentExpenses": 0,
    "generalAndAdministrativeExpenses": 19153000,
    "sellingAndMarketingExpenses": 0,
    "sellingGeneralAndAdministrativeExpenses": 19153000,
    "otherExpenses": 105882000,
    "operatingExpenses": 125035000,
    "costAndExpenses": 198335000,
    "interestIncome": 17548000,
    "interestExpense": 109158000,
    "depreciationAndAmortization": 105882000,
    "ebitda": 445462000,
    "ebitdaratio": 0.8301782007,
    "operatingIncome": 338251000,
    "operatingIncomeRatio": 0.6303761186,
    "totalOtherIncomeExpensesNet": -87674000,
    "incomeBeforeTax": 250577000,
    "incomeBeforeTaxRatio": 0.4669838572,
    "incomeTaxExpense": 2252000,
    "netIncome": 293095000,
    "netIncomeRatio": 0.5462218545,
    "eps": 0.64,
    "epsdiluted": 0.64,
    "weightedAverageShsOut": 456148000,
    "weightedAverageShsOutDil": 456688000,
    "link": "https://www.sec.gov/Archives/edgar/data/1574540/000110465914021828/0001104659-14-021828-index.htm",
    "finalLink": "https://www.sec.gov/Archives/edgar/data/1574540/000110465914021828/a14-7067_110k.htm"
  },
  {
    "date": "2013-09-30",
    "symbol": "DOC",
    "reportedCurrency": "USD",
    "cik": "0000765880",
    "fillingDate": "2013-11-12",
    "acceptedDate": "2013-11-12 17:17:57",
    "calendarYear": "2013",
    "period": "Q3",
    "revenue": 546157000,
    "costOfRevenue": 75417000,
    "grossProfit": 470740000,
    "grossProfitRatio": 0.8619133326,
    "researchAndDevelopmentExpenses": 0,
    "generalAndAdministrativeExpenses": 45326000,
    "sellingAndMarketingExpenses": 0,
    "sellingGeneralAndAdministrativeExpenses": 45326000,
    "otherExpenses": 104783000,
    "operatingExpenses": 150109000,
    "costAndExpenses": 225526000,
    "interestIncome": 42078000,
    "interestExpense": 108088000,
    "depreciationAndAmortization": 104783000,
    "ebitda": 427046000,
    "ebitdaratio": 0.781910696,
    "operatingIncome": 320631000,
    "operatingIncomeRatio": 0.587067455,
    "totalOtherIncomeExpensesNet": -92564000,
    "incomeBeforeTax": 228067000,
    "incomeBeforeTaxRatio": 0.4175850534,
    "incomeTaxExpense": 1034000,
    "netIncome": 233756000,
    "netIncomeRatio": 0.4280014721,
    "eps": 0.51,
    "epsdiluted": 0.51,
    "weightedAverageShsOut": 455345000,
    "weightedAverageShsOutDil": 456078000,
    "link": "https://www.sec.gov/Archives/edgar/data/1574540/000110465913083714/0001104659-13-083714-index.htm",
    "finalLink": "https://www.sec.gov/Archives/edgar/data/1574540/000110465913083714/a13-22663_110q.htm"
  },
  {
    "date": "2013-06-30",
    "symbol": "DOC",
    "reportedCurrency": "USD",
    "cik": "0000765880",
    "fillingDate": "2013-08-30",
    "acceptedDate": "2013-08-30 09:44:37",
    "calendarYear": "2013",
    "period": "Q2",
    "revenue": 512239000,
    "costOfRevenue": 73887000,
    "grossProfit": 438352000,
    "grossProfitRatio": 0.8557567854,
    "researchAndDevelopmentExpenses": 0,
    "generalAndAdministrativeExpenses": 24062000,
    "sellingAndMarketingExpenses": 0,
    "sellingGeneralAndAdministrativeExpenses": 24062000,
    "otherExpenses": 109210000,
    "operatingExpenses": 133272000,
    "costAndExpenses": 207159000,
    "interestIncome": 14147000,
    "interestExpense": 108452000,
    "depreciationAndAmortization": 109210000,
    "ebitda": 417578000,
    "ebitdaratio": 0.8152014977,
    "operatingIncome": 305080000,
    "operatingIncomeRatio": 0.5955813595,
    "totalOtherIncomeExpensesNet": -89579000,
    "incomeBeforeTax": 215501000,
    "incomeBeforeTaxRatio": 0.4207040073,
    "incomeTaxExpense": 1604000,
    "netIncome": 213401000,
    "netIncomeRatio": 0.4166043585,
    "eps": 0.47,
    "epsdiluted": 0.47,
    "weightedAverageShsOut": 454618000,
    "weightedAverageShsOutDil": 455431000,
    "link": "https://www.sec.gov/Archives/edgar/data/1574540/000110465913067306/0001104659-13-067306-index.htm",
    "finalLink": "https://www.sec.gov/Archives/edgar/data/1574540/000110465913067306/a13-19016_110q.htm"
  },
  {
    "date": "2013-03-31",
    "symbol": "DOC",
    "reportedCurrency": "USD",
    "cik": "0000765880",
    "fillingDate": "2013-03-31",
    "acceptedDate": "2013-03-30 20:00:00",
    "calendarYear": "2013",
    "period": "Q1",
    "revenue": 511186000,
    "costOfRevenue": 72686000,
    "grossProfit": 438500000,
    "grossProfitRatio": 0.8578090949,
    "researchAndDevelopmentExpenses": 0,
    "generalAndAdministrativeExpenses": 20656000,
    "sellingAndMarketingExpenses": 0,
    "sellingGeneralAndAdministrativeExpenses": 20656000,
    "otherExpenses": 103179000,
    "operatingExpenses": 123835000,
    "costAndExpenses": 196521000,
    "interestIncome": 12386000,
    "interestExpense": 109110000,
    "depreciationAndAmortization": 103179000,
    "ebitda": 429956000,
    "ebitdaratio": 0.8410950222,
    "operatingIncome": 314665000,
    "operatingIncomeRatio": 0.6155587203,
    "totalOtherIncomeExpensesNet": -82197000,
    "incomeBeforeTax": 232468000,
    "incomeBeforeTaxRatio": 0.4547620631,
    "incomeTaxExpense": 916000,
    "netIncome": 230585000,
    "netIncomeRatio": 0.4510784724,
    "eps": 0.51,
    "epsdiluted": 0.51,
    "weightedAverageShsOut": 453651000,
    "weightedAverageShsOutDil": 454613000,
    "link": "",
    "finalLink": ""
  },
  {
    "date": "2012-12-31",
    "symbol": "DOC",
    "reportedCurrency": "USD",
    "cik": "0000765880",
    "fillingDate": "2012-12-31",
    "acceptedDate": "2012-12-30 19:00:00",
    "calendarYear": "2012",
    "period": "Q4",
    "revenue": 507516000,
    "costOfRevenue": 73915000,
    "grossProfit": 433601000,
    "grossProfitRatio": 0.8543592714,
    "researchAndDevelopmentExpenses": 0,
    "generalAndAdministrativeExpenses": 25098000,
    "sellingAndMarketingExpenses": 0,
    "sellingGeneralAndAdministrativeExpenses": 25098000,
    "otherExpenses": 99206000,
    "operatingExpenses": 124304000,
    "costAndExpenses": 198219000,
    "interestIncome": 0,
    "interestExpense": 107255000,
    "depreciationAndAmortization": 99206000,
    "ebitda": 409046000,
    "ebitdaratio": 0.8059765603,
    "operatingIncome": 309297000,
    "operatingIncomeRatio": 0.6094330031,
    "totalOtherIncomeExpensesNet": -95060000,
    "incomeBeforeTax": 214237000,
    "incomeBeforeTaxRatio": 0.4221285634,
    "incomeTaxExpense": -505000,
    "netIncome": 241028000,
    "netIncomeRatio": 0.474917047,
    "eps": 0.54,
    "epsdiluted": 0.53,
    "weightedAverageShsOut": 447889000,
    "weightedAverageShsOutDil": 448903000,
    "link": "",
    "finalLink": ""
  },
  {
    "date": "2012-09-30",
    "symbol": "DOC",
    "reportedCurrency": "USD",
    "cik": "0000765880",
    "fillingDate": "2012-09-30",
    "acceptedDate": "2012-09-29 20:00:00",
    "calendarYear": "2012",
    "period": "Q3",
    "revenue": 468066000,
    "costOfRevenue": 72653000,
    "grossProfit": 395413000,
    "grossProfitRatio": 0.8447804369,
    "researchAndDevelopmentExpenses": 0,
    "generalAndAdministrativeExpenses": 19415000,
    "sellingAndMarketingExpenses": 0,
    "sellingGeneralAndAdministrativeExpenses": 19415000,
    "otherExpenses": 87170000,
    "operatingExpenses": 106585000,
    "costAndExpenses": 179238000,
    "interestIncome": 10278000,
    "interestExpense": 103355000,
    "depreciationAndAmortization": 87170000,
    "ebitda": 368890000,
    "ebitdaratio": 0.7881153513,
    "operatingIncome": 288828000,
    "operatingIncomeRatio": 0.6170668239,
    "totalOtherIncomeExpensesNet": -97067000,
    "incomeBeforeTax": 191761000,
    "incomeBeforeTaxRatio": 0.40968795,
    "incomeTaxExpense": -602000,
    "netIncome": 196108000,
    "netIncomeRatio": 0.4189751018,
    "eps": 0.46,
    "epsdiluted": 0.45,
    "weightedAverageShsOut": 429557000,
    "weightedAverageShsOutDil": 430778000,
    "link": "",
    "finalLink": ""
  },
  {
    "date": "2012-06-30",
    "symbol": "DOC",
    "reportedCurrency": "USD",
    "cik": "0000765880",
    "fillingDate": "2012-06-30",
    "acceptedDate": "2012-06-29 20:00:00",
    "calendarYear": "2012",
    "period": "Q2",
    "revenue": 460415000,
    "costOfRevenue": 70076000,
    "grossProfit": 390339000,
    "grossProfitRatio": 0.8477981821,
    "researchAndDevelopmentExpenses": 0,
    "generalAndAdministrativeExpenses": 14801000,
    "sellingAndMarketingExpenses": 0,
    "sellingGeneralAndAdministrativeExpenses": 14801000,
    "otherExpenses": 84873000,
    "operatingExpenses": 99674000,
    "costAndExpenses": 169750000,
    "interestIncome": 1216000,
    "interestExpense": 102354000,
    "depreciationAndAmortization": 84873000,
    "ebitda": 376566000,
    "ebitdaratio": 0.8178838656,
    "operatingIncome": 290665000,
    "operatingIncomeRatio": 0.6313108826,
    "totalOtherIncomeExpensesNet": -85594000,
    "incomeBeforeTax": 205071000,
    "incomeBeforeTaxRatio": 0.4454046892,
    "incomeTaxExpense": 171000,
    "netIncome": 202024000,
    "netIncomeRatio": 0.4387867467,
    "eps": 0.48,
    "epsdiluted": 0.48,
    "weightedAverageShsOut": 420468000,
    "weightedAverageShsOutDil": 421671000,
    "link": "",
    "finalLink": ""
  },
  {
    "date": "2012-03-31",
    "symbol": "DOC",
    "reportedCurrency": "USD",
    "cik": "0000765880",
    "fillingDate": "2012-03-31",
    "acceptedDate": "2012-03-30 20:00:00",
    "calendarYear": "2012",
    "period": "Q1",
    "revenue": 455827000,
    "costOfRevenue": 67333000,
    "grossProfit": 388494000,
    "grossProfitRatio": 0.8522838709,
    "researchAndDevelopmentExpenses": 0,
    "generalAndAdministrativeExpenses": 20089000,
    "sellingAndMarketingExpenses": 0,
    "sellingGeneralAndAdministrativeExpenses": 20089000,
    "otherExpenses": 85280000,
    "operatingExpenses": 105369000,
    "costAndExpenses": 172702000,
    "interestIncome": 819000,
    "interestExpense": 103752000,
    "depreciationAndAmortization": 85280000,
    "ebitda": 368841000,
    "ebitdaratio": 0.8091688294,
    "operatingIncome": 283125000,
    "operatingIncomeRatio": 0.6211238035,
    "totalOtherIncomeExpensesNet": -89641000,
    "incomeBeforeTax": 193484000,
    "incomeBeforeTaxRatio": 0.4244680548,
    "incomeTaxExpense": -709000,
    "netIncome": 193380000,
    "netIncomeRatio": 0.424239898,
    "eps": 0.43,
    "epsdiluted": 0.43,
    "weightedAverageShsOut": 410018000,
    "weightedAverageShsOutDil": 411661000,
    "link": "",
    "finalLink": ""
  }
]