[
  {
    "date": "2024-12-31",
    "symbol": "DOC",
    "reportedCurrency": "USD",
    "cik": "0000765880",
    "fillingDate": "2025-02-04",
    "acceptedDate": "2025-02-04 21:34:33",
    "calendarYear": "2024",
    "period": "FY",
    "revenue": 2700449000,
    "costOfRevenue": 1074861000,
    "grossProfit": 1625588000,
    "grossProfitRatio": 0.6019695243,
    "researchAndDevelopmentExpenses": 0,
    "generalAndAdministrativeExpenses": 97162000,
    "sellingAndMarketingExpenses": 0,
    "sellingGeneralAndAdministrativeExpenses": 97162000,
    "otherExpenses": 1057205000,
    "operatingExpenses": 1154367000,
    "costAndExpenses": 2229228000,
    "interestIncome": 0,
    "interestExpense": 280430000,
    "depreciationAndAmortization": 1057205000,
    "ebitda": 1610803000,
    "ebitdaratio": 0.5964945089,
    "operatingIncome": 471221000,
    "operatingIncomeRatio": 0.174497278,
    "totalOtherIncomeExpensesNet": -199568000,
    "incomeBeforeTax": 271653000,
    "incomeBeforeTaxRatio": 0.1005954936,
    "incomeTaxExpense": 4350000,
    "netIncome": 243142000,
    "netIncomeRatio": 0.0900376197,
    "eps": 0.36,
    "epsdiluted": 0.36,
    "weightedAverageShsOut": 675680000,
    "weightedAverageShsOutDil": 676233000,
    "link": "https://www.sec.gov/Archives/edgar/data/765880/000162828025003748/0001628280-25-003748-index.htm",
    "finalLink": "https://www.sec.gov/Archives/edgar/data/765880/000162828025003748/peak-20241231.htm"
  },
  {
    "date": "2023-12-31",
    "symbol": "DOC",
    "reportedCurrency": "USD",
    "cik": "0000765880",
    "fillingDate": "2024-02-09",
    "acceptedDate": "2024-02-09 21:17:40",
    "calendarYear": "2023",
    "period": "FY",
    "revenue": 2181003000,
    "costOfRevenue": 902060000,
    "grossProfit": 1278943000,
    "grossProfitRatio": 0.5864013025,
    "researchAndDevelopmentExpenses": 0,
    "generalAndAdministrativeExpenses": 95132000,
    "sellingAndMarketingExpenses": 0,
    "sellingGeneralAndAdministrativeExpenses": 95132000,
    "otherExpenses": 749901000,
    "operatingExpenses": 845033000,
    "costAndExpenses": 1747093000,
    "interestIncome": 0,
    "interestExpense": 200331000,
    "depreciationAndAmortization": 749901000,
    "ebitda": 1265168000,
    "ebitdaratio": 0.5800854011,
    "operatingIncome": 433910000,
    "operatingIncomeRatio": 0.1989497493,
    "totalOtherIncomeExpensesNet": -108770000,
    "incomeBeforeTax": 325140000,
    "incomeBeforeTaxRatio": 0.1490781993,
    "incomeTaxExpense": -9617000,
    "netIncome": 306009000,
    "netIncomeRatio": 0.140306547,
    "eps": 0.56,
    "epsdiluted": 0.56,
    "weightedAverageShsOut": 547006000,
    "weightedAverageShsOutDil": 547275000,
    "link": "https://www.sec.gov/Archives/edgar/data/765880/000162828024004094/0001628280-24-004094-index.htm",
    "finalLink": "https://www.sec.gov/Archives/edgar/data/765880/000162828024004094/peak-20231231.htm"
  },
  {
    "date": "2022-12-31",
    "symbol": "DOC",
    "reportedCurrency": "USD",
    "cik": "0000765880",
    "fillingDate": "2023-02-08",
    "acceptedDate": "2023-02-08 21:51:56",
    "calendarYear": "2022",
    "period": "FY",
    "revenue": 2061178000,
    "costOfRevenue": 862991000,
    "grossProfit": 1198187000,
    "grossProfitRatio": 0.5813117547,
    "researchAndDevelopmentExpenses": 0,
    "generalAndAdministrativeExpenses": 131033000,
    "sellingAndMarketingExpenses": 0,
    "sellingGeneralAndAdministrativeExpenses": 131033000,
    "otherExpenses": 710569000,
    "operatingExpenses": 841602000,
    "costAndExpenses": 1704593000,
    "interestIncome": 0,
    "interestExpense": 172944000,
    "depreciationAndAmortization": 710569000,
    "ebitda": 1390643000,
    "ebitdaratio": 0.6746836033,
    "operatingIncome": 356585000,
    "operatingIncomeRatio": 0.1730005851,
    "totalOtherIncomeExpensesNet": 152530000,
    "incomeBeforeTax": 509115000,
    "incomeBeforeTaxRatio": 0.2470019571,
    "incomeTaxExpense": -4425000,
    "netIncome": 500449000,
    "netIncomeRatio": 0.2427975653,
    "eps": 0.92,
    "epsdiluted": 0.92,
    "weightedAverageShsOut": 538809000,
    "weightedAverageShsOutDil": 539147000,
    "link": "https://www.sec.gov/Archives/edgar/data/765880/000162828023002794/0001628280-23-002794-index.htm",
    "finalLink": "https://www.sec.gov/Archives/edgar/data/765880/000162828023002794/peak-20221231.htm"
  },
  {
    "date": "2021-12-31",
    "symbol": "DOC",
    "reportedCurrency": "USD",
    "cik": "0000765880",
    "fillingDate": "2022-02-09",
    "acceptedDate": "2022-02-09 21:47:28",
    "calendarYear": "2021",
    "period": "FY",
    "revenue": 1896184000,
    "costOfRevenue": 773279000,
    "grossProfit": 1122905000,
    "grossProfitRatio": 0.5921920025,
    "researchAndDevelopmentExpenses": 0,
    "generalAndAdministrativeExpenses": 98303000,
    "sellingAndMarketingExpenses": 0,
    "sellingGeneralAndAdministrativeExpenses": 98303000,
    "otherExpenses": 684286000,
    "operatingExpenses": 782589000,
    "costAndExpenses": 1555868000,
    "interestIncome": 0,
    "interestExpense": 157980000,
    "depreciationAndAmortization": 684286000,
    "ebitda": 970633000,
    "ebitdaratio": 0.5118875594,
    "operatingIncome": 340316000,
    "operatingIncomeRatio": 0.1794741439,
    "totalOtherIncomeExpensesNet": -205849000,
    "incomeBeforeTax": 134467000,
    "incomeBeforeTaxRatio": 0.0709145315,
    "incomeTaxExpense": -3261000,
    "netIncome": 505540000,
    "netIncomeRatio": 0.2666091476,
    "eps": 0.93,
    "epsdiluted": 0.93,
    "weightedAverageShsOut": 538930000,
    "weightedAverageShsOutDil": 539241000,
    "link": "https://www.sec.gov/Archives/edgar/data/765880/000162828022002117/0001628280-22-002117-index.htm",
    "finalLink": "https://www.sec.gov/Archives/edgar/data/765880/000162828022002117/peak-20211231.htm"
  },
  {
    "date": "2020-12-31",
    "symbol": "DOC",
    "reportedCurrency": "USD",
    "cik": "0000765880",
    "fillingDate": "2021-02-10",
    "acceptedDate": "2021-02-10 21:23:37",
    "calendarYear": "2020",
    "period": "FY",
    "revenue": 1644875000,
    "costOfRevenue": 782541000,
    "grossProfit": 862334000,
    "grossProfitRatio": 0.5242550346,
    "researchAndDevelopmentExpenses": 0,
    "generalAndAdministrativeExpenses": 93237000,
    "sellingAndMarketingExpenses": 0,
    "sellingGeneralAndAdministrativeExpenses": 93237000,
    "otherExpenses": 553949000,
    "operatingExpenses": 647186000,
    "costAndExpenses": 1429727000,
    "interestIncome": 0,
    "interestExpense": 218336000,
    "depreciationAndAmortization": 697143000,
    "ebitda": 1133162000,
    "ebitdaratio": 0.688904628,
    "operatingIncome": 215148000,
    "operatingIncomeRatio": 0.1307989969,
    "totalOtherIncomeExpensesNet": -64064000,
    "incomeBeforeTax": 151084000,
    "incomeBeforeTaxRatio": 0.0918513565,
    "incomeTaxExpense": -9423000,
    "netIncome": 413563000,
    "netIncomeRatio": 0.2514251843,
    "eps": 0.77,
    "epsdiluted": 0.77,
    "weightedAverageShsOut": 530555000,
    "weightedAverageShsOutDil": 531056000,
    "link": "https://www.sec.gov/Archives/edgar/data/765880/000162828021001804/0001628280-21-001804-index.htm",
    "finalLink": "https://www.sec.gov/Archives/edgar/data/765880/000162828021001804/peak-20201231.htm"
  },
  {
    "date": "2019-12-31",
    "symbol": "DOC",
    "reportedCurrency": "USD",
    "cik": "0000765880",
    "fillingDate": "2020-02-13",
    "acceptedDate": "2020-02-13 00:02:04",
    "calendarYear": "2019",
    "period": "FY",
    "revenue": 1240339000,
    "costOfRevenue": 405244000,
    "grossProfit": 835095000,
    "grossProfitRatio": 0.6732796437,
    "researchAndDevelopmentExpenses": 0,
    "generalAndAdministrativeExpenses": 92966000,
    "sellingAndMarketingExpenses": 0,
    "sellingGeneralAndAdministrativeExpenses": 92966000,
    "otherExpenses": 435191000,
    "operatingExpenses": 528157000,
    "costAndExpenses": 933401000,
    "interestIncome": 9844000,
    "interestExpense": 217612000,
    "depreciationAndAmortization": 659989000,
    "ebitda": 1053921000,
    "ebitdaratio": 0.8497039922,
    "operatingIncome": 306938000,
    "operatingIncomeRatio": 0.247462992,
    "totalOtherIncomeExpensesNet": -136948000,
    "incomeBeforeTax": 169990000,
    "incomeBeforeTaxRatio": 0.1370512416,
    "incomeTaxExpense": -5479000,
    "netIncome": 45530000,
    "netIncomeRatio": 0.0367077065,
    "eps": 0.09,
    "epsdiluted": 0.09,
    "weightedAverageShsOut": 486255000,
    "weightedAverageShsOutDil": 489335000,
    "link": "https://www.sec.gov/Archives/edgar/data/765880/000162828020001456/0001628280-20-001456-index.htm",
    "finalLink": "https://www.sec.gov/Archives/edgar/data/765880/000162828020001456/healthpeak10-k12312019.htm"
  },
  {
    "date": "2018-12-31",
    "symbol": "DOC",
    "reportedCurrency": "USD",
    "cik": "0000765880",
    "fillingDate": "2019-02-28",
    "acceptedDate": "2019-02-28 17:10:19",
    "calendarYear": "2018",
    "period": "FY",
    "revenue": 1191320000,
    "costOfRevenue": 378657000,
    "grossProfit": 812663000,
    "grossProfitRatio": 0.6821534097,
    "researchAndDevelopmentExpenses": 0,
    "generalAndAdministrativeExpenses": 96702000,
    "sellingAndMarketingExpenses": 0,
    "sellingGeneralAndAdministrativeExpenses": 96702000,
    "otherExpenses": 404681000,
    "operatingExpenses": 501383000,
    "costAndExpenses": 880040000,
    "interestIncome": 10406000,
    "interestExpense": 261280000,
    "depreciationAndAmortization": 549499000,
    "ebitda": 1649356000,
    "ebitdaratio": 1.3844777222,
    "operatingIncome": 311280000,
    "operatingIncomeRatio": 0.2612899976,
    "totalOtherIncomeExpensesNet": 521542000,
    "incomeBeforeTax": 832822000,
    "incomeBeforeTaxRatio": 0.6990749757,
    "incomeTaxExpense": -4396000,
    "netIncome": 1061093000,
    "netIncomeRatio": 0.8906868012,
    "eps": 2.25,
    "epsdiluted": 2.24,
    "weightedAverageShsOut": 470551000,
    "weightedAverageShsOutDil": 475387000,
    "link": "https://www.sec.gov/Archives/edgar/data/1574540/000157454019000013/0001574540-19-000013-index.htm",
    "finalLink": "https://www.sec.gov/Archives/edgar/data/1574540/000157454019000013/fy201810-k12312018.htm"
  },
  {
    "date": "2017-12-31",
    "symbol": "DOC",
    "reportedCurrency": "USD",
    "cik": "0000765880",
    "fillingDate": "2018-03-01",
    "acceptedDate": "2018-03-01 16:25:49",
    "calendarYear": "2017",
    "period": "FY",
    "revenue": 1848378000,
    "costOfRevenue": 666251000,
    "grossProfit": 1182127000,
    "grossProfitRatio": 0.6395482959,
    "researchAndDevelopmentExpenses": 0,
    "generalAndAdministrativeExpenses": 88772000,
    "sellingAndMarketingExpenses": 0,
    "sellingGeneralAndAdministrativeExpenses": 88772000,
    "otherExpenses": 534726000,
    "operatingExpenses": 623498000,
    "costAndExpenses": 1289749000,
    "interestIncome": 56237000,
    "interestExpense": 307716000,
    "depreciationAndAmortization": 534726000,
    "ebitda": 1252842000,
    "ebitdaratio": 0.677806163,
    "operatingIncome": 558629000,
    "operatingIncomeRatio": 0.3022266008,
    "totalOtherIncomeExpensesNet": -137328000,
    "incomeBeforeTax": 421301000,
    "incomeBeforeTaxRatio": 0.2279301095,
    "incomeTaxExpense": -1333000,
    "netIncome": 414169000,
    "netIncomeRatio": 0.2240715914,
    "eps": 0.88,
    "epsdiluted": 0.88,
    "weightedAverageShsOut": 468759000,
    "weightedAverageShsOutDil": 468935000,
    "link": "https://www.sec.gov/Archives/edgar/data/1574540/000157454018000016/0001574540-18-000016-index.htm",
    "finalLink": "https://www.sec.gov/Archives/edgar/data/1574540/000157454018000016/fy201710-k12312017.htm"
  },
  {
    "date": "2016-12-31",
    "symbol": "DOC",
    "reportedCurrency": "USD",
    "cik": "0000765880",
    "fillingDate": "2017-02-24",
    "acceptedDate": "2017-02-24 09:51:07",
    "calendarYear": "2016",
    "period": "FY",
    "revenue": 2129294000,
    "costOfRevenue": 738399000,
    "grossProfit": 1390895000,
    "grossProfitRatio": 0.6532188603,
    "researchAndDevelopmentExpenses": 0,
    "generalAndAdministrativeExpenses": 103611000,
    "sellingAndMarketingExpenses": 0,
    "sellingGeneralAndAdministrativeExpenses": 103611000,
    "otherExpenses": 568108000,
    "operatingExpenses": 671719000,
    "costAndExpenses": 1410118000,
    "interestIncome": 88808000,
    "interestExpense": 464403000,
    "depreciationAndAmortization": 568108000,
    "ebitda": 1399795000,
    "ebitdaratio": 0.6573986495,
    "operatingIncome": 719176000,
    "operatingIncomeRatio": 0.3377532647,
    "totalOtherIncomeExpensesNet": -340532000,
    "incomeBeforeTax": 378644000,
    "incomeBeforeTaxRatio": 0.1778260776,
    "incomeTaxExpense": 4473000,
    "netIncome": 627747000,
    "netIncomeRatio": 0.2948146193,
    "eps": 1.34,
    "epsdiluted": 1.34,
    "weightedAverageShsOut": 467195000,
    "weightedAverageShsOutDil": 467403000,
    "link": "https://www.sec.gov/Archives/edgar/data/1574540/000157454017000007/0001574540-17-000007-index.htm",
    "finalLink": "https://www.sec.gov/Archives/edgar/data/1574540/000157454017000007/fy201610-k12312016.htm"
  },
  {
    "date": "2015-12-31",
    "symbol": "DOC",
    "reportedCurrency": "USD",
    "cik": "0000765880",
    "fillingDate": "2016-02-29",
    "acceptedDate": "2016-02-29 16:05:06",
    "calendarYear": "2015",
    "period": "FY",
    "revenue": 1940489000,
    "costOfRevenue": 610679000,
    "grossProfit": 1329810000,
    "grossProfitRatio": 0.6852963351,
    "researchAndDevelopmentExpenses": 0,
    "generalAndAdministrativeExpenses": 95965000,
    "sellingAndMarketingExpenses": 0,
    "sellingGeneralAndAdministrativeExpenses": 95965000,
    "otherExpenses": 504905000,
    "operatingExpenses": 600870000,
    "costAndExpenses": 1211549000,
    "interestIncome": 112184000,
    "interestExpense": 479596000,
    "depreciationAndAmortization": 504905000,
    "ebitda": 1120772000,
    "ebitdaratio": 0.5775719419,
    "operatingIncome": 728940000,
    "operatingIncomeRatio": 0.3756475816,
    "totalOtherIncomeExpensesNet": -586079000,
    "incomeBeforeTax": 142861000,
    "incomeBeforeTaxRatio": 0.0736211336,
    "incomeTaxExpense": -9807000,
    "netIncome": -559235000,
    "netIncomeRatio": -0.2881928215,
    "eps": -1.21,
    "epsdiluted": -1.21,
    "weightedAverageShsOut": 462795000,
    "weightedAverageShsOutDil": 462795000,
    "link": "https://www.sec.gov/Archives/edgar/data/1574540/000157454016000065/0001574540-16-000065-index.htm",
    "finalLink": "https://www.sec.gov/Archives/edgar/data/1574540/000157454016000065/fy1510-k12312015.htm"
  },
  {
    "date": "2014-12-31",
    "symbol": "DOC",
    "reportedCurrency": "USD",
    "cik": "0000765880",
    "fillingDate": "2015-03-12",
    "acceptedDate": "2015-03-12 17:08:49",
    "calendarYear": "2014",
    "period": "FY",
    "revenue": 1636833000,
    "costOfRevenue": 381294000,
    "grossProfit": 1255539000,
    "grossProfitRatio": 0.7670538167,
    "researchAndDevelopmentExpenses": 0,
    "generalAndAdministrativeExpenses": 81765000,
    "sellingAndMarketingExpenses": 0,
    "sellingGeneralAndAdministrativeExpenses": 81765000,
    "otherExpenses": 455016000,
    "operatingExpenses": 536781000,
    "costAndExpenses": 918075000,
    "interestIncome": 73623000,
    "interestExpense": 439742000,
    "depreciationAndAmortization": 455016000,
    "ebitda": 1169172000,
    "ebitdaratio": 0.7142891181,
    "operatingIncome": 718758000,
    "operatingIncomeRatio": 0.4391150472,
    "totalOtherIncomeExpensesNet": -447949000,
    "incomeBeforeTax": 270809000,
    "incomeBeforeTaxRatio": 0.1654469332,
    "incomeTaxExpense": -506000,
    "netIncome": 922233000,
    "netIncomeRatio": 0.5634252242,
    "eps": 2.01,
    "epsdiluted": 2,
    "weightedAverageShsOut": 458425000,
    "weightedAverageShsOutDil": 458796000,
    "link": "https://www.sec.gov/Archives/edgar/data/1574540/000110465915019223/0001104659-15-019223-index.htm",
    "finalLink": "https://www.sec.gov/Archives/edgar/data/1574540/000110465915019223/a15-1782_110k.htm"
  },
  {
    "date": "2013-12-31",
    "symbol": "DOC",
    "reportedCurrency": "USD",
    "cik": "0000765880",
    "fillingDate": "2014-03-21",
    "acceptedDate": "2014-03-21 16:07:09",
    "calendarYear": "2013",
    "period": "FY",
    "revenue": 2099878000,
    "costOfRevenue": 298282000,
    "grossProfit": 1801596000,
    "grossProfitRatio": 0.8579527001,
    "researchAndDevelopmentExpenses": 0,
    "generalAndAdministrativeExpenses": 103042000,
    "sellingAndMarketingExpenses": 0,
    "sellingGeneralAndAdministrativeExpenses": 103042000,
    "otherExpenses": 423312000,
    "operatingExpenses": 526354000,
    "costAndExpenses": 824636000,
    "interestIncome": 86159000,
    "interestExpense": 435252000,
    "depreciationAndAmortization": 423312000,
    "ebitda": 1710579000,
    "ebitdaratio": 0.8146087535,
    "operatingIncome": 1275242000,
    "operatingIncomeRatio": 0.6072933761,
    "totalOtherIncomeExpensesNet": -358794000,
    "incomeBeforeTax": 916448000,
    "incomeBeforeTaxRatio": 0.436429164,
    "incomeTaxExpense": 5815000,
    "netIncome": 970837000,
    "netIncomeRatio": 0.4623301925,
    "eps": 2.13,
    "epsdiluted": 2.13,
    "weightedAverageShsOut": 455002000,
    "weightedAverageShsOutDil": 455702000,
    "link": "https://www.sec.gov/Archives/edgar/data/1574540/000110465914021828/0001104659-14-021828-index.htm",
    "finalLink": "https://www.sec.gov/Archives/edgar/data/1574540/000110465914021828/a14-7067_110k.htm"
  },
  {
    "date": "2012-12-31",
    "symbol": "DOC",
    "reportedCurrency": "USD",
    "cik": "0000765880",
    "fillingDate": "2012-12-31",
    "acceptedDate": "2012-12-30 19:00:00",
    "calendarYear": "2012",
    "period": "FY",
    "revenue": 1879970000,
    "costOfRevenue": 280716000,
    "grossProfit": 1599254000,
    "grossProfitRatio": 0.850680596,
    "researchAndDevelopmentExpenses": 0,
    "generalAndAdministrativeExpenses": 68414000,
    "sellingAndMarketingExpenses": 0,
    "sellingGeneralAndAdministrativeExpenses": 68414000,
    "otherExpenses": 353704000,
    "operatingExpenses": 422118000,
    "costAndExpenses": 702834000,
    "interestIncome": 24536000,
    "interestExpense": 416172000,
    "depreciationAndAmortization": 353704000,
    "ebitda": 1514957000,
    "ebitdaratio": 0.8058410507,
    "operatingIncome": 1177136000,
    "operatingIncomeRatio": 0.6261461619,
    "totalOtherIncomeExpensesNet": -377600000,
    "incomeBeforeTax": 799536000,
    "incomeBeforeTaxRatio": 0.425291893,
    "incomeTaxExpense": -1654000,
    "netIncome": 832540000,
    "netIncomeRatio": 0.4428474922,
    "eps": 1.9,
    "epsdiluted": 1.9,
    "weightedAverageShsOut": 427047000,
    "weightedAverageShsOutDil": 428316000,
    "link": "",
    "finalLink": ""
  },
  {
    "date": "2011-12-31",
    "symbol": "DOC",
    "reportedCurrency": "USD",
    "cik": "0000765880",
    "fillingDate": "2011-12-31",
    "acceptedDate": "2011-12-30 19:00:00",
    "calendarYear": "2011",
    "period": "FY",
    "revenue": 1694418000,
    "costOfRevenue": 218701000,
    "grossProfit": 1475717000,
    "grossProfitRatio": 0.870928543,
    "researchAndDevelopmentExpenses": 0,
    "generalAndAdministrativeExpenses": 96059000,
    "sellingAndMarketingExpenses": 0,
    "sellingGeneralAndAdministrativeExpenses": 96059000,
    "otherExpenses": 346055000,
    "operatingExpenses": 442114000,
    "costAndExpenses": 660815000,
    "interestIncome": 99864000,
    "interestExpense": 415455000,
    "depreciationAndAmortization": 346055000,
    "ebitda": 1252191000,
    "ebitdaratio": 0.7390095006,
    "operatingIncome": 1033603000,
    "operatingIncomeRatio": 0.6100047332,
    "totalOtherIncomeExpensesNet": -496172000,
    "incomeBeforeTax": 537431000,
    "incomeBeforeTaxRatio": 0.3171773435,
    "incomeTaxExpense": 1301000,
    "netIncome": 538891000,
    "netIncomeRatio": 0.3180389963,
    "eps": 1.29,
    "epsdiluted": 1.29,
    "weightedAverageShsOut": 398446000,
    "weightedAverageShsOutDil": 400218000,
    "link": "",
    "finalLink": ""
  }
]