[
  {
    "date": "2024-12-31",
    "symbol": "DOV",
    "reportedCurrency": "USD",
    "cik": "0000029905",
    "fillingDate": "2025-02-14",
    "acceptedDate": "2025-02-14 16:24:26",
    "calendarYear": "2024",
    "period": "FY",
    "revenue": 7745909000,
    "costOfRevenue": 4787288000,
    "grossProfit": 2958621000,
    "grossProfitRatio": 0.3819591735,
    "researchAndDevelopmentExpenses": 0,
    "generalAndAdministrativeExpenses": 0,
    "sellingAndMarketingExpenses": 0,
    "sellingGeneralAndAdministrativeExpenses": 1752266000,
    "otherExpenses": 0,
    "operatingExpenses": 1752266000,
    "costAndExpenses": 6539554000,
    "interestIncome": 37158000,
    "interestExpense": 131171000,
    "depreciationAndAmortization": 337842000,
    "ebitda": 2226029000,
    "ebitdaratio": 0.2873812486,
    "operatingIncome": 1206355000,
    "operatingIncomeRatio": 0.1557409208,
    "totalOtherIncomeExpensesNet": 550661000,
    "incomeBeforeTax": 1757016000,
    "incomeBeforeTaxRatio": 0.2268314797,
    "incomeTaxExpense": 357048000,
    "netIncome": 2697126000,
    "netIncomeRatio": 0.3482000628,
    "eps": 19.58,
    "epsdiluted": 19.45,
    "weightedAverageShsOut": 137735000,
    "weightedAverageShsOutDil": 138696000,
    "link": "https://www.sec.gov/Archives/edgar/data/29905/000002990525000006/0000029905-25-000006-index.htm",
    "finalLink": "https://www.sec.gov/Archives/edgar/data/29905/000002990525000006/dov-20241231.htm"
  },
  {
    "date": "2023-12-31",
    "symbol": "DOV",
    "reportedCurrency": "USD",
    "cik": "0000029905",
    "fillingDate": "2024-02-09",
    "acceptedDate": "2024-02-09 16:31:46",
    "calendarYear": "2023",
    "period": "FY",
    "revenue": 7684476000,
    "costOfRevenue": 4816932000,
    "grossProfit": 2867544000,
    "grossProfitRatio": 0.3731606423,
    "researchAndDevelopmentExpenses": 0,
    "generalAndAdministrativeExpenses": 0,
    "sellingAndMarketingExpenses": 0,
    "sellingGeneralAndAdministrativeExpenses": 1648204000,
    "otherExpenses": 0,
    "operatingExpenses": 1648204000,
    "costAndExpenses": 6465136000,
    "interestIncome": 13496000,
    "interestExpense": 131305000,
    "depreciationAndAmortization": 305046000,
    "ebitda": 1559350000,
    "ebitdaratio": 0.202922099,
    "operatingIncome": 1219340000,
    "operatingIncomeRatio": 0.158675751,
    "totalOtherIncomeExpensesNet": -96340000,
    "incomeBeforeTax": 1123000000,
    "incomeBeforeTaxRatio": 0.1461387868,
    "incomeTaxExpense": 179136000,
    "netIncome": 1056828000,
    "netIncomeRatio": 0.1375276597,
    "eps": 7.56,
    "epsdiluted": 7.52,
    "weightedAverageShsOut": 139848000,
    "weightedAverageShsOutDil": 140599000,
    "link": "https://www.sec.gov/Archives/edgar/data/29905/000002990524000008/0000029905-24-000008-index.htm",
    "finalLink": "https://www.sec.gov/Archives/edgar/data/29905/000002990524000008/dov-20231231.htm"
  },
  {
    "date": "2022-12-31",
    "symbol": "DOV",
    "reportedCurrency": "USD",
    "cik": "0000029905",
    "fillingDate": "2023-02-10",
    "acceptedDate": "2023-02-10 16:27:47",
    "calendarYear": "2022",
    "period": "FY",
    "revenue": 7844174000,
    "costOfRevenue": 4939221000,
    "grossProfit": 2904953000,
    "grossProfitRatio": 0.3703325551,
    "researchAndDevelopmentExpenses": 0,
    "generalAndAdministrativeExpenses": 0,
    "sellingAndMarketingExpenses": 0,
    "sellingGeneralAndAdministrativeExpenses": 1625312000,
    "otherExpenses": 0,
    "operatingExpenses": 1625312000,
    "costAndExpenses": 6564533000,
    "interestIncome": 4429000,
    "interestExpense": 116456000,
    "depreciationAndAmortization": 295660000,
    "ebitda": 1602319000,
    "ebitdaratio": 0.2042686712,
    "operatingIncome": 1279641000,
    "operatingIncomeRatio": 0.1631326638,
    "totalOtherIncomeExpensesNet": -89438000,
    "incomeBeforeTax": 1190203000,
    "incomeBeforeTaxRatio": 0.151730826,
    "incomeTaxExpense": 200291000,
    "netIncome": 1065376000,
    "netIncomeRatio": 0.135817487,
    "eps": 7.47,
    "epsdiluted": 7.42,
    "weightedAverageShsOut": 142681000,
    "weightedAverageShsOutDil": 143595000,
    "link": "https://www.sec.gov/Archives/edgar/data/29905/000002990523000008/0000029905-23-000008-index.htm",
    "finalLink": "https://www.sec.gov/Archives/edgar/data/29905/000002990523000008/dov-20221231.htm"
  },
  {
    "date": "2021-12-31",
    "symbol": "DOV",
    "reportedCurrency": "USD",
    "cik": "0000029905",
    "fillingDate": "2022-02-11",
    "acceptedDate": "2022-02-11 16:36:48",
    "calendarYear": "2021",
    "period": "FY",
    "revenue": 7907081000,
    "costOfRevenue": 4937295000,
    "grossProfit": 2969786000,
    "grossProfitRatio": 0.3755856301,
    "researchAndDevelopmentExpenses": 0,
    "generalAndAdministrativeExpenses": 0,
    "sellingAndMarketingExpenses": 0,
    "sellingGeneralAndAdministrativeExpenses": 1688278000,
    "otherExpenses": 0,
    "operatingExpenses": 1688278000,
    "costAndExpenses": 6625573000,
    "interestIncome": 4441000,
    "interestExpense": 106319000,
    "depreciationAndAmortization": 290123000,
    "ebitda": 1797268000,
    "ebitdaratio": 0.2272985442,
    "operatingIncome": 1281508000,
    "operatingIncomeRatio": 0.1620709336,
    "totalOtherIncomeExpensesNet": 119318000,
    "incomeBeforeTax": 1400826000,
    "incomeBeforeTaxRatio": 0.1771609523,
    "incomeTaxExpense": 277008000,
    "netIncome": 1123818000,
    "netIncomeRatio": 0.1421280495,
    "eps": 7.81,
    "epsdiluted": 7.74,
    "weightedAverageShsOut": 143923000,
    "weightedAverageShsOutDil": 145273000,
    "link": "https://www.sec.gov/Archives/edgar/data/29905/000002990522000009/0000029905-22-000009-index.htm",
    "finalLink": "https://www.sec.gov/Archives/edgar/data/29905/000002990522000009/dov-20211231.htm"
  },
  {
    "date": "2020-12-31",
    "symbol": "DOV",
    "reportedCurrency": "USD",
    "cik": "0000029905",
    "fillingDate": "2021-02-12",
    "acceptedDate": "2021-02-12 16:34:31",
    "calendarYear": "2020",
    "period": "FY",
    "revenue": 6683760000,
    "costOfRevenue": 4209741000,
    "grossProfit": 2474019000,
    "grossProfitRatio": 0.3701537757,
    "researchAndDevelopmentExpenses": 0,
    "generalAndAdministrativeExpenses": 0,
    "sellingAndMarketingExpenses": 0,
    "sellingGeneralAndAdministrativeExpenses": 1541032000,
    "otherExpenses": 0,
    "operatingExpenses": 1541032000,
    "costAndExpenses": 5750773000,
    "interestIncome": 3571000,
    "interestExpense": 111937000,
    "depreciationAndAmortization": 279051000,
    "ebitda": 1232722000,
    "ebitdaratio": 0.1844354076,
    "operatingIncome": 932987000,
    "operatingIncomeRatio": 0.1395901409,
    "totalOtherIncomeExpensesNet": -91253000,
    "incomeBeforeTax": 841734000,
    "incomeBeforeTaxRatio": 0.125937197,
    "incomeTaxExpense": 158283000,
    "netIncome": 683451000,
    "netIncomeRatio": 0.102255467,
    "eps": 4.74,
    "epsdiluted": 4.7,
    "weightedAverageShsOut": 144050000,
    "weightedAverageShsOutDil": 145393000,
    "link": "https://www.sec.gov/Archives/edgar/data/29905/000002990521000010/0000029905-21-000010-index.htm",
    "finalLink": "https://www.sec.gov/Archives/edgar/data/29905/000002990521000010/dov-20201231.htm"
  },
  {
    "date": "2019-12-31",
    "symbol": "DOV",
    "reportedCurrency": "USD",
    "cik": "0000029905",
    "fillingDate": "2020-02-14",
    "acceptedDate": "2020-02-14 16:35:38",
    "calendarYear": "2019",
    "period": "FY",
    "revenue": 7136397000,
    "costOfRevenue": 4515459000,
    "grossProfit": 2620938000,
    "grossProfitRatio": 0.3672634804,
    "researchAndDevelopmentExpenses": 0,
    "generalAndAdministrativeExpenses": 0,
    "sellingAndMarketingExpenses": 0,
    "sellingGeneralAndAdministrativeExpenses": 1599098000,
    "otherExpenses": 46946000,
    "operatingExpenses": 1646044000,
    "costAndExpenses": 6161503000,
    "interestIncome": 4526000,
    "interestExpense": 125818000,
    "depreciationAndAmortization": 272287000,
    "ebitda": 1241114000,
    "ebitdaratio": 0.1739132506,
    "operatingIncome": 974894000,
    "operatingIncomeRatio": 0.1366087117,
    "totalOtherIncomeExpensesNet": -131885000,
    "incomeBeforeTax": 843009000,
    "incomeBeforeTaxRatio": 0.1181280974,
    "incomeTaxExpense": 165091000,
    "netIncome": 677918000,
    "netIncomeRatio": 0.0949944349,
    "eps": 4.67,
    "epsdiluted": 4.61,
    "weightedAverageShsOut": 145198000,
    "weightedAverageShsOutDil": 146992000,
    "link": "https://www.sec.gov/Archives/edgar/data/29905/000002990520000011/0000029905-20-000011-index.htm",
    "finalLink": "https://www.sec.gov/Archives/edgar/data/29905/000002990520000011/dov-20191231.htm"
  },
  {
    "date": "2018-12-31",
    "symbol": "DOV",
    "reportedCurrency": "USD",
    "cik": "0000029905",
    "fillingDate": "2019-02-15",
    "acceptedDate": "2019-02-15 17:22:29",
    "calendarYear": "2018",
    "period": "FY",
    "revenue": 6992118000,
    "costOfRevenue": 4432562000,
    "grossProfit": 2559556000,
    "grossProfitRatio": 0.3660630441,
    "researchAndDevelopmentExpenses": 0,
    "generalAndAdministrativeExpenses": 0,
    "sellingAndMarketingExpenses": 0,
    "sellingGeneralAndAdministrativeExpenses": 1716444000,
    "otherExpenses": 0,
    "operatingExpenses": 1716444000,
    "costAndExpenses": 6149006000,
    "interestIncome": 8881000,
    "interestExpense": 130972000,
    "depreciationAndAmortization": 282580000,
    "ebitda": 1138930000,
    "ebitdaratio": 0.1628876973,
    "operatingIncome": 843112000,
    "operatingIncomeRatio": 0.1205803449,
    "totalOtherIncomeExpensesNet": -117734000,
    "incomeBeforeTax": 725378000,
    "incomeBeforeTaxRatio": 0.1037422423,
    "incomeTaxExpense": 134233000,
    "netIncome": 570267000,
    "netIncomeRatio": 0.0815585492,
    "eps": 3.8,
    "epsdiluted": 3.75,
    "weightedAverageShsOut": 149874000,
    "weightedAverageShsOutDil": 152133000,
    "link": "https://www.sec.gov/Archives/edgar/data/29905/000002990519000019/0000029905-19-000019-index.htm",
    "finalLink": "https://www.sec.gov/Archives/edgar/data/29905/000002990519000019/wfx-20181231.htm"
  },
  {
    "date": "2017-12-31",
    "symbol": "DOV",
    "reportedCurrency": "USD",
    "cik": "0000029905",
    "fillingDate": "2018-02-09",
    "acceptedDate": "2018-02-09 16:38:48",
    "calendarYear": "2017",
    "period": "FY",
    "revenue": 6820886000,
    "costOfRevenue": 4291839000,
    "grossProfit": 2529047000,
    "grossProfitRatio": 0.3707798371,
    "researchAndDevelopmentExpenses": 0,
    "generalAndAdministrativeExpenses": 0,
    "sellingAndMarketingExpenses": 0,
    "sellingGeneralAndAdministrativeExpenses": 1722161000,
    "otherExpenses": 0,
    "operatingExpenses": 1722161000,
    "costAndExpenses": 6014000000,
    "interestIncome": 8491000,
    "interestExpense": 144948000,
    "depreciationAndAmortization": 283278000,
    "ebitda": 1304041000,
    "ebitdaratio": 0.1911835207,
    "operatingIncome": 806886000,
    "operatingIncomeRatio": 0.1182963621,
    "totalOtherIncomeExpensesNet": 68929000,
    "incomeBeforeTax": 875815000,
    "incomeBeforeTaxRatio": 0.1284019407,
    "incomeTaxExpense": 129152000,
    "netIncome": 811665000,
    "netIncomeRatio": 0.1189970042,
    "eps": 5.21,
    "epsdiluted": 5.15,
    "weightedAverageShsOut": 155685000,
    "weightedAverageShsOutDil": 157744000,
    "link": "https://www.sec.gov/Archives/edgar/data/29905/000002990518000013/0000029905-18-000013-index.htm",
    "finalLink": "https://www.sec.gov/Archives/edgar/data/29905/000002990518000013/a2017123110-k.htm"
  },
  {
    "date": "2016-12-31",
    "symbol": "DOV",
    "reportedCurrency": "USD",
    "cik": "0000029905",
    "fillingDate": "2017-02-10",
    "acceptedDate": "2017-02-10 17:21:03",
    "calendarYear": "2016",
    "period": "FY",
    "revenue": 6043224000,
    "costOfRevenue": 3815672000,
    "grossProfit": 2227552000,
    "grossProfitRatio": 0.3686032489,
    "researchAndDevelopmentExpenses": 0,
    "generalAndAdministrativeExpenses": 0,
    "sellingAndMarketingExpenses": 0,
    "sellingGeneralAndAdministrativeExpenses": 1518580000,
    "otherExpenses": 0,
    "operatingExpenses": 1518580000,
    "costAndExpenses": 5334252000,
    "interestIncome": 6752000,
    "interestExpense": 136401000,
    "depreciationAndAmortization": 249672000,
    "ebitda": 1070285000,
    "ebitdaratio": 0.1771049691,
    "operatingIncome": 708972000,
    "operatingIncomeRatio": 0.1173168494,
    "totalOtherIncomeExpensesNet": -24328000,
    "incomeBeforeTax": 684644000,
    "incomeBeforeTaxRatio": 0.1132911836,
    "incomeTaxExpense": 182516000,
    "netIncome": 508892000,
    "netIncomeRatio": 0.0842086939,
    "eps": 3.28,
    "epsdiluted": 3.25,
    "weightedAverageShsOut": 155231000,
    "weightedAverageShsOutDil": 156636000,
    "link": "https://www.sec.gov/Archives/edgar/data/29905/000002990517000011/0000029905-17-000011-index.htm",
    "finalLink": "https://www.sec.gov/Archives/edgar/data/29905/000002990517000011/a2016123110-k.htm"
  },
  {
    "date": "2015-12-31",
    "symbol": "DOV",
    "reportedCurrency": "USD",
    "cik": "0000029905",
    "fillingDate": "2016-02-12",
    "acceptedDate": "2016-02-12 06:47:30",
    "calendarYear": "2015",
    "period": "FY",
    "revenue": 6956311000,
    "costOfRevenue": 4388167000,
    "grossProfit": 2568144000,
    "grossProfitRatio": 0.3691818839,
    "researchAndDevelopmentExpenses": 0,
    "generalAndAdministrativeExpenses": 0,
    "sellingAndMarketingExpenses": 0,
    "sellingGeneralAndAdministrativeExpenses": 1647382000,
    "otherExpenses": 0,
    "operatingExpenses": 1647382000,
    "costAndExpenses": 6035549000,
    "interestIncome": 4419000,
    "interestExpense": 131676000,
    "depreciationAndAmortization": 327089000,
    "ebitda": 1259375000,
    "ebitdaratio": 0.1810406406,
    "operatingIncome": 920762000,
    "operatingIncomeRatio": 0.1323635473,
    "totalOtherIncomeExpensesNet": -120152000,
    "incomeBeforeTax": 800610000,
    "incomeBeforeTaxRatio": 0.115091174,
    "incomeTaxExpense": 204729000,
    "netIncome": 869829000,
    "netIncomeRatio": 0.1250417067,
    "eps": 5.52,
    "epsdiluted": 5.46,
    "weightedAverageShsOut": 157619000,
    "weightedAverageShsOutDil": 159172000,
    "link": "https://www.sec.gov/Archives/edgar/data/29905/000002990516000064/0000029905-16-000064-index.htm",
    "finalLink": "https://www.sec.gov/Archives/edgar/data/29905/000002990516000064/a2015123110-k.htm"
  },
  {
    "date": "2014-12-31",
    "symbol": "DOV",
    "reportedCurrency": "USD",
    "cik": "0000029905",
    "fillingDate": "2015-02-13",
    "acceptedDate": "2015-02-13 08:05:52",
    "calendarYear": "2014",
    "period": "FY",
    "revenue": 7752728000,
    "costOfRevenue": 4778479000,
    "grossProfit": 2974249000,
    "grossProfitRatio": 0.3836390236,
    "researchAndDevelopmentExpenses": 0,
    "generalAndAdministrativeExpenses": 0,
    "sellingAndMarketingExpenses": 0,
    "sellingGeneralAndAdministrativeExpenses": 1758765000,
    "otherExpenses": 0,
    "operatingExpenses": 1758765000,
    "costAndExpenses": 6537244000,
    "interestIncome": 4510000,
    "interestExpense": 131689000,
    "depreciationAndAmortization": 307188000,
    "ebitda": 1533084000,
    "ebitdaratio": 0.1977476831,
    "operatingIncome": 1215484000,
    "operatingIncomeRatio": 0.1567814581,
    "totalOtherIncomeExpensesNet": -121277000,
    "incomeBeforeTax": 1094207000,
    "incomeBeforeTaxRatio": 0.1411383193,
    "incomeTaxExpense": 316067000,
    "netIncome": 775235000,
    "netIncomeRatio": 0.0999951243,
    "eps": 4.65,
    "epsdiluted": 4.59,
    "weightedAverageShsOut": 166692000,
    "weightedAverageShsOutDil": 168842000,
    "link": "https://www.sec.gov/Archives/edgar/data/29905/000002990515000007/0000029905-15-000007-index.htm",
    "finalLink": "https://www.sec.gov/Archives/edgar/data/29905/000002990515000007/a2014123110-k.htm"
  },
  {
    "date": "2013-12-31",
    "symbol": "DOV",
    "reportedCurrency": "USD",
    "cik": "0000029905",
    "fillingDate": "2014-02-14",
    "acceptedDate": "2014-02-14 08:25:34",
    "calendarYear": "2013",
    "period": "FY",
    "revenue": 7155096000,
    "costOfRevenue": 4376505000,
    "grossProfit": 2778591000,
    "grossProfitRatio": 0.3883373473,
    "researchAndDevelopmentExpenses": 0,
    "generalAndAdministrativeExpenses": 0,
    "sellingAndMarketingExpenses": 0,
    "sellingGeneralAndAdministrativeExpenses": 1616921000,
    "otherExpenses": 0,
    "operatingExpenses": 1616921000,
    "costAndExpenses": 5993426000,
    "interestIncome": 3881000,
    "interestExpense": 124647000,
    "depreciationAndAmortization": 278033000,
    "ebitda": 1448554000,
    "ebitdaratio": 0.2024506729,
    "operatingIncome": 1161670000,
    "operatingIncomeRatio": 0.1623556134,
    "totalOtherIncomeExpensesNet": -115684000,
    "incomeBeforeTax": 1045986000,
    "incomeBeforeTaxRatio": 0.1461875564,
    "incomeTaxExpense": 248459000,
    "netIncome": 1003129000,
    "netIncomeRatio": 0.1401978394,
    "eps": 5.86,
    "epsdiluted": 5.78,
    "weightedAverageShsOut": 171271000,
    "weightedAverageShsOutDil": 173547000,
    "link": "https://www.sec.gov/Archives/edgar/data/29905/000002990514000012/0000029905-14-000012-index.htm",
    "finalLink": "https://www.sec.gov/Archives/edgar/data/29905/000002990514000012/a2013123110-k.htm"
  },
  {
    "date": "2012-12-31",
    "symbol": "DOV",
    "reportedCurrency": "USD",
    "cik": "0000029905",
    "fillingDate": "2013-02-15",
    "acceptedDate": "2013-02-15 08:34:43",
    "calendarYear": "2012",
    "period": "FY",
    "revenue": 6626648000,
    "costOfRevenue": 4046659000,
    "grossProfit": 2579989000,
    "grossProfitRatio": 0.3893354529,
    "researchAndDevelopmentExpenses": 0,
    "generalAndAdministrativeExpenses": 0,
    "sellingAndMarketingExpenses": 0,
    "sellingGeneralAndAdministrativeExpenses": 1520961000,
    "otherExpenses": 0,
    "operatingExpenses": 1520961000,
    "costAndExpenses": 5567620000,
    "interestIncome": 4723000,
    "interestExpense": 125995000,
    "depreciationAndAmortization": 229934000,
    "ebitda": 1286991000,
    "ebitdaratio": 0.1942144807,
    "operatingIncome": 1059028000,
    "operatingIncomeRatio": 0.1598135286,
    "totalOtherIncomeExpensesNet": -127963000,
    "incomeBeforeTax": 931065000,
    "incomeBeforeTaxRatio": 0.1405031624,
    "incomeTaxExpense": 280990000,
    "netIncome": 811070000,
    "netIncomeRatio": 0.122395214,
    "eps": 4.47,
    "epsdiluted": 4.41,
    "weightedAverageShsOut": 181551000,
    "weightedAverageShsOutDil": 183993000,
    "link": "https://www.sec.gov/Archives/edgar/data/29905/000002990513000014/0000029905-13-000014-index.htm",
    "finalLink": "https://www.sec.gov/Archives/edgar/data/29905/000002990513000014/a2012123110-k.htm"
  },
  {
    "date": "2011-12-31",
    "symbol": "DOV",
    "reportedCurrency": "USD",
    "cik": "0000029905",
    "fillingDate": "2012-02-10",
    "acceptedDate": "2012-02-10 08:01:01",
    "calendarYear": "2011",
    "period": "FY",
    "revenue": 7369154000,
    "costOfRevenue": 4524351000,
    "grossProfit": 2844803000,
    "grossProfitRatio": 0.386042007,
    "researchAndDevelopmentExpenses": 0,
    "generalAndAdministrativeExpenses": 0,
    "sellingAndMarketingExpenses": 0,
    "sellingGeneralAndAdministrativeExpenses": 1720954000,
    "otherExpenses": 0,
    "operatingExpenses": 1720954000,
    "costAndExpenses": 6245305000,
    "interestIncome": 9258000,
    "interestExpense": 124783000,
    "depreciationAndAmortization": 290477000,
    "ebitda": 1425522000,
    "ebitdaratio": 0.1934444578,
    "operatingIncome": 1123849000,
    "operatingIncomeRatio": 0.1525071942,
    "totalOtherIncomeExpensesNet": -113587000,
    "incomeBeforeTax": 1010262000,
    "incomeBeforeTaxRatio": 0.1370933488,
    "incomeTaxExpense": 237076000,
    "netIncome": 895243000,
    "netIncomeRatio": 0.12148518,
    "eps": 4.82,
    "epsdiluted": 4.74,
    "weightedAverageShsOut": 185882000,
    "weightedAverageShsOutDil": 188887000,
    "link": "https://www.sec.gov/Archives/edgar/data/29905/000002990512000008/0000029905-12-000008-index.htm",
    "finalLink": "https://www.sec.gov/Archives/edgar/data/29905/000002990512000008/form10k-123111.htm"
  },
  {
    "date": "2010-12-31",
    "symbol": "DOV",
    "reportedCurrency": "USD",
    "cik": "0000029905",
    "fillingDate": "2011-02-11",
    "acceptedDate": "2011-02-11 10:31:03",
    "calendarYear": "2010",
    "period": "FY",
    "revenue": 6109507000,
    "costOfRevenue": 3686861000,
    "grossProfit": 2422646000,
    "grossProfitRatio": 0.3965370692,
    "researchAndDevelopmentExpenses": 0,
    "generalAndAdministrativeExpenses": 0,
    "sellingAndMarketingExpenses": 0,
    "sellingGeneralAndAdministrativeExpenses": 1499597000,
    "otherExpenses": 0,
    "operatingExpenses": 1499597000,
    "costAndExpenses": 5186458000,
    "interestIncome": 8953000,
    "interestExpense": 106341000,
    "depreciationAndAmortization": 229237000,
    "ebitda": 1157683000,
    "ebitdaratio": 0.1894887754,
    "operatingIncome": 923049000,
    "operatingIncomeRatio": 0.15108404,
    "totalOtherIncomeExpensesNet": -109927000,
    "incomeBeforeTax": 813122000,
    "incomeBeforeTaxRatio": 0.1330912625,
    "incomeTaxExpense": 193625000,
    "netIncome": 700104000,
    "netIncomeRatio": 0.1145925522,
    "eps": 3.75,
    "epsdiluted": 3.7,
    "weightedAverageShsOut": 186897000,
    "weightedAverageShsOutDil": 189170000,
    "link": "https://www.sec.gov/Archives/edgar/data/29905/000095012311012422/0000950123-11-012422-index.htm",
    "finalLink": "https://www.sec.gov/Archives/edgar/data/29905/000095012311012422/y87986e10vk.htm"
  },
  {
    "date": "2009-12-31",
    "symbol": "DOV",
    "reportedCurrency": "USD",
    "cik": "0000029905",
    "fillingDate": "2010-02-19",
    "acceptedDate": "2010-02-19 14:54:37",
    "calendarYear": "2009",
    "period": "FY",
    "revenue": 5775689000,
    "costOfRevenue": 3676535000,
    "grossProfit": 2099154000,
    "grossProfitRatio": 0.3634465083,
    "researchAndDevelopmentExpenses": 0,
    "generalAndAdministrativeExpenses": 0,
    "sellingAndMarketingExpenses": 0,
    "sellingGeneralAndAdministrativeExpenses": 1511111000,
    "otherExpenses": 0,
    "operatingExpenses": 1511111000,
    "costAndExpenses": 5187646000,
    "interestIncome": 0,
    "interestExpense": 100375000,
    "depreciationAndAmortization": 258223000,
    "ebitda": 850216000,
    "ebitdaratio": 0.147205987,
    "operatingIncome": 588043000,
    "operatingIncomeRatio": 0.1018134806,
    "totalOtherIncomeExpensesNet": -96425000,
    "incomeBeforeTax": 491618000,
    "incomeBeforeTaxRatio": 0.0851185027,
    "incomeTaxExpense": 119724000,
    "netIncome": 356438000,
    "netIncomeRatio": 0.0617135029,
    "eps": 1.91,
    "epsdiluted": 1.91,
    "weightedAverageShsOut": 186136000,
    "weightedAverageShsOutDil": 186736000,
    "link": "https://www.sec.gov/Archives/edgar/data/29905/000095012310014502/0000950123-10-014502-index.htm",
    "finalLink": "https://www.sec.gov/Archives/edgar/data/29905/000095012310014502/y81455e10vk.htm"
  },
  {
    "date": "2008-12-31",
    "symbol": "DOV",
    "reportedCurrency": "USD",
    "cik": "0000029905",
    "fillingDate": "2009-02-20",
    "acceptedDate": "2009-02-20 14:05:06",
    "calendarYear": "2008",
    "period": "FY",
    "revenue": 7568888000,
    "costOfRevenue": 4838881000,
    "grossProfit": 2730007000,
    "grossProfitRatio": 0.3606879901,
    "researchAndDevelopmentExpenses": 0,
    "generalAndAdministrativeExpenses": 0,
    "sellingAndMarketingExpenses": 0,
    "sellingGeneralAndAdministrativeExpenses": 1700677000,
    "otherExpenses": 0,
    "operatingExpenses": 1700677000,
    "costAndExpenses": 6539558000,
    "interestIncome": 0,
    "interestExpense": 96037000,
    "depreciationAndAmortization": 261154000,
    "ebitda": 1303210000,
    "ebitdaratio": 0.1721798499,
    "operatingIncome": 1029330000,
    "operatingIncomeRatio": 0.135994878,
    "totalOtherIncomeExpensesNet": -83311000,
    "incomeBeforeTax": 946019000,
    "incomeBeforeTaxRatio": 0.124987845,
    "incomeTaxExpense": 251261000,
    "netIncome": 590831000,
    "netIncomeRatio": 0.078060476,
    "eps": 3.13,
    "epsdiluted": 3.12,
    "weightedAverageShsOut": 188481000,
    "weightedAverageShsOutDil": 189269000,
    "link": "https://www.sec.gov/Archives/edgar/data/29905/000095012309003170/0000950123-09-003170-index.htm",
    "finalLink": "https://www.sec.gov/Archives/edgar/data/29905/000095012309003170/y74690e10vk.htm"
  },
  {
    "date": "2007-12-31",
    "symbol": "DOV",
    "reportedCurrency": "USD",
    "cik": "0000029905",
    "fillingDate": "2008-02-28",
    "acceptedDate": "2008-02-28 13:59:09",
    "calendarYear": "2007",
    "period": "FY",
    "revenue": 7226089000,
    "costOfRevenue": 4604422000,
    "grossProfit": 2621667000,
    "grossProfitRatio": 0.3628057999,
    "researchAndDevelopmentExpenses": 0,
    "generalAndAdministrativeExpenses": 0,
    "sellingAndMarketingExpenses": 0,
    "sellingGeneralAndAdministrativeExpenses": 1640977000,
    "otherExpenses": 0,
    "operatingExpenses": 1640977000,
    "costAndExpenses": 6245399000,
    "interestIncome": 0,
    "interestExpense": 89008000,
    "depreciationAndAmortization": 245028000,
    "ebitda": 1225718000,
    "ebitdaratio": 0.1696239833,
    "operatingIncome": 980690000,
    "operatingIncomeRatio": 0.1357151842,
    "totalOtherIncomeExpensesNet": -93086000,
    "incomeBeforeTax": 887604000,
    "incomeBeforeTaxRatio": 0.1228332505,
    "incomeTaxExpense": 234331000,
    "netIncome": 661080000,
    "netIncomeRatio": 0.0914851727,
    "eps": 3.28,
    "epsdiluted": 3.26,
    "weightedAverageShsOut": 201330000,
    "weightedAverageShsOutDil": 202918000,
    "link": "https://www.sec.gov/Archives/edgar/data/29905/000095012308002255/0000950123-08-002255-index.htm",
    "finalLink": "https://www.sec.gov/Archives/edgar/data/29905/000095012308002255/y47442e10vk.htm"
  },
  {
    "date": "2006-12-31",
    "symbol": "DOV",
    "reportedCurrency": "USD",
    "cik": "0000029905",
    "fillingDate": "2007-02-28",
    "acceptedDate": "2007-02-28 16:31:14",
    "calendarYear": "2006",
    "period": "FY",
    "revenue": 6329279000,
    "costOfRevenue": 4020702000,
    "grossProfit": 2308577000,
    "grossProfitRatio": 0.3647456527,
    "researchAndDevelopmentExpenses": 0,
    "generalAndAdministrativeExpenses": 0,
    "sellingAndMarketingExpenses": 0,
    "sellingGeneralAndAdministrativeExpenses": 1410654000,
    "otherExpenses": 0,
    "operatingExpenses": 1410654000,
    "costAndExpenses": 5431356000,
    "interestIncome": 0,
    "interestExpense": 76984000,
    "depreciationAndAmortization": 195633000,
    "ebitda": 1093556000,
    "ebitdaratio": 0.1727773416,
    "operatingIncome": 897923000,
    "operatingIncomeRatio": 0.1418681338,
    "totalOtherIncomeExpensesNet": -88430000,
    "incomeBeforeTax": 809493000,
    "incomeBeforeTaxRatio": 0.1278965582,
    "incomeTaxExpense": 217038000,
    "netIncome": 561782000,
    "netIncomeRatio": 0.088759241,
    "eps": 2.76,
    "epsdiluted": 2.74,
    "weightedAverageShsOut": 203773000,
    "weightedAverageShsOutDil": 205497000,
    "link": "https://www.sec.gov/Archives/edgar/data/29905/000095012307002935/0000950123-07-002935-index.htm",
    "finalLink": "https://www.sec.gov/Archives/edgar/data/29905/000095012307002935/y30920e10vk.htm"
  },
  {
    "date": "2005-12-31",
    "symbol": "DOV",
    "reportedCurrency": "USD",
    "cik": "0000029905",
    "fillingDate": "2006-03-07",
    "acceptedDate": "2006-03-07 12:34:15",
    "calendarYear": "2005",
    "period": "FY",
    "revenue": 5134828000,
    "costOfRevenue": 3303174000,
    "grossProfit": 1831654000,
    "grossProfitRatio": 0.3567118509,
    "researchAndDevelopmentExpenses": 0,
    "generalAndAdministrativeExpenses": 0,
    "sellingAndMarketingExpenses": 0,
    "sellingGeneralAndAdministrativeExpenses": 1183711000,
    "otherExpenses": 0,
    "operatingExpenses": 1183711000,
    "costAndExpenses": 4486885000,
    "interestIncome": 0,
    "interestExpense": 72206000,
    "depreciationAndAmortization": 148538000,
    "ebitda": 796481000,
    "ebitdaratio": 0.1551134722,
    "operatingIncome": 647943000,
    "operatingIncomeRatio": 0.1261859209,
    "totalOtherIncomeExpensesNet": -59507000,
    "incomeBeforeTax": 588436000,
    "incomeBeforeTaxRatio": 0.1145970225,
    "incomeTaxExpense": 155933000,
    "netIncome": 510142000,
    "netIncomeRatio": 0.0993493842,
    "eps": 2.52,
    "epsdiluted": 2.5,
    "weightedAverageShsOut": 202979000,
    "weightedAverageShsOutDil": 204177000,
    "link": "https://www.sec.gov/Archives/edgar/data/29905/000095012306002706/0000950123-06-002706-index.htm",
    "finalLink": "https://www.sec.gov/Archives/edgar/data/29905/000095012306002706/y17933e10vk.htm"
  },
  {
    "date": "2004-12-31",
    "symbol": "DOV",
    "reportedCurrency": "USD",
    "cik": "0000029905",
    "fillingDate": "2005-03-14",
    "acceptedDate": "2005-03-14 10:32:23",
    "calendarYear": "2004",
    "period": "FY",
    "revenue": 4479390000,
    "costOfRevenue": 2878130000,
    "grossProfit": 1601260000,
    "grossProfitRatio": 0.3574727809,
    "researchAndDevelopmentExpenses": 0,
    "generalAndAdministrativeExpenses": 0,
    "sellingAndMarketingExpenses": 0,
    "sellingGeneralAndAdministrativeExpenses": 1053100000,
    "otherExpenses": 0,
    "operatingExpenses": 1053100000,
    "costAndExpenses": 3931230000,
    "interestIncome": 0,
    "interestExpense": 0,
    "depreciationAndAmortization": 134731000,
    "ebitda": 682891000,
    "ebitdaratio": 0.1524517847,
    "operatingIncome": 548160000,
    "operatingIncomeRatio": 0.1223738054,
    "totalOtherIncomeExpensesNet": -56045000,
    "incomeBeforeTax": 492115000,
    "incomeBeforeTaxRatio": 0.1098620571,
    "incomeTaxExpense": 129697000,
    "netIncome": 412755000,
    "netIncomeRatio": 0.0921453591,
    "eps": 2.03,
    "epsdiluted": 2.02,
    "weightedAverageShsOut": 203275000,
    "weightedAverageShsOutDil": 204786000,
    "link": "https://www.sec.gov/Archives/edgar/data/29905/000095012305003055/0000950123-05-003055-index.htm",
    "finalLink": "https://www.sec.gov/Archives/edgar/data/29905/000095012305003055/y06204e10vk.txt"
  },
  {
    "date": "2003-12-31",
    "symbol": "DOV",
    "reportedCurrency": "USD",
    "cik": "0000029905",
    "fillingDate": "2004-02-27",
    "acceptedDate": "2004-02-27 15:35:58",
    "calendarYear": "2003",
    "period": "FY",
    "revenue": 4413296000,
    "costOfRevenue": 2892874000,
    "grossProfit": 1520422000,
    "grossProfitRatio": 0.3445094097,
    "researchAndDevelopmentExpenses": 0,
    "generalAndAdministrativeExpenses": 0,
    "sellingAndMarketingExpenses": 0,
    "sellingGeneralAndAdministrativeExpenses": 1076664000,
    "otherExpenses": 0,
    "operatingExpenses": 1076664000,
    "costAndExpenses": 3969538000,
    "interestIncome": 0,
    "interestExpense": 0,
    "depreciationAndAmortization": 151309000,
    "ebitda": 595067000,
    "ebitdaratio": 0.134835053,
    "operatingIncome": 443758000,
    "operatingIncomeRatio": 0.1005502463,
    "totalOtherIncomeExpensesNet": -71866000,
    "incomeBeforeTax": 371892000,
    "incomeBeforeTaxRatio": 0.0842662717,
    "incomeTaxExpense": 86676000,
    "netIncome": 292927000,
    "netIncomeRatio": 0.0663737488,
    "eps": 1.45,
    "epsdiluted": 1.44,
    "weightedAverageShsOut": 202576000,
    "weightedAverageShsOutDil": 203614000,
    "link": "https://www.sec.gov/Archives/edgar/data/29905/000095012304002493/0000950123-04-002493-index.htm",
    "finalLink": "https://www.sec.gov/Archives/edgar/data/29905/000095012304002493/y94456e10vk.txt"
  },
  {
    "date": "2002-12-31",
    "symbol": "DOV",
    "reportedCurrency": "USD",
    "cik": "0000029905",
    "fillingDate": "2003-03-11",
    "acceptedDate": "2003-03-10 19:43:24",
    "calendarYear": "2002",
    "period": "FY",
    "revenue": 4053593000,
    "costOfRevenue": 2722674000,
    "grossProfit": 1330919000,
    "grossProfitRatio": 0.3283306933,
    "researchAndDevelopmentExpenses": 0,
    "generalAndAdministrativeExpenses": 0,
    "sellingAndMarketingExpenses": 0,
    "sellingGeneralAndAdministrativeExpenses": 996209000,
    "otherExpenses": 0,
    "operatingExpenses": 996209000,
    "costAndExpenses": 3718883000,
    "interestIncome": 0,
    "interestExpense": 0,
    "depreciationAndAmortization": 156946000,
    "ebitda": 491656000,
    "ebitdaratio": 0.1212889405,
    "operatingIncome": 334710000,
    "operatingIncomeRatio": 0.0825711905,
    "totalOtherIncomeExpensesNet": -71341000,
    "incomeBeforeTax": 263369000,
    "incomeBeforeTaxRatio": 0.0649717424,
    "incomeTaxExpense": 55523000,
    "netIncome": -121261000,
    "netIncomeRatio": -0.0299144487,
    "eps": -0.6,
    "epsdiluted": -0.6,
    "weightedAverageShsOut": 202101667,
    "weightedAverageShsOutDil": 203346000,
    "link": "https://www.sec.gov/Archives/edgar/data/29905/000095012303002694/0000950123-03-002694-index.htm",
    "finalLink": "https://www.sec.gov/Archives/edgar/data/29905/000095012303002694/y82369e10vk.txt"
  },
  {
    "date": "2001-12-31",
    "symbol": "DOV",
    "reportedCurrency": "USD",
    "cik": "0000029905",
    "fillingDate": "2002-03-01",
    "acceptedDate": "2002-03-01 00:00:00",
    "calendarYear": "2001",
    "period": "FY",
    "revenue": 4223245000,
    "costOfRevenue": 2869782000,
    "grossProfit": 1353463000,
    "grossProfitRatio": 0.3204793944,
    "researchAndDevelopmentExpenses": 0,
    "generalAndAdministrativeExpenses": 0,
    "sellingAndMarketingExpenses": 0,
    "sellingGeneralAndAdministrativeExpenses": 1039581000,
    "otherExpenses": 0,
    "operatingExpenses": 1039581000,
    "costAndExpenses": 3909363000,
    "interestIncome": 0,
    "interestExpense": 0,
    "depreciationAndAmortization": 207845000,
    "ebitda": 521727000,
    "ebitdaratio": 0.1235369958,
    "operatingIncome": 313882000,
    "operatingIncomeRatio": 0.07432247,
    "totalOtherIncomeExpensesNet": -60948000,
    "incomeBeforeTax": 252934000,
    "incomeBeforeTaxRatio": 0.0598909133,
    "incomeTaxExpense": 74698000,
    "netIncome": 248537000,
    "netIncomeRatio": 0.0588497707,
    "eps": 1.22,
    "epsdiluted": 1.22,
    "weightedAverageShsOut": 203718852,
    "weightedAverageShsOutDil": 203718852,
    "link": "https://www.sec.gov/Archives/edgar/data/29905/000095012302002088/0000950123-02-002088-index.htm",
    "finalLink": "https://www.sec.gov/Archives/edgar/data/29905/000095012302002088/y57911e10-k.htm"
  },
  {
    "date": "2000-12-31",
    "symbol": "DOV",
    "reportedCurrency": "USD",
    "cik": "0000029905",
    "fillingDate": "2001-06-20",
    "acceptedDate": "2001-06-20 00:00:00",
    "calendarYear": "2000",
    "period": "FY",
    "revenue": 5064805000,
    "costOfRevenue": 3204051000,
    "grossProfit": 1860754000,
    "grossProfitRatio": 0.3673890703,
    "researchAndDevelopmentExpenses": 0,
    "generalAndAdministrativeExpenses": 0,
    "sellingAndMarketingExpenses": 0,
    "sellingGeneralAndAdministrativeExpenses": 1046838000,
    "otherExpenses": 0,
    "operatingExpenses": 1046838000,
    "costAndExpenses": 4250889000,
    "interestIncome": 0,
    "interestExpense": 0,
    "depreciationAndAmortization": 184224000,
    "ebitda": 998140000,
    "ebitdaratio": 0.1970737274,
    "operatingIncome": 813916000,
    "operatingIncomeRatio": 0.1607003626,
    "totalOtherIncomeExpensesNet": -71963000,
    "incomeBeforeTax": 741953000,
    "incomeBeforeTaxRatio": 0.1464919182,
    "incomeTaxExpense": 228430000,
    "netIncome": 519612000,
    "netIncomeRatio": 0.1025926961,
    "eps": 2.56,
    "epsdiluted": 2.54,
    "weightedAverageShsOut": 202971000,
    "weightedAverageShsOutDil": 204677000,
    "link": "https://www.sec.gov/Archives/edgar/data/29905/000095012301503653/0000950123-01-503653-index.htm",
    "finalLink": "https://www.sec.gov/Archives/edgar/data/29905/000095012301503653/y50667kae10-ka.txt"
  },
  {
    "date": "1999-12-31",
    "symbol": "DOV",
    "reportedCurrency": "USD",
    "cik": "0000029905",
    "fillingDate": "2000-03-16",
    "acceptedDate": "2000-03-16 00:00:00",
    "calendarYear": "1999",
    "period": "FY",
    "revenue": 4228465000,
    "costOfRevenue": 2693079000,
    "grossProfit": 1535386000,
    "grossProfitRatio": 0.3631071796,
    "researchAndDevelopmentExpenses": 0,
    "generalAndAdministrativeExpenses": 0,
    "sellingAndMarketingExpenses": 0,
    "sellingGeneralAndAdministrativeExpenses": 929635000,
    "otherExpenses": 0,
    "operatingExpenses": 929635000,
    "costAndExpenses": 3622714000,
    "interestIncome": 0,
    "interestExpense": 0,
    "depreciationAndAmortization": 170537000,
    "ebitda": 776288000,
    "ebitdaratio": 0.1835862423,
    "operatingIncome": 605751000,
    "operatingIncomeRatio": 0.1432555313,
    "totalOtherIncomeExpensesNet": -20803000,
    "incomeBeforeTax": 584948000,
    "incomeBeforeTaxRatio": 0.1383357791,
    "incomeTaxExpense": 199391000,
    "netIncome": 909495000,
    "netIncomeRatio": 0.2150886906,
    "eps": 4.44,
    "epsdiluted": 4.41,
    "weightedAverageShsOut": 209063000,
    "weightedAverageShsOutDil": 210679000,
    "link": "https://www.sec.gov/Archives/edgar/data/29905/000095012300002335/0000950123-00-002335-index.html",
    "finalLink": "https://www.sec.gov/Archives/edgar/data/29905/000095012300002335/"
  },
  {
    "date": "1998-12-31",
    "symbol": "DOV",
    "reportedCurrency": "USD",
    "cik": "0000029905",
    "fillingDate": "1999-06-29",
    "acceptedDate": "1999-06-29 00:00:00",
    "calendarYear": "1998",
    "period": "FY",
    "revenue": 3977700000,
    "costOfRevenue": 2383700000,
    "grossProfit": 1594000000,
    "grossProfitRatio": 0.4007340926,
    "researchAndDevelopmentExpenses": 0,
    "generalAndAdministrativeExpenses": 0,
    "sellingAndMarketingExpenses": 0,
    "sellingGeneralAndAdministrativeExpenses": 894300000,
    "otherExpenses": 167700000,
    "operatingExpenses": 1062000000,
    "costAndExpenses": 3445700000,
    "interestIncome": 0,
    "interestExpense": 0,
    "depreciationAndAmortization": 167700000,
    "ebitda": 699700000,
    "ebitdaratio": 0.1759056741,
    "operatingIncome": 532000000,
    "operatingIncomeRatio": 0.1337456319,
    "totalOtherIncomeExpensesNet": -43400000,
    "incomeBeforeTax": 488600000,
    "incomeBeforeTaxRatio": 0.122834804,
    "incomeTaxExpense": 162200000,
    "netIncome": 378800000,
    "netIncomeRatio": 0.0952309123,
    "eps": 1.7,
    "epsdiluted": 1.69,
    "weightedAverageShsOut": 222793000,
    "weightedAverageShsOutDil": 224386000,
    "link": "https://www.sec.gov/Archives/edgar/data/29905/000095012399006053/0000950123-99-006053-index.html",
    "finalLink": "https://www.sec.gov/Archives/edgar/data/29905/000095012399006053/0000950123-99-006053.txt"
  },
  {
    "date": "1997-12-31",
    "symbol": "DOV",
    "reportedCurrency": "USD",
    "cik": "0000029905",
    "fillingDate": "1998-09-16",
    "acceptedDate": "1998-09-16 00:00:00",
    "calendarYear": "1997",
    "period": "FY",
    "revenue": 3669600000,
    "costOfRevenue": 2187100000,
    "grossProfit": 1482500000,
    "grossProfitRatio": 0.4039949858,
    "researchAndDevelopmentExpenses": 0,
    "generalAndAdministrativeExpenses": 0,
    "sellingAndMarketingExpenses": 0,
    "sellingGeneralAndAdministrativeExpenses": 807800000,
    "otherExpenses": 155200000,
    "operatingExpenses": 963000000,
    "costAndExpenses": 3150100000,
    "interestIncome": 0,
    "interestExpense": 0,
    "depreciationAndAmortization": 155200000,
    "ebitda": 674700000,
    "ebitdaratio": 0.1838620013,
    "operatingIncome": 519500000,
    "operatingIncomeRatio": 0.1415685633,
    "totalOtherIncomeExpensesNet": -27200000,
    "incomeBeforeTax": 492300000,
    "incomeBeforeTaxRatio": 0.1341563113,
    "incomeTaxExpense": 167400000,
    "netIncome": 405400000,
    "netIncomeRatio": 0.1104752562,
    "eps": 1.82,
    "epsdiluted": 1.79,
    "weightedAverageShsOut": 222747253,
    "weightedAverageShsOutDil": 226480447,
    "link": "https://www.sec.gov/Archives/edgar/data/29905/000095012398008345/0000950123-98-008345-index.html",
    "finalLink": "https://www.sec.gov/Archives/edgar/data/29905/"
  },
  {
    "date": "1996-12-31",
    "symbol": "DOV",
    "reportedCurrency": "USD",
    "cik": "0000029905",
    "fillingDate": "1997-03-31",
    "acceptedDate": "1997-03-31 00:00:00",
    "calendarYear": "1996",
    "period": "FY",
    "revenue": 3215600000,
    "costOfRevenue": 1966400000,
    "grossProfit": 1249200000,
    "grossProfitRatio": 0.3884811544,
    "researchAndDevelopmentExpenses": 0,
    "generalAndAdministrativeExpenses": 0,
    "sellingAndMarketingExpenses": 0,
    "sellingGeneralAndAdministrativeExpenses": 686100000,
    "otherExpenses": 110500000,
    "operatingExpenses": 796600000,
    "costAndExpenses": 2763000000,
    "interestIncome": 0,
    "interestExpense": 0,
    "depreciationAndAmortization": 110500000,
    "ebitda": 563100000,
    "ebitdaratio": 0.1751150641,
    "operatingIncome": 452600000,
    "operatingIncomeRatio": 0.1407513372,
    "totalOtherIncomeExpensesNet": 49500000,
    "incomeBeforeTax": 502100000,
    "incomeBeforeTaxRatio": 0.1561450429,
    "incomeTaxExpense": 165600000,
    "netIncome": 390200000,
    "netIncomeRatio": 0.1213459385,
    "eps": 1.72,
    "epsdiluted": 1.69,
    "weightedAverageShsOut": 226860465,
    "weightedAverageShsOutDil": 230887574,
    "link": "https://www.sec.gov/Archives/edgar/data/29905/000095012397002834/0000950123-97-002834-index.html",
    "finalLink": "https://www.sec.gov/Archives/edgar/data/29905/0000950123-97-002834.txt"
  },
  {
    "date": "1995-12-31",
    "symbol": "DOV",
    "reportedCurrency": "USD",
    "cik": "0000029905",
    "fillingDate": "1996-03-26",
    "acceptedDate": "1996-03-26 00:00:00",
    "calendarYear": "1995",
    "period": "FY",
    "revenue": 3745900000,
    "costOfRevenue": 2456500000,
    "grossProfit": 1289400000,
    "grossProfitRatio": 0.3442163432,
    "researchAndDevelopmentExpenses": 0,
    "generalAndAdministrativeExpenses": 0,
    "sellingAndMarketingExpenses": 0,
    "sellingGeneralAndAdministrativeExpenses": 743100000,
    "otherExpenses": 107800000,
    "operatingExpenses": 850900000,
    "costAndExpenses": 3307400000,
    "interestIncome": 0,
    "interestExpense": 0,
    "depreciationAndAmortization": 107800000,
    "ebitda": 546300000,
    "ebitdaratio": 0.1458394511,
    "operatingIncome": 438500000,
    "operatingIncomeRatio": 0.1170613204,
    "totalOtherIncomeExpensesNet": -21400000,
    "incomeBeforeTax": 417100000,
    "incomeBeforeTaxRatio": 0.1113484076,
    "incomeTaxExpense": 138800000,
    "netIncome": 278300000,
    "netIncomeRatio": 0.0742945621,
    "eps": 1.23,
    "epsdiluted": 1.23,
    "weightedAverageShsOut": 227183673,
    "weightedAverageShsOutDil": 227183673,
    "link": "https://www.sec.gov/Archives/edgar/data/29905/000095012396001310/0000950123-96-001310-index.html",
    "finalLink": "https://www.sec.gov/Archives/edgar/data/29905/0000950123-96-001310.txt"
  },
  {
    "date": "1994-12-31",
    "symbol": "DOV",
    "reportedCurrency": "USD",
    "cik": "0000029905",
    "fillingDate": "1995-06-29",
    "acceptedDate": "1995-06-29 00:00:00",
    "calendarYear": "1994",
    "period": "FY",
    "revenue": 3085300000,
    "costOfRevenue": 2041700000,
    "grossProfit": 1043600000,
    "grossProfitRatio": 0.3382491168,
    "researchAndDevelopmentExpenses": 0,
    "generalAndAdministrativeExpenses": 0,
    "sellingAndMarketingExpenses": 0,
    "sellingGeneralAndAdministrativeExpenses": 622400000,
    "otherExpenses": 95800000,
    "operatingExpenses": 718200000,
    "costAndExpenses": 2759900000,
    "interestIncome": 0,
    "interestExpense": 0,
    "depreciationAndAmortization": 95800000,
    "ebitda": 421200000,
    "ebitdaratio": 0.1365183288,
    "operatingIncome": 325400000,
    "operatingIncomeRatio": 0.1054678637,
    "totalOtherIncomeExpensesNet": -18500000,
    "incomeBeforeTax": 306900000,
    "incomeBeforeTaxRatio": 0.0994716883,
    "incomeTaxExpense": 104500000,
    "netIncome": 202400000,
    "netIncomeRatio": 0.0656014002,
    "eps": 0.89,
    "epsdiluted": 0.89,
    "weightedAverageShsOut": 228700565,
    "weightedAverageShsOutDil": 228700565,
    "link": "https://www.sec.gov/Archives/edgar/data/29905/000095012395001862/0000950123-95-001862-index.html",
    "finalLink": "https://www.sec.gov/Archives/edgar/data/29905/"
  },
  {
    "date": "1993-12-31",
    "symbol": "DOV",
    "reportedCurrency": "USD",
    "cik": "0000029905",
    "fillingDate": "1994-03-30",
    "acceptedDate": "1994-03-30 00:00:00",
    "calendarYear": "1993",
    "period": "FY",
    "revenue": 2483900000,
    "costOfRevenue": 1656300000,
    "grossProfit": 827600000,
    "grossProfitRatio": 0.333185716,
    "researchAndDevelopmentExpenses": 0,
    "generalAndAdministrativeExpenses": 0,
    "sellingAndMarketingExpenses": 0,
    "sellingGeneralAndAdministrativeExpenses": 496800000,
    "otherExpenses": 77000000,
    "operatingExpenses": 573800000,
    "costAndExpenses": 2230100000,
    "interestIncome": 0,
    "interestExpense": 0,
    "depreciationAndAmortization": 77000000,
    "ebitda": 330800000,
    "ebitdaratio": 0.1331776642,
    "operatingIncome": 253800000,
    "operatingIncomeRatio": 0.1021780265,
    "totalOtherIncomeExpensesNet": -8200000,
    "incomeBeforeTax": 245600000,
    "incomeBeforeTaxRatio": 0.0988767664,
    "incomeTaxExpense": 87300000,
    "netIncome": 158300000,
    "netIncomeRatio": 0.0637304239,
    "eps": 0.69,
    "epsdiluted": 0.69,
    "weightedAverageShsOut": 229420290,
    "weightedAverageShsOutDil": 229420290,
    "link": "https://www.sec.gov/Archives/edgar/data/29905/000095012394000653/0000950123-94-000653-index.html",
    "finalLink": "https://www.sec.gov/Archives/edgar/data/29905/0000950123-94-000653.txt"
  },
  {
    "date": "1992-12-31",
    "symbol": "DOV",
    "reportedCurrency": "USD",
    "cik": "0000029905",
    "fillingDate": "1992-12-31",
    "acceptedDate": "1992-12-31 00:00:00",
    "calendarYear": "1992",
    "period": "FY",
    "revenue": 2271600000,
    "costOfRevenue": 1524100000,
    "grossProfit": 747500000,
    "grossProfitRatio": 0.3290632154,
    "researchAndDevelopmentExpenses": 0,
    "generalAndAdministrativeExpenses": 0,
    "sellingAndMarketingExpenses": 0,
    "sellingGeneralAndAdministrativeExpenses": 466800000,
    "otherExpenses": 77500000,
    "operatingExpenses": 544300000,
    "costAndExpenses": 2068400000,
    "interestIncome": 0,
    "interestExpense": 0,
    "depreciationAndAmortization": 77500000,
    "ebitda": 280700000,
    "ebitdaratio": 0.1235692904,
    "operatingIncome": 203200000,
    "operatingIncomeRatio": 0.0894523684,
    "totalOtherIncomeExpensesNet": -2900000,
    "incomeBeforeTax": 200300000,
    "incomeBeforeTaxRatio": 0.0881757352,
    "incomeTaxExpense": 71200000,
    "netIncome": 129700000,
    "netIncomeRatio": 0.0570963198,
    "eps": 0.56,
    "epsdiluted": 0.56,
    "weightedAverageShsOut": 231607143,
    "weightedAverageShsOutDil": 231607143,
    "link": null,
    "finalLink": null
  },
  {
    "date": "1991-12-31",
    "symbol": "DOV",
    "reportedCurrency": "USD",
    "cik": "0000029905",
    "fillingDate": "1991-12-31",
    "acceptedDate": "1991-12-31 00:00:00",
    "calendarYear": "1991",
    "period": "FY",
    "revenue": 2195800000,
    "costOfRevenue": 1494700000,
    "grossProfit": 701100000,
    "grossProfitRatio": 0.3192913744,
    "researchAndDevelopmentExpenses": 0,
    "generalAndAdministrativeExpenses": 0,
    "sellingAndMarketingExpenses": 0,
    "sellingGeneralAndAdministrativeExpenses": 452400000,
    "otherExpenses": 85400000,
    "operatingExpenses": 537800000,
    "costAndExpenses": 2032500000,
    "interestIncome": 0,
    "interestExpense": 0,
    "depreciationAndAmortization": 85400000,
    "ebitda": 248700000,
    "ebitdaratio": 0.1132616814,
    "operatingIncome": 163300000,
    "operatingIncomeRatio": 0.0743692504,
    "totalOtherIncomeExpensesNet": 40800000,
    "incomeBeforeTax": 204100000,
    "incomeBeforeTaxRatio": 0.0929501776,
    "incomeTaxExpense": 75900000,
    "netIncome": 128200000,
    "netIncomeRatio": 0.058384188,
    "eps": 0.54,
    "epsdiluted": 0.54,
    "weightedAverageShsOut": 237407407,
    "weightedAverageShsOutDil": 237407407,
    "link": null,
    "finalLink": null
  },
  {
    "date": "1990-12-31",
    "symbol": "DOV",
    "reportedCurrency": "USD",
    "cik": "0000029905",
    "fillingDate": "1990-12-31",
    "acceptedDate": "1990-12-31 00:00:00",
    "calendarYear": "1990",
    "period": "FY",
    "revenue": 2210300000,
    "costOfRevenue": 1439200000,
    "grossProfit": 771100000,
    "grossProfitRatio": 0.3488666697,
    "researchAndDevelopmentExpenses": 0,
    "generalAndAdministrativeExpenses": 0,
    "sellingAndMarketingExpenses": 0,
    "sellingGeneralAndAdministrativeExpenses": 440300000,
    "otherExpenses": 77500000,
    "operatingExpenses": 517800000,
    "costAndExpenses": 1957000000,
    "interestIncome": 0,
    "interestExpense": 0,
    "depreciationAndAmortization": 77500000,
    "ebitda": 330800000,
    "ebitdaratio": 0.1496629417,
    "operatingIncome": 253300000,
    "operatingIncomeRatio": 0.1145998281,
    "totalOtherIncomeExpensesNet": -9200000,
    "incomeBeforeTax": 244100000,
    "incomeBeforeTaxRatio": 0.1104374972,
    "incomeTaxExpense": 88400000,
    "netIncome": 155700000,
    "netIncomeRatio": 0.0704429263,
    "eps": 0.64,
    "epsdiluted": 0.64,
    "weightedAverageShsOut": 243281250,
    "weightedAverageShsOutDil": 243281250,
    "link": null,
    "finalLink": null
  },
  {
    "date": "1989-12-31",
    "symbol": "DOV",
    "reportedCurrency": "USD",
    "cik": "0000029905",
    "fillingDate": "1989-12-31",
    "acceptedDate": "1989-12-31 00:00:00",
    "calendarYear": "1989",
    "period": "FY",
    "revenue": 2120400000,
    "costOfRevenue": 1402100000,
    "grossProfit": 718300000,
    "grossProfitRatio": 0.3387568383,
    "researchAndDevelopmentExpenses": 0,
    "generalAndAdministrativeExpenses": 0,
    "sellingAndMarketingExpenses": 0,
    "sellingGeneralAndAdministrativeExpenses": 404000000,
    "otherExpenses": 78800000,
    "operatingExpenses": 482800000,
    "costAndExpenses": 1884900000,
    "interestIncome": 0,
    "interestExpense": 0,
    "depreciationAndAmortization": 78800000,
    "ebitda": 314300000,
    "ebitdaratio": 0.1482267497,
    "operatingIncome": 235500000,
    "operatingIncomeRatio": 0.1110639502,
    "totalOtherIncomeExpensesNet": -8500000,
    "incomeBeforeTax": 227000000,
    "incomeBeforeTaxRatio": 0.1070552726,
    "incomeTaxExpense": 83000000,
    "netIncome": 144000000,
    "netIncomeRatio": 0.0679117148,
    "eps": 0.57,
    "epsdiluted": 0.57,
    "weightedAverageShsOut": 252631579,
    "weightedAverageShsOutDil": 252631579,
    "link": null,
    "finalLink": null
  },
  {
    "date": "1988-12-31",
    "symbol": "DOV",
    "reportedCurrency": "USD",
    "cik": "0000029905",
    "fillingDate": "1988-12-31",
    "acceptedDate": "1988-12-30 19:00:00",
    "calendarYear": "1988",
    "period": "FY",
    "revenue": 1953800000,
    "costOfRevenue": 1290100000,
    "grossProfit": 663700000,
    "grossProfitRatio": 0.3396970007,
    "researchAndDevelopmentExpenses": 0,
    "generalAndAdministrativeExpenses": 0,
    "sellingAndMarketingExpenses": 0,
    "sellingGeneralAndAdministrativeExpenses": 363000000,
    "otherExpenses": 73800000,
    "operatingExpenses": 436800000,
    "costAndExpenses": 1726900000,
    "interestIncome": 0,
    "interestExpense": 0,
    "depreciationAndAmortization": 73800000,
    "ebitda": 300700000,
    "ebitdaratio": 0.1539052104,
    "operatingIncome": 226900000,
    "operatingIncomeRatio": 0.1161326646,
    "totalOtherIncomeExpensesNet": -2100000,
    "incomeBeforeTax": 224800000,
    "incomeBeforeTaxRatio": 0.115057836,
    "incomeTaxExpense": 79000000,
    "netIncome": 145800000,
    "netIncomeRatio": 0.07462381,
    "eps": 0.55,
    "epsdiluted": 0.55,
    "weightedAverageShsOut": 265090909,
    "weightedAverageShsOutDil": 265090909,
    "link": "",
    "finalLink": ""
  },
  {
    "date": "1987-12-31",
    "symbol": "DOV",
    "reportedCurrency": "USD",
    "cik": "0000029905",
    "fillingDate": "1987-12-31",
    "acceptedDate": "1987-12-30 19:00:00",
    "calendarYear": "1987",
    "period": "FY",
    "revenue": 1585500000,
    "costOfRevenue": 1033100000,
    "grossProfit": 552400000,
    "grossProfitRatio": 0.3484074424,
    "researchAndDevelopmentExpenses": 0,
    "generalAndAdministrativeExpenses": 0,
    "sellingAndMarketingExpenses": 0,
    "sellingGeneralAndAdministrativeExpenses": 306500000,
    "otherExpenses": 61900000,
    "operatingExpenses": 368400000,
    "costAndExpenses": 1401500000,
    "interestIncome": 0,
    "interestExpense": 0,
    "depreciationAndAmortization": 61900000,
    "ebitda": 245900000,
    "ebitdaratio": 0.1550930306,
    "operatingIncome": 184000000,
    "operatingIncomeRatio": 0.1160517187,
    "totalOtherIncomeExpensesNet": -3100000,
    "incomeBeforeTax": 180900000,
    "incomeBeforeTaxRatio": 0.1140964995,
    "incomeTaxExpense": 69200000,
    "netIncome": 111700000,
    "netIncomeRatio": 0.0704509618,
    "eps": 0.42,
    "epsdiluted": 0.42,
    "weightedAverageShsOut": 265952381,
    "weightedAverageShsOutDil": 265952381,
    "link": "",
    "finalLink": ""
  },
  {
    "date": "1986-12-31",
    "symbol": "DOV",
    "reportedCurrency": "USD",
    "cik": "0000029905",
    "fillingDate": "1986-12-31",
    "acceptedDate": "1986-12-30 19:00:00",
    "calendarYear": "1986",
    "period": "FY",
    "revenue": 1439800000,
    "costOfRevenue": 971400000,
    "grossProfit": 468400000,
    "grossProfitRatio": 0.3253229615,
    "researchAndDevelopmentExpenses": 0,
    "generalAndAdministrativeExpenses": 0,
    "sellingAndMarketingExpenses": 0,
    "sellingGeneralAndAdministrativeExpenses": 270400000,
    "otherExpenses": 56700000,
    "operatingExpenses": 327100000,
    "costAndExpenses": 1298500000,
    "interestIncome": 0,
    "interestExpense": 0,
    "depreciationAndAmortization": 56700000,
    "ebitda": 198000000,
    "ebitdaratio": 0.1375190999,
    "operatingIncome": 141300000,
    "operatingIncomeRatio": 0.0981386304,
    "totalOtherIncomeExpensesNet": -6900000,
    "incomeBeforeTax": 134400000,
    "incomeBeforeTaxRatio": 0.0933462981,
    "incomeTaxExpense": 50600000,
    "netIncome": 83800000,
    "netIncomeRatio": 0.0582025281,
    "eps": 0.31,
    "epsdiluted": 0.31,
    "weightedAverageShsOut": 270322581,
    "weightedAverageShsOutDil": 270322581,
    "link": "",
    "finalLink": ""
  },
  {
    "date": "1985-12-31",
    "symbol": "DOV",
    "reportedCurrency": "USD",
    "cik": "0000029905",
    "fillingDate": "1985-12-31",
    "acceptedDate": "1985-12-30 19:00:00",
    "calendarYear": "1985",
    "period": "FY",
    "revenue": 1439500000,
    "costOfRevenue": 975400000,
    "grossProfit": 464100000,
    "grossProfitRatio": 0.3224036124,
    "researchAndDevelopmentExpenses": 0,
    "generalAndAdministrativeExpenses": 0,
    "sellingAndMarketingExpenses": 0,
    "sellingGeneralAndAdministrativeExpenses": 250200000,
    "otherExpenses": 53100000,
    "operatingExpenses": 303300000,
    "costAndExpenses": 1278700000,
    "interestIncome": 0,
    "interestExpense": 0,
    "depreciationAndAmortization": 53100000,
    "ebitda": 213900000,
    "ebitdaratio": 0.1485932615,
    "operatingIncome": 160800000,
    "operatingIncomeRatio": 0.1117054533,
    "totalOtherIncomeExpensesNet": -700000,
    "incomeBeforeTax": 160100000,
    "incomeBeforeTaxRatio": 0.1112191733,
    "incomeTaxExpense": 60100000,
    "netIncome": 100000000,
    "netIncomeRatio": 0.0694685655,
    "eps": 0.36,
    "epsdiluted": 0.36,
    "weightedAverageShsOut": 277777778,
    "weightedAverageShsOutDil": 277777778,
    "link": "",
    "finalLink": ""
  }
]