[
  {
    "date": "2025-06-30",
    "symbol": "DOW",
    "reportedCurrency": "USD",
    "cik": "0001751788",
    "fillingDate": "2025-07-25",
    "acceptedDate": "2025-07-25 07:44:46",
    "calendarYear": "2025",
    "period": "Q2",
    "revenue": 10104000000,
    "costOfRevenue": 9560000000,
    "grossProfit": 544000000,
    "grossProfitRatio": 0.0538400633,
    "researchAndDevelopmentExpenses": 188000000,
    "generalAndAdministrativeExpenses": 0,
    "sellingAndMarketingExpenses": 0,
    "sellingGeneralAndAdministrativeExpenses": 347000000,
    "otherExpenses": 0,
    "operatingExpenses": 535000000,
    "costAndExpenses": 10095000000,
    "interestIncome": 39000000,
    "interestExpense": 222000000,
    "depreciationAndAmortization": 724000000,
    "ebitda": 287000000,
    "ebitdaratio": 0.0284045922,
    "operatingIncome": 9000000,
    "operatingIncomeRatio": 0.0008907363,
    "totalOtherIncomeExpensesNet": -668000000,
    "incomeBeforeTax": -659000000,
    "incomeBeforeTaxRatio": -0.0652216944,
    "incomeTaxExpense": 142000000,
    "netIncome": -835000000,
    "netIncomeRatio": -0.0826405384,
    "eps": -1.18,
    "epsdiluted": -1.18,
    "weightedAverageShsOut": 703800000,
    "weightedAverageShsOutDil": 705300000,
    "link": "https://www.sec.gov/Archives/edgar/data/1751788/000175178825000145/0001751788-25-000145-index.htm",
    "finalLink": "https://www.sec.gov/Archives/edgar/data/29915/000175178825000145/dow-20250630.htm"
  },
  {
    "date": "2025-03-31",
    "symbol": "DOW",
    "reportedCurrency": "USD",
    "cik": "0001751788",
    "fillingDate": "2025-04-25",
    "acceptedDate": "2025-04-25 07:50:21",
    "calendarYear": "2025",
    "period": "Q1",
    "revenue": 10431000000,
    "costOfRevenue": 9727000000,
    "grossProfit": 704000000,
    "grossProfitRatio": 0.0674911322,
    "researchAndDevelopmentExpenses": 200000000,
    "generalAndAdministrativeExpenses": 0,
    "sellingAndMarketingExpenses": 0,
    "sellingGeneralAndAdministrativeExpenses": 366000000,
    "otherExpenses": 0,
    "operatingExpenses": 566000000,
    "costAndExpenses": 10293000000,
    "interestIncome": 28000000,
    "interestExpense": 235000000,
    "depreciationAndAmortization": 714000000,
    "ebitda": 575000000,
    "ebitdaratio": 0.0551241492,
    "operatingIncome": 138000000,
    "operatingIncomeRatio": 0.0132297958,
    "totalOtherIncomeExpensesNet": -512000000,
    "incomeBeforeTax": -374000000,
    "incomeBeforeTaxRatio": -0.035854664,
    "incomeTaxExpense": -84000000,
    "netIncome": -307000000,
    "netIncomeRatio": -0.0294315023,
    "eps": -0.44,
    "epsdiluted": -0.44,
    "weightedAverageShsOut": 706900000,
    "weightedAverageShsOutDil": 706900000,
    "link": "https://www.sec.gov/Archives/edgar/data/1751788/000175178825000129/0001751788-25-000129-index.htm",
    "finalLink": "https://www.sec.gov/Archives/edgar/data/1751788/000175178825000129/dow-20250331.htm"
  },
  {
    "date": "2024-12-31",
    "symbol": "DOW",
    "reportedCurrency": "USD",
    "cik": "0001751788",
    "fillingDate": "2025-02-04",
    "acceptedDate": "2025-02-04 07:57:08",
    "calendarYear": "2024",
    "period": "Q4",
    "revenue": 10405000000,
    "costOfRevenue": 9528000000,
    "grossProfit": 877000000,
    "grossProfitRatio": 0.0842864008,
    "researchAndDevelopmentExpenses": 202000000,
    "generalAndAdministrativeExpenses": 0,
    "sellingAndMarketingExpenses": 0,
    "sellingGeneralAndAdministrativeExpenses": 353000000,
    "otherExpenses": 0,
    "operatingExpenses": 555000000,
    "costAndExpenses": 10083000000,
    "interestIncome": 57000000,
    "interestExpense": 173000000,
    "depreciationAndAmortization": 751000000,
    "ebitda": 1143000000,
    "ebitdaratio": 0.1098510332,
    "operatingIncome": 322000000,
    "operatingIncomeRatio": 0.0309466603,
    "totalOtherIncomeExpensesNet": -103000000,
    "incomeBeforeTax": 219000000,
    "incomeBeforeTaxRatio": 0.0210475733,
    "incomeTaxExpense": 254000000,
    "netIncome": -53000000,
    "netIncomeRatio": -0.0050937049,
    "eps": -0.0795,
    "epsdiluted": -0.0795,
    "weightedAverageShsOut": 703800000,
    "weightedAverageShsOutDil": 705100000,
    "link": "https://www.sec.gov/Archives/edgar/data/1751788/000175178825000012/0001751788-25-000012-index.htm",
    "finalLink": "https://www.sec.gov/Archives/edgar/data/29915/000175178825000012/dow-20241231.htm"
  },
  {
    "date": "2024-09-30",
    "symbol": "DOW",
    "reportedCurrency": "USD",
    "cik": "0001751788",
    "fillingDate": "2024-10-25",
    "acceptedDate": "2024-10-25 07:52:05",
    "calendarYear": "2024",
    "period": "Q3",
    "revenue": 10879000000,
    "costOfRevenue": 9904000000,
    "grossProfit": 975000000,
    "grossProfitRatio": 0.0896222079,
    "researchAndDevelopmentExpenses": 208000000,
    "generalAndAdministrativeExpenses": 0,
    "sellingAndMarketingExpenses": 0,
    "sellingGeneralAndAdministrativeExpenses": 396000000,
    "otherExpenses": 0,
    "operatingExpenses": 604000000,
    "costAndExpenses": 10508000000,
    "interestIncome": 36000000,
    "interestExpense": 197000000,
    "depreciationAndAmortization": 741000000,
    "ebitda": 1262000000,
    "ebitdaratio": 0.1160033091,
    "operatingIncome": 371000000,
    "operatingIncomeRatio": 0.0341023991,
    "totalOtherIncomeExpensesNet": -47000000,
    "incomeBeforeTax": 324000000,
    "incomeBeforeTaxRatio": 0.0297821491,
    "incomeTaxExpense": 84000000,
    "netIncome": 214000000,
    "netIncomeRatio": 0.0196709256,
    "eps": 0.3,
    "epsdiluted": 0.3,
    "weightedAverageShsOut": 702300000,
    "weightedAverageShsOutDil": 703600000,
    "link": "https://www.sec.gov/Archives/edgar/data/1751788/000175178824000150/0001751788-24-000150-index.htm",
    "finalLink": "https://www.sec.gov/Archives/edgar/data/29915/000175178824000150/dow-20240930.htm"
  },
  {
    "date": "2024-06-30",
    "symbol": "DOW",
    "reportedCurrency": "USD",
    "cik": "0001751788",
    "fillingDate": "2024-07-26",
    "acceptedDate": "2024-07-26 08:01:22",
    "calendarYear": "2024",
    "period": "Q2",
    "revenue": 10915000000,
    "costOfRevenue": 9673000000,
    "grossProfit": 1242000000,
    "grossProfitRatio": 0.1137883646,
    "researchAndDevelopmentExpenses": 196000000,
    "generalAndAdministrativeExpenses": 0,
    "sellingAndMarketingExpenses": 0,
    "sellingGeneralAndAdministrativeExpenses": 390000000,
    "otherExpenses": 0,
    "operatingExpenses": 586000000,
    "costAndExpenses": 10259000000,
    "interestIncome": 42000000,
    "interestExpense": 191000000,
    "depreciationAndAmortization": 682000000,
    "ebitda": 1481000000,
    "ebitdaratio": 0.1356848374,
    "operatingIncome": 656000000,
    "operatingIncomeRatio": 0.0601007787,
    "totalOtherIncomeExpensesNet": -48000000,
    "incomeBeforeTax": 608000000,
    "incomeBeforeTaxRatio": 0.0557031608,
    "incomeTaxExpense": 150000000,
    "netIncome": 439000000,
    "netIncomeRatio": 0.0402198809,
    "eps": 0.62,
    "epsdiluted": 0.62,
    "weightedAverageShsOut": 703800000,
    "weightedAverageShsOutDil": 705300000,
    "link": "https://www.sec.gov/Archives/edgar/data/1751788/000175178824000138/0001751788-24-000138-index.htm",
    "finalLink": "https://www.sec.gov/Archives/edgar/data/29915/000175178824000138/dow-20240630.htm"
  },
  {
    "date": "2024-03-31",
    "symbol": "DOW",
    "reportedCurrency": "USD",
    "cik": "0001751788",
    "fillingDate": "2024-04-26",
    "acceptedDate": "2024-04-26 08:01:27",
    "calendarYear": "2024",
    "period": "Q1",
    "revenue": 10765000000,
    "costOfRevenue": 9415000000,
    "grossProfit": 1350000000,
    "grossProfitRatio": 0.1254064097,
    "researchAndDevelopmentExpenses": 204000000,
    "generalAndAdministrativeExpenses": 0,
    "sellingAndMarketingExpenses": 0,
    "sellingGeneralAndAdministrativeExpenses": 442000000,
    "otherExpenses": 0,
    "operatingExpenses": 646000000,
    "costAndExpenses": 10061000000,
    "interestIncome": 65000000,
    "interestExpense": 197000000,
    "depreciationAndAmortization": 720000000,
    "ebitda": 1366000000,
    "ebitdaratio": 0.1268927078,
    "operatingIncome": 704000000,
    "operatingIncomeRatio": 0.0653971203,
    "totalOtherIncomeExpensesNet": -255000000,
    "incomeBeforeTax": 449000000,
    "incomeBeforeTaxRatio": 0.0417092429,
    "incomeTaxExpense": -89000000,
    "netIncome": 516000000,
    "netIncomeRatio": 0.0479331166,
    "eps": 0.73,
    "epsdiluted": 0.73,
    "weightedAverageShsOut": 704500000,
    "weightedAverageShsOutDil": 705500000,
    "link": "https://www.sec.gov/Archives/edgar/data/1751788/000175178824000129/0001751788-24-000129-index.htm",
    "finalLink": "https://www.sec.gov/Archives/edgar/data/29915/000175178824000129/dow-20240331.htm"
  },
  {
    "date": "2023-12-31",
    "symbol": "DOW",
    "reportedCurrency": "USD",
    "cik": "0001751788",
    "fillingDate": "2024-01-31",
    "acceptedDate": "2024-01-31 07:45:34",
    "calendarYear": "2023",
    "period": "Q4",
    "revenue": 10621000000,
    "costOfRevenue": 9645000000,
    "grossProfit": 976000000,
    "grossProfitRatio": 0.0918934187,
    "researchAndDevelopmentExpenses": 213000000,
    "generalAndAdministrativeExpenses": 0,
    "sellingAndMarketingExpenses": 0,
    "sellingGeneralAndAdministrativeExpenses": 411000000,
    "otherExpenses": 0,
    "operatingExpenses": 624000000,
    "costAndExpenses": 10269000000,
    "interestIncome": 43000000,
    "interestExpense": 197000000,
    "depreciationAndAmortization": 657000000,
    "ebitda": 502000000,
    "ebitdaratio": 0.0472648527,
    "operatingIncome": 352000000,
    "operatingIncomeRatio": 0.0331418887,
    "totalOtherIncomeExpensesNet": -704000000,
    "incomeBeforeTax": -352000000,
    "incomeBeforeTaxRatio": -0.0331418887,
    "incomeTaxExpense": -257000000,
    "netIncome": -105000000,
    "netIncomeRatio": -0.0098860748,
    "eps": -0.15,
    "epsdiluted": -0.15,
    "weightedAverageShsOut": 703600000,
    "weightedAverageShsOutDil": 703600000,
    "link": "https://www.sec.gov/Archives/edgar/data/1751788/000175178824000010/0001751788-24-000010-index.htm",
    "finalLink": "https://www.sec.gov/Archives/edgar/data/29915/000175178824000010/dow-20231231.htm"
  },
  {
    "date": "2023-09-30",
    "symbol": "DOW",
    "reportedCurrency": "USD",
    "cik": "0001751788",
    "fillingDate": "2023-10-25",
    "acceptedDate": "2023-10-25 07:58:59",
    "calendarYear": "2023",
    "period": "Q3",
    "revenue": 10730000000,
    "costOfRevenue": 9614000000,
    "grossProfit": 1116000000,
    "grossProfitRatio": 0.1040074557,
    "researchAndDevelopmentExpenses": 197000000,
    "generalAndAdministrativeExpenses": 0,
    "sellingAndMarketingExpenses": 0,
    "sellingGeneralAndAdministrativeExpenses": 380000000,
    "otherExpenses": 0,
    "operatingExpenses": 577000000,
    "costAndExpenses": 10191000000,
    "interestIncome": 44000000,
    "interestExpense": 189000000,
    "depreciationAndAmortization": 657000000,
    "ebitda": 1263000000,
    "ebitdaratio": 0.1177073625,
    "operatingIncome": 539000000,
    "operatingIncomeRatio": 0.0502329916,
    "totalOtherIncomeExpensesNet": -122000000,
    "incomeBeforeTax": 417000000,
    "incomeBeforeTaxRatio": 0.0388630009,
    "incomeTaxExpense": 90000000,
    "netIncome": 302000000,
    "netIncomeRatio": 0.0281453868,
    "eps": 0.43,
    "epsdiluted": 0.42,
    "weightedAverageShsOut": 704000000,
    "weightedAverageShsOutDil": 707500000,
    "link": "https://www.sec.gov/Archives/edgar/data/1751788/000175178823000140/0001751788-23-000140-index.htm",
    "finalLink": "https://www.sec.gov/Archives/edgar/data/29915/000175178823000140/dow-20230930.htm"
  },
  {
    "date": "2023-06-30",
    "symbol": "DOW",
    "reportedCurrency": "USD",
    "cik": "0001751788",
    "fillingDate": "2023-07-26",
    "acceptedDate": "2023-07-26 07:47:18",
    "calendarYear": "2023",
    "period": "Q2",
    "revenue": 11420000000,
    "costOfRevenue": 9917000000,
    "grossProfit": 1503000000,
    "grossProfitRatio": 0.1316112084,
    "researchAndDevelopmentExpenses": 205000000,
    "generalAndAdministrativeExpenses": 0,
    "sellingAndMarketingExpenses": 0,
    "sellingGeneralAndAdministrativeExpenses": 408000000,
    "otherExpenses": 0,
    "operatingExpenses": 613000000,
    "costAndExpenses": 10530000000,
    "interestIncome": 66000000,
    "interestExpense": 171000000,
    "depreciationAndAmortization": 649000000,
    "ebitda": 1531000000,
    "ebitdaratio": 0.1340630473,
    "operatingIncome": 890000000,
    "operatingIncomeRatio": 0.0779334501,
    "totalOtherIncomeExpensesNet": -179000000,
    "incomeBeforeTax": 711000000,
    "incomeBeforeTaxRatio": 0.0622591944,
    "incomeTaxExpense": 210000000,
    "netIncome": 485000000,
    "netIncomeRatio": 0.042469352,
    "eps": 0.68,
    "epsdiluted": 0.68,
    "weightedAverageShsOut": 707000000,
    "weightedAverageShsOutDil": 709900000,
    "link": "https://www.sec.gov/Archives/edgar/data/1751788/000175178823000128/0001751788-23-000128-index.htm",
    "finalLink": "https://www.sec.gov/Archives/edgar/data/29915/000175178823000128/dow-20230630.htm"
  },
  {
    "date": "2023-03-31",
    "symbol": "DOW",
    "reportedCurrency": "USD",
    "cik": "0001751788",
    "fillingDate": "2023-04-26",
    "acceptedDate": "2023-04-26 07:36:12",
    "calendarYear": "2023",
    "period": "Q1",
    "revenue": 11851000000,
    "costOfRevenue": 10596000000,
    "grossProfit": 1255000000,
    "grossProfitRatio": 0.1058982364,
    "researchAndDevelopmentExpenses": 214000000,
    "generalAndAdministrativeExpenses": 0,
    "sellingAndMarketingExpenses": 0,
    "sellingGeneralAndAdministrativeExpenses": 428000000,
    "otherExpenses": 0,
    "operatingExpenses": 642000000,
    "costAndExpenses": 11238000000,
    "interestIncome": 76000000,
    "interestExpense": 183000000,
    "depreciationAndAmortization": 648000000,
    "ebitda": 711000000,
    "ebitdaratio": 0.0599949371,
    "operatingIncome": 613000000,
    "operatingIncomeRatio": 0.0517255928,
    "totalOtherIncomeExpensesNet": -733000000,
    "incomeBeforeTax": -120000000,
    "incomeBeforeTaxRatio": -0.0101257278,
    "incomeTaxExpense": -47000000,
    "netIncome": -93000000,
    "netIncomeRatio": -0.007847439,
    "eps": -0.13,
    "epsdiluted": -0.13,
    "weightedAverageShsOut": 708200000,
    "weightedAverageShsOutDil": 708200000,
    "link": "https://www.sec.gov/Archives/edgar/data/1751788/000175178823000116/0001751788-23-000116-index.htm",
    "finalLink": "https://www.sec.gov/Archives/edgar/data/29915/000175178823000116/dow-20230331.htm"
  },
  {
    "date": "2022-12-31",
    "symbol": "DOW",
    "reportedCurrency": "USD",
    "cik": "0001751788",
    "fillingDate": "2023-02-01",
    "acceptedDate": "2023-02-01 07:25:18",
    "calendarYear": "2022",
    "period": "Q4",
    "revenue": 11859000000,
    "costOfRevenue": 10838000000,
    "grossProfit": 1021000000,
    "grossProfitRatio": 0.086094949,
    "researchAndDevelopmentExpenses": 225000000,
    "generalAndAdministrativeExpenses": 0,
    "sellingAndMarketingExpenses": 0,
    "sellingGeneralAndAdministrativeExpenses": 386000000,
    "otherExpenses": 0,
    "operatingExpenses": 611000000,
    "costAndExpenses": 11449000000,
    "interestIncome": 68000000,
    "interestExpense": 173000000,
    "depreciationAndAmortization": 654000000,
    "ebitda": 1692000000,
    "ebitdaratio": 0.1426764483,
    "operatingIncome": 410000000,
    "operatingIncomeRatio": 0.0345728982,
    "totalOtherIncomeExpensesNet": 455000000,
    "incomeBeforeTax": 865000000,
    "incomeBeforeTaxRatio": 0.0729403828,
    "incomeTaxExpense": 218000000,
    "netIncome": 613000000,
    "netIncomeRatio": 0.051690699,
    "eps": 0.86,
    "epsdiluted": 0.86,
    "weightedAverageShsOut": 709200000,
    "weightedAverageShsOutDil": 713000000,
    "link": "https://www.sec.gov/Archives/edgar/data/1751788/000175178823000014/0001751788-23-000014-index.htm",
    "finalLink": "https://www.sec.gov/Archives/edgar/data/29915/000175178823000014/dow-20221231.htm"
  },
  {
    "date": "2022-09-30",
    "symbol": "DOW",
    "reportedCurrency": "USD",
    "cik": "0001751788",
    "fillingDate": "2022-10-21",
    "acceptedDate": "2022-10-21 07:46:16",
    "calendarYear": "2022",
    "period": "Q3",
    "revenue": 14115000000,
    "costOfRevenue": 12557000000,
    "grossProfit": 1558000000,
    "grossProfitRatio": 0.1103790294,
    "researchAndDevelopmentExpenses": 191000000,
    "generalAndAdministrativeExpenses": 0,
    "sellingAndMarketingExpenses": 0,
    "sellingGeneralAndAdministrativeExpenses": 356000000,
    "otherExpenses": 0,
    "operatingExpenses": 547000000,
    "costAndExpenses": 13104000000,
    "interestIncome": 41000000,
    "interestExpense": 152000000,
    "depreciationAndAmortization": 668000000,
    "ebitda": 1821000000,
    "ebitdaratio": 0.1290116897,
    "operatingIncome": 1011000000,
    "operatingIncomeRatio": 0.0716259299,
    "totalOtherIncomeExpensesNet": -10000000,
    "incomeBeforeTax": 1001000000,
    "incomeBeforeTaxRatio": 0.0709174637,
    "incomeTaxExpense": 241000000,
    "netIncome": 739000000,
    "netIncomeRatio": 0.05235565,
    "eps": 1.03,
    "epsdiluted": 1.03,
    "weightedAverageShsOut": 714300000,
    "weightedAverageShsOutDil": 718100000,
    "link": "https://www.sec.gov/Archives/edgar/data/1751788/000175178822000131/0001751788-22-000131-index.htm",
    "finalLink": "https://www.sec.gov/Archives/edgar/data/29915/000175178822000131/dow-20220930.htm"
  },
  {
    "date": "2022-06-30",
    "symbol": "DOW",
    "reportedCurrency": "USD",
    "cik": "0001751788",
    "fillingDate": "2022-07-22",
    "acceptedDate": "2022-07-22 07:55:17",
    "calendarYear": "2022",
    "period": "Q2",
    "revenue": 15664000000,
    "costOfRevenue": 13101000000,
    "grossProfit": 2563000000,
    "grossProfitRatio": 0.1636235955,
    "researchAndDevelopmentExpenses": 217000000,
    "generalAndAdministrativeExpenses": 0,
    "sellingAndMarketingExpenses": 0,
    "sellingGeneralAndAdministrativeExpenses": 435000000,
    "otherExpenses": 0,
    "operatingExpenses": 652000000,
    "costAndExpenses": 13753000000,
    "interestIncome": 36000000,
    "interestExpense": 163000000,
    "depreciationAndAmortization": 684000000,
    "ebitda": 3016000000,
    "ebitdaratio": 0.1925434116,
    "operatingIncome": 1911000000,
    "operatingIncomeRatio": 0.1219994893,
    "totalOtherIncomeExpensesNet": 258000000,
    "incomeBeforeTax": 2169000000,
    "incomeBeforeTaxRatio": 0.1384703779,
    "incomeTaxExpense": 488000000,
    "netIncome": 1661000000,
    "netIncomeRatio": 0.1060393258,
    "eps": 2.29,
    "epsdiluted": 2.27,
    "weightedAverageShsOut": 725700000,
    "weightedAverageShsOutDil": 731500000,
    "link": "https://www.sec.gov/Archives/edgar/data/1751788/000175178822000123/0001751788-22-000123-index.htm",
    "finalLink": "https://www.sec.gov/Archives/edgar/data/29915/000175178822000123/dow-20220630.htm"
  },
  {
    "date": "2022-03-31",
    "symbol": "DOW",
    "reportedCurrency": "USD",
    "cik": "0001751788",
    "fillingDate": "2022-04-22",
    "acceptedDate": "2022-04-22 07:55:15",
    "calendarYear": "2022",
    "period": "Q1",
    "revenue": 15264000000,
    "costOfRevenue": 12431000000,
    "grossProfit": 2833000000,
    "grossProfitRatio": 0.1856001048,
    "researchAndDevelopmentExpenses": 218000000,
    "generalAndAdministrativeExpenses": 0,
    "sellingAndMarketingExpenses": 0,
    "sellingGeneralAndAdministrativeExpenses": 498000000,
    "otherExpenses": 0,
    "operatingExpenses": 716000000,
    "costAndExpenses": 13147000000,
    "interestIncome": 28000000,
    "interestExpense": 163000000,
    "depreciationAndAmortization": 752000000,
    "ebitda": 2970000000,
    "ebitdaratio": 0.1945754717,
    "operatingIncome": 2117000000,
    "operatingIncomeRatio": 0.138692348,
    "totalOtherIncomeExpensesNet": -62000000,
    "incomeBeforeTax": 2055000000,
    "incomeBeforeTaxRatio": 0.1346305031,
    "incomeTaxExpense": 503000000,
    "netIncome": 1569000000,
    "netIncomeRatio": 0.1027908805,
    "eps": 2.14,
    "epsdiluted": 2.12,
    "weightedAverageShsOut": 734600000,
    "weightedAverageShsOutDil": 739800000,
    "link": "https://www.sec.gov/Archives/edgar/data/1751788/000175178822000104/0001751788-22-000104-index.htm",
    "finalLink": "https://www.sec.gov/Archives/edgar/data/29915/000175178822000104/dow-20220331.htm"
  },
  {
    "date": "2021-12-31",
    "symbol": "DOW",
    "reportedCurrency": "USD",
    "cik": "0001751788",
    "fillingDate": "2022-02-04",
    "acceptedDate": "2022-02-04 07:56:51",
    "calendarYear": "2021",
    "period": "Q4",
    "revenue": 14364000000,
    "costOfRevenue": 11896000000,
    "grossProfit": 2468000000,
    "grossProfitRatio": 0.171818435,
    "researchAndDevelopmentExpenses": 225000000,
    "generalAndAdministrativeExpenses": 0,
    "sellingAndMarketingExpenses": 0,
    "sellingGeneralAndAdministrativeExpenses": 436000000,
    "otherExpenses": 0,
    "operatingExpenses": 661000000,
    "costAndExpenses": 12557000000,
    "interestIncome": 20000000,
    "interestExpense": 165000000,
    "depreciationAndAmortization": 655000000,
    "ebitda": 2938000000,
    "ebitdaratio": 0.2045391256,
    "operatingIncome": 1807000000,
    "operatingIncomeRatio": 0.1258006126,
    "totalOtherIncomeExpensesNet": 311000000,
    "incomeBeforeTax": 2118000000,
    "incomeBeforeTaxRatio": 0.1474519632,
    "incomeTaxExpense": 357000000,
    "netIncome": 1736000000,
    "netIncomeRatio": 0.1208576998,
    "eps": 2.34,
    "epsdiluted": 2.32,
    "weightedAverageShsOut": 738100000,
    "weightedAverageShsOutDil": 743300000,
    "link": "https://www.sec.gov/Archives/edgar/data/1751788/000175178822000011/0001751788-22-000011-index.htm",
    "finalLink": "https://www.sec.gov/Archives/edgar/data/29915/000175178822000011/dow-20211231.htm"
  },
  {
    "date": "2021-09-30",
    "symbol": "DOW",
    "reportedCurrency": "USD",
    "cik": "0001751788",
    "fillingDate": "2021-10-22",
    "acceptedDate": "2021-10-22 07:51:37",
    "calendarYear": "2021",
    "period": "Q3",
    "revenue": 14837000000,
    "costOfRevenue": 11717000000,
    "grossProfit": 3120000000,
    "grossProfitRatio": 0.2102850981,
    "researchAndDevelopmentExpenses": 210000000,
    "generalAndAdministrativeExpenses": 0,
    "sellingAndMarketingExpenses": 0,
    "sellingGeneralAndAdministrativeExpenses": 403000000,
    "otherExpenses": 0,
    "operatingExpenses": 613000000,
    "costAndExpenses": 12330000000,
    "interestIncome": 14000000,
    "interestExpense": 174000000,
    "depreciationAndAmortization": 725000000,
    "ebitda": 3147000000,
    "ebitdaratio": 0.212104873,
    "operatingIncome": 2507000000,
    "operatingIncomeRatio": 0.1689694682,
    "totalOtherIncomeExpensesNet": -259000000,
    "incomeBeforeTax": 2248000000,
    "incomeBeforeTaxRatio": 0.1515131091,
    "incomeTaxExpense": 542000000,
    "netIncome": 1683000000,
    "netIncomeRatio": 0.1134326346,
    "eps": 2.25,
    "epsdiluted": 2.23,
    "weightedAverageShsOut": 744500000,
    "weightedAverageShsOutDil": 750000000,
    "link": "https://www.sec.gov/Archives/edgar/data/1751788/000175178821000130/0001751788-21-000130-index.htm",
    "finalLink": "https://www.sec.gov/Archives/edgar/data/29915/000175178821000130/dow-20210930.htm"
  },
  {
    "date": "2021-06-30",
    "symbol": "DOW",
    "reportedCurrency": "USD",
    "cik": "0001751788",
    "fillingDate": "2021-07-23",
    "acceptedDate": "2021-07-23 07:45:04",
    "calendarYear": "2021",
    "period": "Q2",
    "revenue": 13885000000,
    "costOfRevenue": 10829000000,
    "grossProfit": 3056000000,
    "grossProfitRatio": 0.2200936262,
    "researchAndDevelopmentExpenses": 228000000,
    "generalAndAdministrativeExpenses": 0,
    "sellingAndMarketingExpenses": 0,
    "sellingGeneralAndAdministrativeExpenses": 440000000,
    "otherExpenses": 0,
    "operatingExpenses": 668000000,
    "costAndExpenses": 11497000000,
    "interestIncome": 13000000,
    "interestExpense": 184000000,
    "depreciationAndAmortization": 745000000,
    "ebitda": 3385000000,
    "ebitdaratio": 0.2437882607,
    "operatingIncome": 2388000000,
    "operatingIncomeRatio": 0.1719841556,
    "totalOtherIncomeExpensesNet": 68000000,
    "incomeBeforeTax": 2456000000,
    "incomeBeforeTaxRatio": 0.1768815268,
    "incomeTaxExpense": 524000000,
    "netIncome": 1901000000,
    "netIncomeRatio": 0.1369103349,
    "eps": 2.53,
    "epsdiluted": 2.51,
    "weightedAverageShsOut": 747000000,
    "weightedAverageShsOutDil": 752900000,
    "link": "https://www.sec.gov/Archives/edgar/data/1751788/000175178821000123/0001751788-21-000123-index.htm",
    "finalLink": "https://www.sec.gov/Archives/edgar/data/29915/000175178821000123/dow-20210630.htm"
  },
  {
    "date": "2021-03-31",
    "symbol": "DOW",
    "reportedCurrency": "USD",
    "cik": "0001751788",
    "fillingDate": "2021-04-23",
    "acceptedDate": "2021-04-23 08:02:50",
    "calendarYear": "2021",
    "period": "Q1",
    "revenue": 11882000000,
    "costOfRevenue": 10138000000,
    "grossProfit": 1744000000,
    "grossProfitRatio": 0.1467766369,
    "researchAndDevelopmentExpenses": 194000000,
    "generalAndAdministrativeExpenses": 0,
    "sellingAndMarketingExpenses": 0,
    "sellingGeneralAndAdministrativeExpenses": 366000000,
    "otherExpenses": 0,
    "operatingExpenses": 560000000,
    "costAndExpenses": 10698000000,
    "interestIncome": 8000000,
    "interestExpense": 166000000,
    "depreciationAndAmortization": 717000000,
    "ebitda": 2206000000,
    "ebitdaratio": 0.18565898,
    "operatingIncome": 1184000000,
    "operatingIncomeRatio": 0.0996465242,
    "totalOtherIncomeExpensesNet": 139000000,
    "incomeBeforeTax": 1323000000,
    "incomeBeforeTaxRatio": 0.1113448914,
    "incomeTaxExpense": 317000000,
    "netIncome": 991000000,
    "netIncomeRatio": 0.0834034674,
    "eps": 1.32,
    "epsdiluted": 1.32,
    "weightedAverageShsOut": 744800000,
    "weightedAverageShsOutDil": 749800000,
    "link": "https://www.sec.gov/Archives/edgar/data/1751788/000175178821000105/0001751788-21-000105-index.htm",
    "finalLink": "https://www.sec.gov/Archives/edgar/data/29915/000175178821000105/dow-20210331.htm"
  },
  {
    "date": "2020-12-31",
    "symbol": "DOW",
    "reportedCurrency": "USD",
    "cik": "0001751788",
    "fillingDate": "2021-02-05",
    "acceptedDate": "2021-02-05 08:26:48",
    "calendarYear": "2020",
    "period": "Q4",
    "revenue": 10706000000,
    "costOfRevenue": 9233000000,
    "grossProfit": 1473000000,
    "grossProfitRatio": 0.1375864001,
    "researchAndDevelopmentExpenses": 214000000,
    "generalAndAdministrativeExpenses": 0,
    "sellingAndMarketingExpenses": 0,
    "sellingGeneralAndAdministrativeExpenses": 408000000,
    "otherExpenses": 0,
    "operatingExpenses": 622000000,
    "costAndExpenses": 9855000000,
    "interestIncome": 11000000,
    "interestExpense": 248000000,
    "depreciationAndAmortization": 659000000,
    "ebitda": 2723000000,
    "ebitdaratio": 0.2543433589,
    "operatingIncome": 851000000,
    "operatingIncomeRatio": 0.0794881375,
    "totalOtherIncomeExpensesNet": 965000000,
    "incomeBeforeTax": 1816000000,
    "incomeBeforeTaxRatio": 0.1696245096,
    "incomeTaxExpense": 562000000,
    "netIncome": 1236000000,
    "netIncomeRatio": 0.1154492808,
    "eps": 1.66,
    "epsdiluted": 1.65,
    "weightedAverageShsOut": 742100000,
    "weightedAverageShsOutDil": 745000000,
    "link": "https://www.sec.gov/Archives/edgar/data/1751788/000175178821000010/0001751788-21-000010-index.htm",
    "finalLink": "https://www.sec.gov/Archives/edgar/data/29915/000175178821000010/dow-20201231.htm"
  },
  {
    "date": "2020-09-30",
    "symbol": "DOW",
    "reportedCurrency": "USD",
    "cik": "0001751788",
    "fillingDate": "2020-10-23",
    "acceptedDate": "2020-10-23 07:56:01",
    "calendarYear": "2020",
    "period": "Q3",
    "revenue": 9712000000,
    "costOfRevenue": 8459000000,
    "grossProfit": 1253000000,
    "grossProfitRatio": 0.1290156507,
    "researchAndDevelopmentExpenses": 193000000,
    "generalAndAdministrativeExpenses": 0,
    "sellingAndMarketingExpenses": 0,
    "sellingGeneralAndAdministrativeExpenses": 372000000,
    "otherExpenses": 0,
    "operatingExpenses": 565000000,
    "costAndExpenses": 9024000000,
    "interestIncome": 6000000,
    "interestExpense": 199000000,
    "depreciationAndAmortization": 724000000,
    "ebitda": 965000000,
    "ebitdaratio": 0.0993616145,
    "operatingIncome": 688000000,
    "operatingIncomeRatio": 0.0708401977,
    "totalOtherIncomeExpensesNet": -646000000,
    "incomeBeforeTax": 42000000,
    "incomeBeforeTaxRatio": 0.004324547,
    "incomeTaxExpense": 43000000,
    "netIncome": -25000000,
    "netIncomeRatio": -0.0025741351,
    "eps": -0.0338,
    "epsdiluted": -0.0338,
    "weightedAverageShsOut": 740500000,
    "weightedAverageShsOutDil": 740500000,
    "link": "https://www.sec.gov/Archives/edgar/data/1751788/000175178820000034/0001751788-20-000034-index.htm",
    "finalLink": "https://www.sec.gov/Archives/edgar/data/29915/000175178820000034/dow-20200930.htm"
  },
  {
    "date": "2020-06-30",
    "symbol": "DOW",
    "reportedCurrency": "USD",
    "cik": "0001751788",
    "fillingDate": "2020-07-24",
    "acceptedDate": "2020-07-24 08:10:38",
    "calendarYear": "2020",
    "period": "Q2",
    "revenue": 8354000000,
    "costOfRevenue": 7704000000,
    "grossProfit": 650000000,
    "grossProfitRatio": 0.0778070385,
    "researchAndDevelopmentExpenses": 182000000,
    "generalAndAdministrativeExpenses": 0,
    "sellingAndMarketingExpenses": 0,
    "sellingGeneralAndAdministrativeExpenses": 357000000,
    "otherExpenses": 0,
    "operatingExpenses": 539000000,
    "costAndExpenses": 8243000000,
    "interestIncome": 6000000,
    "interestExpense": 199000000,
    "depreciationAndAmortization": 700000000,
    "ebitda": 716000000,
    "ebitdaratio": 0.0857074455,
    "operatingIncome": 111000000,
    "operatingIncomeRatio": 0.0132870481,
    "totalOtherIncomeExpensesNet": -294000000,
    "incomeBeforeTax": -183000000,
    "incomeBeforeTaxRatio": -0.0219056739,
    "incomeTaxExpense": 34000000,
    "netIncome": -225000000,
    "netIncomeRatio": -0.0269332056,
    "eps": -0.31,
    "epsdiluted": -0.3,
    "weightedAverageShsOut": 732258064,
    "weightedAverageShsOutDil": 739300000,
    "link": "https://www.sec.gov/Archives/edgar/data/1751788/000175178820000024/0001751788-20-000024-index.htm",
    "finalLink": "https://www.sec.gov/Archives/edgar/data/29915/000175178820000024/dow-20200630.htm"
  },
  {
    "date": "2020-03-31",
    "symbol": "DOW",
    "reportedCurrency": "USD",
    "cik": "0001751788",
    "fillingDate": "2020-05-01",
    "acceptedDate": "2020-05-01 08:09:26",
    "calendarYear": "2020",
    "period": "Q1",
    "revenue": 9770000000,
    "costOfRevenue": 8334000000,
    "grossProfit": 1436000000,
    "grossProfitRatio": 0.1469805527,
    "researchAndDevelopmentExpenses": 179000000,
    "generalAndAdministrativeExpenses": 0,
    "sellingAndMarketingExpenses": 0,
    "sellingGeneralAndAdministrativeExpenses": 334000000,
    "otherExpenses": 0,
    "operatingExpenses": 513000000,
    "costAndExpenses": 8847000000,
    "interestIncome": 15000000,
    "interestExpense": 233000000,
    "depreciationAndAmortization": 724000000,
    "ebitda": 1353000000,
    "ebitdaratio": 0.1384851586,
    "operatingIncome": 923000000,
    "operatingIncomeRatio": 0.0944728762,
    "totalOtherIncomeExpensesNet": -527000000,
    "incomeBeforeTax": 396000000,
    "incomeBeforeTaxRatio": 0.0405322416,
    "incomeTaxExpense": 138000000,
    "netIncome": 239000000,
    "netIncomeRatio": 0.0244626407,
    "eps": 0.32,
    "epsdiluted": 0.32,
    "weightedAverageShsOut": 740200000,
    "weightedAverageShsOutDil": 742000000,
    "link": "https://www.sec.gov/Archives/edgar/data/1751788/000175178820000014/0001751788-20-000014-index.htm",
    "finalLink": "https://www.sec.gov/Archives/edgar/data/29915/000175178820000014/dow-20200331.htm"
  },
  {
    "date": "2019-12-31",
    "symbol": "DOW",
    "reportedCurrency": "USD",
    "cik": "0001751788",
    "fillingDate": "2020-02-07",
    "acceptedDate": "2020-02-07 09:13:19",
    "calendarYear": "2019",
    "period": "Q4",
    "revenue": 10204000000,
    "costOfRevenue": 8817000000,
    "grossProfit": 1387000000,
    "grossProfitRatio": 0.1359270874,
    "researchAndDevelopmentExpenses": 173000000,
    "generalAndAdministrativeExpenses": 0,
    "sellingAndMarketingExpenses": 0,
    "sellingGeneralAndAdministrativeExpenses": 332000000,
    "otherExpenses": 0,
    "operatingExpenses": 505000000,
    "costAndExpenses": 9322000000,
    "interestIncome": 23000000,
    "interestExpense": 222000000,
    "depreciationAndAmortization": 713000000,
    "ebitda": -1314000000,
    "ebitdaratio": -0.1287730302,
    "operatingIncome": 882000000,
    "operatingIncomeRatio": 0.0864366915,
    "totalOtherIncomeExpensesNet": -3078000000,
    "incomeBeforeTax": -2196000000,
    "incomeBeforeTaxRatio": -0.2152097217,
    "incomeTaxExpense": 114000000,
    "netIncome": -2323000000,
    "netIncomeRatio": -0.2276558212,
    "eps": -3.14,
    "epsdiluted": -3.14,
    "weightedAverageShsOut": 740100000,
    "weightedAverageShsOutDil": 740200000,
    "link": "https://www.sec.gov/Archives/edgar/data/1751788/000175178820000007/0001751788-20-000007-index.htm",
    "finalLink": "https://www.sec.gov/Archives/edgar/data/29915/000175178820000007/dowinc201910k.htm"
  },
  {
    "date": "2019-09-30",
    "symbol": "DOW",
    "reportedCurrency": "USD",
    "cik": "0001751788",
    "fillingDate": "2019-10-25",
    "acceptedDate": "2019-10-25 08:02:31",
    "calendarYear": "2019",
    "period": "Q3",
    "revenue": 10764000000,
    "costOfRevenue": 9477000000,
    "grossProfit": 1287000000,
    "grossProfitRatio": 0.1195652174,
    "researchAndDevelopmentExpenses": 194000000,
    "generalAndAdministrativeExpenses": 0,
    "sellingAndMarketingExpenses": 0,
    "sellingGeneralAndAdministrativeExpenses": 388000000,
    "otherExpenses": 0,
    "operatingExpenses": 582000000,
    "costAndExpenses": 10059000000,
    "interestIncome": 19000000,
    "interestExpense": 233000000,
    "depreciationAndAmortization": 100000000,
    "ebitda": 1333000000,
    "ebitdaratio": 0.1238387217,
    "operatingIncome": 705000000,
    "operatingIncomeRatio": 0.0654960981,
    "totalOtherIncomeExpensesNet": -268000000,
    "incomeBeforeTax": 437000000,
    "incomeBeforeTaxRatio": 0.0405982906,
    "incomeTaxExpense": 90000000,
    "netIncome": 333000000,
    "netIncomeRatio": 0.0309364548,
    "eps": 0.45,
    "epsdiluted": 0.45,
    "weightedAverageShsOut": 739800000,
    "weightedAverageShsOutDil": 743000000,
    "link": "https://www.sec.gov/Archives/edgar/data/1751788/000175178819000031/0001751788-19-000031-index.htm",
    "finalLink": "https://www.sec.gov/Archives/edgar/data/29915/000175178819000031/dowinc-q3x9302019.htm"
  },
  {
    "date": "2019-06-30",
    "symbol": "DOW",
    "reportedCurrency": "USD",
    "cik": "0001751788",
    "fillingDate": "2019-07-25",
    "acceptedDate": "2019-07-25 16:45:11",
    "calendarYear": "2019",
    "period": "Q2",
    "revenue": 11014000000,
    "costOfRevenue": 9524000000,
    "grossProfit": 1490000000,
    "grossProfitRatio": 0.1352823679,
    "researchAndDevelopmentExpenses": 208000000,
    "generalAndAdministrativeExpenses": 0,
    "sellingAndMarketingExpenses": 0,
    "sellingGeneralAndAdministrativeExpenses": 422000000,
    "otherExpenses": 0,
    "operatingExpenses": 630000000,
    "costAndExpenses": 10154000000,
    "interestIncome": 21000000,
    "interestExpense": 237000000,
    "depreciationAndAmortization": 646000000,
    "ebitda": 1117000000,
    "ebitdaratio": 0.1014163792,
    "operatingIncome": 860000000,
    "operatingIncomeRatio": 0.0780824405,
    "totalOtherIncomeExpensesNet": -645000000,
    "incomeBeforeTax": 215000000,
    "incomeBeforeTaxRatio": 0.0195206101,
    "incomeTaxExpense": 125000000,
    "netIncome": 75000000,
    "netIncomeRatio": 0.0068095152,
    "eps": 0.1,
    "epsdiluted": 0.1,
    "weightedAverageShsOut": 742800000,
    "weightedAverageShsOutDil": 747900000,
    "link": "https://www.sec.gov/Archives/edgar/data/1751788/000175178819000023/0001751788-19-000023-index.htm",
    "finalLink": "https://www.sec.gov/Archives/edgar/data/29915/000175178819000023/dowinc-q2x6302019.htm"
  },
  {
    "date": "2019-03-31",
    "symbol": "DOW",
    "reportedCurrency": "USD",
    "cik": "0001751788",
    "fillingDate": "2019-05-03",
    "acceptedDate": "2019-05-03 09:02:23",
    "calendarYear": "2019",
    "period": "Q1",
    "revenue": 13582000000,
    "costOfRevenue": 9254000000,
    "grossProfit": 1715000000,
    "grossProfitRatio": 0.1262700633,
    "researchAndDevelopmentExpenses": 361000000,
    "generalAndAdministrativeExpenses": 0,
    "sellingAndMarketingExpenses": 0,
    "sellingGeneralAndAdministrativeExpenses": 448000000,
    "otherExpenses": 0,
    "operatingExpenses": 638000000,
    "costAndExpenses": 9892000000,
    "interestIncome": 24000000,
    "interestExpense": 241000000,
    "depreciationAndAmortization": 840000000,
    "ebitda": 1281000000,
    "ebitdaratio": 0.0943160065,
    "operatingIncome": 1077000000,
    "operatingIncomeRatio": 0.0792961272,
    "totalOtherIncomeExpensesNet": -780000000,
    "incomeBeforeTax": 858000000,
    "incomeBeforeTaxRatio": 0.0631718451,
    "incomeTaxExpense": 272000000,
    "netIncome": 541000000,
    "netIncomeRatio": 0.0398321308,
    "eps": 0.74,
    "epsdiluted": 0.74,
    "weightedAverageShsOut": 747200000,
    "weightedAverageShsOutDil": 747200000,
    "link": "https://www.sec.gov/Archives/edgar/data/1751788/000175178819000009/0001751788-19-000009-index.htm",
    "finalLink": "https://www.sec.gov/Archives/edgar/data/29915/000175178819000009/dowinc-q1x3312019.htm"
  },
  {
    "date": "2018-12-31",
    "symbol": "DOW",
    "reportedCurrency": "USD",
    "cik": "0001751788",
    "fillingDate": "2019-02-11",
    "acceptedDate": "2019-02-11 10:35:48",
    "calendarYear": "2018",
    "period": "Q4",
    "revenue": 22618000000,
    "costOfRevenue": 16729000000,
    "grossProfit": 5889000000,
    "grossProfitRatio": 0.2603678486,
    "researchAndDevelopmentExpenses": 914000000,
    "generalAndAdministrativeExpenses": 1470000000,
    "sellingAndMarketingExpenses": 0,
    "sellingGeneralAndAdministrativeExpenses": 1470000000,
    "otherExpenses": 186000000,
    "operatingExpenses": 2653000000,
    "costAndExpenses": 19382000000,
    "interestIncome": 49000000,
    "interestExpense": 337000000,
    "depreciationAndAmortization": 1146000000,
    "ebitda": 4197000000,
    "ebitdaratio": 0.1855601733,
    "operatingIncome": 3236000000,
    "operatingIncomeRatio": 0.1430718896,
    "totalOtherIncomeExpensesNet": -522000000,
    "incomeBeforeTax": 2714000000,
    "incomeBeforeTaxRatio": 0.119992926,
    "incomeTaxExpense": 530000000,
    "netIncome": 749000000,
    "netIncomeRatio": 0.033115218,
    "eps": 1,
    "epsdiluted": 1,
    "weightedAverageShsOut": 748800000,
    "weightedAverageShsOutDil": 748800000,
    "link": "https://www.sec.gov/Archives/edgar/data/29915/000002991519000008/0000029915-19-000008-index.html",
    "finalLink": "https://www.sec.gov/Archives/edgar/data/29915/000002991519000008/dow201810k.htm"
  },
  {
    "date": "2018-09-30",
    "symbol": "DOW",
    "reportedCurrency": "USD",
    "cik": "0001751788",
    "fillingDate": "2018-11-02",
    "acceptedDate": "2018-11-02 09:14:12",
    "calendarYear": "2018",
    "period": "Q3",
    "revenue": 12634000000,
    "costOfRevenue": 10573000000,
    "grossProfit": 2061000000,
    "grossProfitRatio": 0.1631312332,
    "researchAndDevelopmentExpenses": 193000000,
    "generalAndAdministrativeExpenses": 0,
    "sellingAndMarketingExpenses": 0,
    "sellingGeneralAndAdministrativeExpenses": 409000000,
    "otherExpenses": 0,
    "operatingExpenses": 602000000,
    "costAndExpenses": 11175000000,
    "interestIncome": 22000000,
    "interestExpense": 258000000,
    "depreciationAndAmortization": 732000000,
    "ebitda": 1941000000,
    "ebitdaratio": 0.1536330537,
    "operatingIncome": 1459000000,
    "operatingIncomeRatio": 0.1154820326,
    "totalOtherIncomeExpensesNet": -465000000,
    "incomeBeforeTax": 994000000,
    "incomeBeforeTaxRatio": 0.078676587,
    "incomeTaxExpense": 280000000,
    "netIncome": 1013000000,
    "netIncomeRatio": 0.0801804654,
    "eps": 1.35,
    "epsdiluted": 1.35,
    "weightedAverageShsOut": 747200477,
    "weightedAverageShsOutDil": 750000000,
    "link": "https://www.sec.gov/Archives/edgar/data/29915/000002991518000026/0000029915-18-000026-index.html",
    "finalLink": "https://www.sec.gov/Archives/edgar/data/29915/000002991518000026/dow-q3x9302018.htm"
  },
  {
    "date": "2018-06-30",
    "symbol": "DOW",
    "reportedCurrency": "USD",
    "cik": "0001751788",
    "fillingDate": "2018-06-30",
    "acceptedDate": "2018-06-30 00:00:00",
    "calendarYear": "2018",
    "period": "Q2",
    "revenue": 12789000000,
    "costOfRevenue": 10658000000,
    "grossProfit": 2131000000,
    "grossProfitRatio": 0.1666275706,
    "researchAndDevelopmentExpenses": 221000000,
    "generalAndAdministrativeExpenses": 0,
    "sellingAndMarketingExpenses": 0,
    "sellingGeneralAndAdministrativeExpenses": 485000000,
    "otherExpenses": 0,
    "operatingExpenses": 706000000,
    "costAndExpenses": 11364000000,
    "interestIncome": 18000000,
    "interestExpense": 261000000,
    "depreciationAndAmortization": 614000000,
    "ebitda": 2001000000,
    "ebitdaratio": 0.156462585,
    "operatingIncome": 1425000000,
    "operatingIncomeRatio": 0.1114238799,
    "totalOtherIncomeExpensesNet": -366000000,
    "incomeBeforeTax": 1059000000,
    "incomeBeforeTaxRatio": 0.082805536,
    "incomeTaxExpense": 249000000,
    "netIncome": 1333000000,
    "netIncomeRatio": 0.1042301978,
    "eps": 1.78,
    "epsdiluted": 1.78,
    "weightedAverageShsOut": 750000000,
    "weightedAverageShsOutDil": 750000000,
    "link": "",
    "finalLink": ""
  },
  {
    "date": "2018-03-31",
    "symbol": "DOW",
    "reportedCurrency": "USD",
    "cik": "0001751788",
    "fillingDate": "2018-03-31",
    "acceptedDate": "2018-03-30 20:00:00",
    "calendarYear": "2018",
    "period": "Q1",
    "revenue": 14899000000,
    "costOfRevenue": 11711000000,
    "grossProfit": 3188000000,
    "grossProfitRatio": 0.2139740922,
    "researchAndDevelopmentExpenses": 386000000,
    "generalAndAdministrativeExpenses": 0,
    "sellingAndMarketingExpenses": 0,
    "sellingGeneralAndAdministrativeExpenses": 751000000,
    "otherExpenses": 0,
    "operatingExpenses": 1137000000,
    "costAndExpenses": 12848000000,
    "interestIncome": 0,
    "interestExpense": 270000000,
    "depreciationAndAmortization": 837000000,
    "ebitda": 2813000000,
    "ebitdaratio": 0.1888046178,
    "operatingIncome": 2051000000,
    "operatingIncomeRatio": 0.1376602457,
    "totalOtherIncomeExpensesNet": -311000000,
    "incomeBeforeTax": 1740000000,
    "incomeBeforeTaxRatio": 0.1167863615,
    "incomeTaxExpense": 363000000,
    "netIncome": 1342000000,
    "netIncomeRatio": 0.0900731593,
    "eps": 1.79,
    "epsdiluted": 1.79,
    "weightedAverageShsOut": 748208379,
    "weightedAverageShsOutDil": 750000000,
    "link": "",
    "finalLink": ""
  }
]