[
  {
    "date": "2024-12-31",
    "symbol": "DOW",
    "reportedCurrency": "USD",
    "cik": "0001751788",
    "fillingDate": "2025-02-04",
    "acceptedDate": "2025-02-04 07:57:08",
    "calendarYear": "2024",
    "period": "FY",
    "revenue": 42964000000,
    "costOfRevenue": 38509000000,
    "grossProfit": 4455000000,
    "grossProfitRatio": 0.1036914626,
    "researchAndDevelopmentExpenses": 810000000,
    "generalAndAdministrativeExpenses": 0,
    "sellingAndMarketingExpenses": 0,
    "sellingGeneralAndAdministrativeExpenses": 1581000000,
    "otherExpenses": 0,
    "operatingExpenses": 2391000000,
    "costAndExpenses": 40900000000,
    "interestIncome": 200000000,
    "interestExpense": 758000000,
    "depreciationAndAmortization": 2894000000,
    "ebitda": 5252000000,
    "ebitdaratio": 0.1222418769,
    "operatingIncome": 2064000000,
    "operatingIncomeRatio": 0.0480402197,
    "totalOtherIncomeExpensesNet": -464000000,
    "incomeBeforeTax": 1600000000,
    "incomeBeforeTaxRatio": 0.0372404804,
    "incomeTaxExpense": 399000000,
    "netIncome": 1116000000,
    "netIncomeRatio": 0.0259752351,
    "eps": 1.57,
    "epsdiluted": 1.57,
    "weightedAverageShsOut": 703800000,
    "weightedAverageShsOutDil": 705100000,
    "link": "https://www.sec.gov/Archives/edgar/data/1751788/000175178825000012/0001751788-25-000012-index.htm",
    "finalLink": "https://www.sec.gov/Archives/edgar/data/29915/000175178825000012/dow-20241231.htm"
  },
  {
    "date": "2023-12-31",
    "symbol": "DOW",
    "reportedCurrency": "USD",
    "cik": "0001751788",
    "fillingDate": "2024-01-31",
    "acceptedDate": "2024-01-31 07:45:34",
    "calendarYear": "2023",
    "period": "FY",
    "revenue": 44622000000,
    "costOfRevenue": 39650000000,
    "grossProfit": 4972000000,
    "grossProfitRatio": 0.1114248577,
    "researchAndDevelopmentExpenses": 829000000,
    "generalAndAdministrativeExpenses": 0,
    "sellingAndMarketingExpenses": 0,
    "sellingGeneralAndAdministrativeExpenses": 1627000000,
    "otherExpenses": 0,
    "operatingExpenses": 2456000000,
    "costAndExpenses": 42106000000,
    "interestIncome": 229000000,
    "interestExpense": 736000000,
    "depreciationAndAmortization": 2611000000,
    "ebitda": 4003000000,
    "ebitdaratio": 0.0897091121,
    "operatingIncome": 2516000000,
    "operatingIncomeRatio": 0.056384743,
    "totalOtherIncomeExpensesNet": -1860000000,
    "incomeBeforeTax": 656000000,
    "incomeBeforeTaxRatio": 0.0147012684,
    "incomeTaxExpense": -4000000,
    "netIncome": 589000000,
    "netIncomeRatio": 0.0131997669,
    "eps": 0.82,
    "epsdiluted": 0.82,
    "weightedAverageShsOut": 705700000,
    "weightedAverageShsOutDil": 709000000,
    "link": "https://www.sec.gov/Archives/edgar/data/1751788/000175178824000010/0001751788-24-000010-index.htm",
    "finalLink": "https://www.sec.gov/Archives/edgar/data/29915/000175178824000010/dow-20231231.htm"
  },
  {
    "date": "2022-12-31",
    "symbol": "DOW",
    "reportedCurrency": "USD",
    "cik": "0001751788",
    "fillingDate": "2023-02-01",
    "acceptedDate": "2023-02-01 07:25:18",
    "calendarYear": "2022",
    "period": "FY",
    "revenue": 56902000000,
    "costOfRevenue": 49045000000,
    "grossProfit": 7857000000,
    "grossProfitRatio": 0.1380795051,
    "researchAndDevelopmentExpenses": 851000000,
    "generalAndAdministrativeExpenses": 0,
    "sellingAndMarketingExpenses": 0,
    "sellingGeneralAndAdministrativeExpenses": 1675000000,
    "otherExpenses": 0,
    "operatingExpenses": 2526000000,
    "costAndExpenses": 51571000000,
    "interestIncome": 173000000,
    "interestExpense": 651000000,
    "depreciationAndAmortization": 2758000000,
    "ebitda": 9499000000,
    "ebitdaratio": 0.1669361358,
    "operatingIncome": 5331000000,
    "operatingIncomeRatio": 0.0936873924,
    "totalOtherIncomeExpensesNet": 759000000,
    "incomeBeforeTax": 6090000000,
    "incomeBeforeTaxRatio": 0.1070261151,
    "incomeTaxExpense": 1450000000,
    "netIncome": 4582000000,
    "netIncomeRatio": 0.0805244104,
    "eps": 6.32,
    "epsdiluted": 6.28,
    "weightedAverageShsOut": 721000000,
    "weightedAverageShsOutDil": 725600000,
    "link": "https://www.sec.gov/Archives/edgar/data/1751788/000175178823000014/0001751788-23-000014-index.htm",
    "finalLink": "https://www.sec.gov/Archives/edgar/data/29915/000175178823000014/dow-20221231.htm"
  },
  {
    "date": "2021-12-31",
    "symbol": "DOW",
    "reportedCurrency": "USD",
    "cik": "0001751788",
    "fillingDate": "2022-02-04",
    "acceptedDate": "2022-02-04 07:56:51",
    "calendarYear": "2021",
    "period": "FY",
    "revenue": 54968000000,
    "costOfRevenue": 44580000000,
    "grossProfit": 10388000000,
    "grossProfitRatio": 0.1889826808,
    "researchAndDevelopmentExpenses": 857000000,
    "generalAndAdministrativeExpenses": 0,
    "sellingAndMarketingExpenses": 0,
    "sellingGeneralAndAdministrativeExpenses": 1645000000,
    "otherExpenses": 0,
    "operatingExpenses": 2502000000,
    "costAndExpenses": 47082000000,
    "interestIncome": 55000000,
    "interestExpense": 689000000,
    "depreciationAndAmortization": 2842000000,
    "ebitda": 11676000000,
    "ebitdaratio": 0.2124144957,
    "operatingIncome": 7886000000,
    "operatingIncomeRatio": 0.1434652889,
    "totalOtherIncomeExpensesNet": 259000000,
    "incomeBeforeTax": 8145000000,
    "incomeBeforeTaxRatio": 0.1481771212,
    "incomeTaxExpense": 1740000000,
    "netIncome": 6311000000,
    "netIncomeRatio": 0.1148122544,
    "eps": 8.44,
    "epsdiluted": 8.38,
    "weightedAverageShsOut": 743600000,
    "weightedAverageShsOutDil": 749000000,
    "link": "https://www.sec.gov/Archives/edgar/data/1751788/000175178822000011/0001751788-22-000011-index.htm",
    "finalLink": "https://www.sec.gov/Archives/edgar/data/29915/000175178822000011/dow-20211231.htm"
  },
  {
    "date": "2020-12-31",
    "symbol": "DOW",
    "reportedCurrency": "USD",
    "cik": "0001751788",
    "fillingDate": "2021-02-05",
    "acceptedDate": "2021-02-05 08:26:48",
    "calendarYear": "2020",
    "period": "FY",
    "revenue": 38542000000,
    "costOfRevenue": 33730000000,
    "grossProfit": 4812000000,
    "grossProfitRatio": 0.1248508121,
    "researchAndDevelopmentExpenses": 768000000,
    "generalAndAdministrativeExpenses": 0,
    "sellingAndMarketingExpenses": 0,
    "sellingGeneralAndAdministrativeExpenses": 1471000000,
    "otherExpenses": 0,
    "operatingExpenses": 2239000000,
    "costAndExpenses": 35969000000,
    "interestIncome": 38000000,
    "interestExpense": 878000000,
    "depreciationAndAmortization": 2589000000,
    "ebitda": 5538000000,
    "ebitdaratio": 0.1436874059,
    "operatingIncome": 2573000000,
    "operatingIncomeRatio": 0.0667583415,
    "totalOtherIncomeExpensesNet": -502000000,
    "incomeBeforeTax": 2071000000,
    "incomeBeforeTaxRatio": 0.0537335893,
    "incomeTaxExpense": 777000000,
    "netIncome": 1225000000,
    "netIncomeRatio": 0.0317835089,
    "eps": 1.64,
    "epsdiluted": 1.64,
    "weightedAverageShsOut": 740500000,
    "weightedAverageShsOutDil": 742300000,
    "link": "https://www.sec.gov/Archives/edgar/data/1751788/000175178821000010/0001751788-21-000010-index.htm",
    "finalLink": "https://www.sec.gov/Archives/edgar/data/29915/000175178821000010/dow-20201231.htm"
  },
  {
    "date": "2019-12-31",
    "symbol": "DOW",
    "reportedCurrency": "USD",
    "cik": "0001751788",
    "fillingDate": "2020-02-07",
    "acceptedDate": "2020-02-07 09:13:19",
    "calendarYear": "2019",
    "period": "FY",
    "revenue": 42951000000,
    "costOfRevenue": 36995000000,
    "grossProfit": 5956000000,
    "grossProfitRatio": 0.1386696468,
    "researchAndDevelopmentExpenses": 765000000,
    "generalAndAdministrativeExpenses": 0,
    "sellingAndMarketingExpenses": 0,
    "sellingGeneralAndAdministrativeExpenses": 1590000000,
    "otherExpenses": 0,
    "operatingExpenses": 2355000000,
    "costAndExpenses": 39350000000,
    "interestIncome": 81000000,
    "interestExpense": 947000000,
    "depreciationAndAmortization": 2671000000,
    "ebitda": 2371000000,
    "ebitdaratio": 0.05520244,
    "operatingIncome": 3601000000,
    "operatingIncomeRatio": 0.0838397243,
    "totalOtherIncomeExpensesNet": -4848000000,
    "incomeBeforeTax": -1247000000,
    "incomeBeforeTaxRatio": -0.0290330842,
    "incomeTaxExpense": 470000000,
    "netIncome": -1365000000,
    "netIncomeRatio": -0.0317804009,
    "eps": -2.31,
    "epsdiluted": -2.31,
    "weightedAverageShsOut": 742500000,
    "weightedAverageShsOutDil": 742500000,
    "link": "https://www.sec.gov/Archives/edgar/data/1751788/000175178820000007/0001751788-20-000007-index.htm",
    "finalLink": "https://www.sec.gov/Archives/edgar/data/29915/000175178820000007/dowinc201910k.htm"
  },
  {
    "date": "2018-12-31",
    "symbol": "DOW",
    "reportedCurrency": "USD",
    "cik": "0001751788",
    "fillingDate": "2019-02-11",
    "acceptedDate": "2019-02-11 10:35:48",
    "calendarYear": "2018",
    "period": "FY",
    "revenue": 60278000000,
    "costOfRevenue": 41444000000,
    "grossProfit": 8160000000,
    "grossProfitRatio": 0.1353727728,
    "researchAndDevelopmentExpenses": 1536000000,
    "generalAndAdministrativeExpenses": 0,
    "sellingAndMarketingExpenses": 0,
    "sellingGeneralAndAdministrativeExpenses": 1782000000,
    "otherExpenses": 0,
    "operatingExpenses": 2582000000,
    "costAndExpenses": 44026000000,
    "interestIncome": 82000000,
    "interestExpense": 1060000000,
    "depreciationAndAmortization": 2736000000,
    "ebitda": 7545000000,
    "ebitdaratio": 0.1251700455,
    "operatingIncome": 5578000000,
    "operatingIncomeRatio": 0.0925379077,
    "totalOtherIncomeExpensesNet": -1829000000,
    "incomeBeforeTax": 5918000000,
    "incomeBeforeTaxRatio": 0.0981784399,
    "incomeTaxExpense": 1285000000,
    "netIncome": 4499000000,
    "netIncomeRatio": 0.0746375129,
    "eps": 6.02,
    "epsdiluted": 6,
    "weightedAverageShsOut": 747200000,
    "weightedAverageShsOutDil": 750000000,
    "link": "https://www.sec.gov/Archives/edgar/data/29915/000002991519000008/0000029915-19-000008-index.html",
    "finalLink": "https://www.sec.gov/Archives/edgar/data/29915/000002991519000008/dow201810k.htm"
  },
  {
    "date": "2017-12-31",
    "symbol": "DOW",
    "reportedCurrency": "USD",
    "cik": "0001751788",
    "fillingDate": "2017-12-31",
    "acceptedDate": "2017-12-30 19:00:00",
    "calendarYear": "2017",
    "period": "FY",
    "revenue": 43730000000,
    "costOfRevenue": 44236000000,
    "grossProfit": 11272000000,
    "grossProfitRatio": 0.2577635491,
    "researchAndDevelopmentExpenses": 803000000,
    "generalAndAdministrativeExpenses": 0,
    "sellingAndMarketingExpenses": 0,
    "sellingGeneralAndAdministrativeExpenses": 2920000000,
    "otherExpenses": 0,
    "operatingExpenses": 4568000000,
    "costAndExpenses": 48804000000,
    "interestIncome": 66000000,
    "interestExpense": 976000000,
    "depreciationAndAmortization": 624000000,
    "ebitda": 4399000000,
    "ebitdaratio": 0.1005945575,
    "operatingIncome": 6704000000,
    "operatingIncomeRatio": 0.1533043677,
    "totalOtherIncomeExpensesNet": -3905000000,
    "incomeBeforeTax": 237000000,
    "incomeBeforeTaxRatio": 0.0054196204,
    "incomeTaxExpense": 1524000000,
    "netIncome": 465000000,
    "netIncomeRatio": 0.0106334324,
    "eps": 0.62,
    "epsdiluted": 0.62,
    "weightedAverageShsOut": 742662124,
    "weightedAverageShsOutDil": 750000000,
    "link": "",
    "finalLink": ""
  },
  {
    "date": "2016-12-31",
    "symbol": "DOW",
    "reportedCurrency": "USD",
    "cik": "0001751788",
    "fillingDate": "2016-12-31",
    "acceptedDate": "2016-12-30 19:00:00",
    "calendarYear": "2016",
    "period": "FY",
    "revenue": 48158000000,
    "costOfRevenue": 38212000000,
    "grossProfit": 9946000000,
    "grossProfitRatio": 0.2065285103,
    "researchAndDevelopmentExpenses": 1593000000,
    "generalAndAdministrativeExpenses": 0,
    "sellingAndMarketingExpenses": 0,
    "sellingGeneralAndAdministrativeExpenses": 2953000000,
    "otherExpenses": 0,
    "operatingExpenses": 4546000000,
    "costAndExpenses": 42758000000,
    "interestIncome": 107000000,
    "interestExpense": 858000000,
    "depreciationAndAmortization": 544000000,
    "ebitda": 5815000000,
    "ebitdaratio": 0.1207483699,
    "operatingIncome": 5400000000,
    "operatingIncomeRatio": 0.1121309024,
    "totalOtherIncomeExpensesNet": -987000000,
    "incomeBeforeTax": 4413000000,
    "incomeBeforeTaxRatio": 0.0916358653,
    "incomeTaxExpense": 9000000,
    "netIncome": 4318000000,
    "netIncomeRatio": 0.089663192,
    "eps": 5.3,
    "epsdiluted": 5.3,
    "weightedAverageShsOut": 750000000,
    "weightedAverageShsOutDil": 750000000,
    "link": "",
    "finalLink": ""
  },
  {
    "date": "2015-12-31",
    "symbol": "DOW",
    "reportedCurrency": "USD",
    "cik": "0001751788",
    "fillingDate": "2015-12-31",
    "acceptedDate": "2015-12-30 19:00:00",
    "calendarYear": "2015",
    "period": "FY",
    "revenue": 37101000000,
    "costOfRevenue": 29655000000,
    "grossProfit": 7446000000,
    "grossProfitRatio": 0.200695399,
    "researchAndDevelopmentExpenses": 730000000,
    "generalAndAdministrativeExpenses": 0,
    "sellingAndMarketingExpenses": 0,
    "sellingGeneralAndAdministrativeExpenses": 1794000000,
    "otherExpenses": 0,
    "operatingExpenses": 1537000000,
    "costAndExpenses": 31192000000,
    "interestIncome": 894000000,
    "interestExpense": 0,
    "depreciationAndAmortization": 223000000,
    "ebitda": 4922000000,
    "ebitdaratio": 0.1326648877,
    "operatingIncome": 4699000000,
    "operatingIncomeRatio": 0.1266542681,
    "totalOtherIncomeExpensesNet": 3390000000,
    "incomeBeforeTax": 8089000000,
    "incomeBeforeTaxRatio": 0.2180264683,
    "incomeTaxExpense": 1591000000,
    "netIncome": 6087000000,
    "netIncomeRatio": 0.1640656586,
    "eps": 8.12,
    "epsdiluted": 8.12,
    "weightedAverageShsOut": 750000000,
    "weightedAverageShsOutDil": 750000000,
    "link": null,
    "finalLink": null
  }
]