[
  {
    "date": "2025-06-15",
    "symbol": "DPZ",
    "reportedCurrency": "USD",
    "cik": "0001286681",
    "fillingDate": "2025-07-21",
    "acceptedDate": "2025-07-21 06:10:24",
    "calendarYear": "2025",
    "period": "Q2",
    "revenue": 1145144000,
    "costOfRevenue": 684174000,
    "grossProfit": 460970000,
    "grossProfitRatio": 0.4025432609,
    "researchAndDevelopmentExpenses": 0,
    "generalAndAdministrativeExpenses": 107608000,
    "sellingAndMarketingExpenses": 132201000,
    "sellingGeneralAndAdministrativeExpenses": 239809000,
    "otherExpenses": -3883000,
    "operatingExpenses": 235926000,
    "costAndExpenses": 920100000,
    "interestIncome": 3829000,
    "interestExpense": 44648000,
    "depreciationAndAmortization": 20351000,
    "ebitda": 233250000,
    "ebitdaratio": 0.203686174,
    "operatingIncome": 225044000,
    "operatingIncomeRatio": 0.196520263,
    "totalOtherIncomeExpensesNet": -56793000,
    "incomeBeforeTax": 168251000,
    "incomeBeforeTaxRatio": 0.1469256268,
    "incomeTaxExpense": 37160000,
    "netIncome": 131091000,
    "netIncomeRatio": 0.1144755594,
    "eps": 3.84,
    "epsdiluted": 3.81,
    "weightedAverageShsOut": 34163399,
    "weightedAverageShsOutDil": 34401016,
    "link": "https://www.sec.gov/Archives/edgar/data/1286681/000095017025097064/0000950170-25-097064-index.htm",
    "finalLink": "https://www.sec.gov/Archives/edgar/data/1286681/000095017025097064/dpz-20250615.htm"
  },
  {
    "date": "2025-03-23",
    "symbol": "DPZ",
    "reportedCurrency": "USD",
    "cik": "0001286681",
    "fillingDate": "2025-04-28",
    "acceptedDate": "2025-04-28 06:10:19",
    "calendarYear": "2025",
    "period": "Q1",
    "revenue": 1112056000,
    "costOfRevenue": 668909000,
    "grossProfit": 443147000,
    "grossProfitRatio": 0.3984934212,
    "researchAndDevelopmentExpenses": 0,
    "generalAndAdministrativeExpenses": 109077000,
    "sellingAndMarketingExpenses": 123975000,
    "sellingGeneralAndAdministrativeExpenses": 233052000,
    "otherExpenses": 0,
    "operatingExpenses": 233052000,
    "costAndExpenses": 901961000,
    "interestIncome": 3945000,
    "interestExpense": 45585000,
    "depreciationAndAmortization": 20362000,
    "ebitda": 258429000,
    "ebitdaratio": 0.2323884768,
    "operatingIncome": 210095000,
    "operatingIncomeRatio": 0.1889248383,
    "totalOtherIncomeExpensesNet": -17613000,
    "incomeBeforeTax": 192482000,
    "incomeBeforeTaxRatio": 0.1730866071,
    "incomeTaxExpense": 42831000,
    "netIncome": 149651000,
    "netIncomeRatio": 0.1345714604,
    "eps": 4.38,
    "epsdiluted": 4.33,
    "weightedAverageShsOut": 34655676,
    "weightedAverageShsOutDil": 34655676,
    "link": "https://www.sec.gov/Archives/edgar/data/1286681/000095017025058940/0000950170-25-058940-index.htm",
    "finalLink": "https://www.sec.gov/Archives/edgar/data/1286681/000095017025058940/dpz-20250323.htm"
  },
  {
    "date": "2024-12-29",
    "symbol": "DPZ",
    "reportedCurrency": "USD",
    "cik": "0001286681",
    "fillingDate": "2025-02-24",
    "acceptedDate": "2025-02-24 06:10:31",
    "calendarYear": "2024",
    "period": "Q4",
    "revenue": 1443914000,
    "costOfRevenue": 878060000,
    "grossProfit": 565854000,
    "grossProfitRatio": 0.3918889906,
    "researchAndDevelopmentExpenses": 0,
    "generalAndAdministrativeExpenses": 138530000,
    "sellingAndMarketingExpenses": 153672000,
    "sellingGeneralAndAdministrativeExpenses": 292202000,
    "otherExpenses": 0,
    "operatingExpenses": 292202000,
    "costAndExpenses": 1170262000,
    "interestIncome": 4725000,
    "interestExpense": 60577000,
    "depreciationAndAmortization": 26758000,
    "ebitda": 308328000,
    "ebitdaratio": 0.2135362632,
    "operatingIncome": 273652000,
    "operatingIncomeRatio": 0.1895209826,
    "totalOtherIncomeExpensesNet": -52659000,
    "incomeBeforeTax": 220993000,
    "incomeBeforeTaxRatio": 0.153051359,
    "incomeTaxExpense": 51549000,
    "netIncome": 169444000,
    "netIncomeRatio": 0.1173504793,
    "eps": 4.89,
    "epsdiluted": 4.89,
    "weightedAverageShsOut": 34655676,
    "weightedAverageShsOutDil": 34655676,
    "link": "https://www.sec.gov/Archives/edgar/data/1286681/000095017025025223/0000950170-25-025223-index.htm",
    "finalLink": "https://www.sec.gov/Archives/edgar/data/1286681/000095017025025223/dpz-20241229.htm"
  },
  {
    "date": "2024-09-08",
    "symbol": "DPZ",
    "reportedCurrency": "USD",
    "cik": "0001286681",
    "fillingDate": "2024-10-10",
    "acceptedDate": "2024-10-10 06:15:20",
    "calendarYear": "2024",
    "period": "Q3",
    "revenue": 1080119000,
    "costOfRevenue": 656372000,
    "grossProfit": 423747000,
    "grossProfitRatio": 0.392315106,
    "researchAndDevelopmentExpenses": 0,
    "generalAndAdministrativeExpenses": 103991000,
    "sellingAndMarketingExpenses": 120925000,
    "sellingGeneralAndAdministrativeExpenses": 224916000,
    "otherExpenses": -174000,
    "operatingExpenses": 224742000,
    "costAndExpenses": 881288000,
    "interestIncome": 4339000,
    "interestExpense": 44726000,
    "depreciationAndAmortization": 20756000,
    "ebitda": 250098000,
    "ebitdaratio": 0.2315467092,
    "operatingIncome": 198831000,
    "operatingIncomeRatio": 0.1840824946,
    "totalOtherIncomeExpensesNet": -14215000,
    "incomeBeforeTax": 184616000,
    "incomeBeforeTaxRatio": 0.1709219077,
    "incomeTaxExpense": 37692000,
    "netIncome": 146924000,
    "netIncomeRatio": 0.1360257527,
    "eps": 4.22,
    "epsdiluted": 4.19,
    "weightedAverageShsOut": 34801086,
    "weightedAverageShsOutDil": 35039408,
    "link": "https://www.sec.gov/Archives/edgar/data/1286681/000095017024113947/0000950170-24-113947-index.htm",
    "finalLink": "https://www.sec.gov/Archives/edgar/data/1286681/000095017024113947/dpz-20240908.htm"
  },
  {
    "date": "2024-06-16",
    "symbol": "DPZ",
    "reportedCurrency": "USD",
    "cik": "0001286681",
    "fillingDate": "2024-07-18",
    "acceptedDate": "2024-07-18 06:15:30",
    "calendarYear": "2024",
    "period": "Q2",
    "revenue": 1097736000,
    "costOfRevenue": 660705000,
    "grossProfit": 437031000,
    "grossProfitRatio": 0.3981203131,
    "researchAndDevelopmentExpenses": 0,
    "generalAndAdministrativeExpenses": 115947000,
    "sellingAndMarketingExpenses": 124956000,
    "sellingGeneralAndAdministrativeExpenses": 240903000,
    "otherExpenses": -327000,
    "operatingExpenses": 240576000,
    "costAndExpenses": 901281000,
    "interestIncome": 4219000,
    "interestExpense": 44721000,
    "depreciationAndAmortization": 20349000,
    "ebitda": 216477000,
    "ebitdaratio": 0.1972031527,
    "operatingIncome": 196455000,
    "operatingIncomeRatio": 0.1789637946,
    "totalOtherIncomeExpensesNet": -29456000,
    "incomeBeforeTax": 166999000,
    "incomeBeforeTaxRatio": 0.1521303847,
    "incomeTaxExpense": 25021000,
    "netIncome": 141978000,
    "netIncomeRatio": 0.1293371084,
    "eps": 4.07,
    "epsdiluted": 4.03,
    "weightedAverageShsOut": 34904786,
    "weightedAverageShsOutDil": 35224080,
    "link": "https://www.sec.gov/Archives/edgar/data/1286681/000095017024084431/0000950170-24-084431-index.htm",
    "finalLink": "https://www.sec.gov/Archives/edgar/data/1286681/000095017024084431/dpz-20240616.htm"
  },
  {
    "date": "2024-03-24",
    "symbol": "DPZ",
    "reportedCurrency": "USD",
    "cik": "0001286681",
    "fillingDate": "2024-04-29",
    "acceptedDate": "2024-04-29 06:15:27",
    "calendarYear": "2024",
    "period": "Q1",
    "revenue": 1084647000,
    "costOfRevenue": 662777000,
    "grossProfit": 421870000,
    "grossProfitRatio": 0.3889468186,
    "researchAndDevelopmentExpenses": 0,
    "generalAndAdministrativeExpenses": 101024000,
    "sellingAndMarketingExpenses": 110300000,
    "sellingGeneralAndAdministrativeExpenses": 211324000,
    "otherExpenses": -90000,
    "operatingExpenses": 211234000,
    "costAndExpenses": 874011000,
    "interestIncome": 3739000,
    "interestExpense": 45846000,
    "depreciationAndAmortization": 19869000,
    "ebitda": 230415000,
    "ebitdaratio": 0.2124331695,
    "operatingIncome": 210636000,
    "operatingIncomeRatio": 0.1941977436,
    "totalOtherIncomeExpensesNet": -60806000,
    "incomeBeforeTax": 149607000,
    "incomeBeforeTaxRatio": 0.1379315114,
    "incomeTaxExpense": 23783000,
    "netIncome": 125824000,
    "netIncomeRatio": 0.1160045619,
    "eps": 3.62,
    "epsdiluted": 3.58,
    "weightedAverageShsOut": 34800310,
    "weightedAverageShsOutDil": 35154232,
    "link": "https://www.sec.gov/Archives/edgar/data/1286681/000095017024049419/0000950170-24-049419-index.htm",
    "finalLink": "https://www.sec.gov/Archives/edgar/data/1286681/000095017024049419/dpz-20240324.htm"
  },
  {
    "date": "2023-12-31",
    "symbol": "DPZ",
    "reportedCurrency": "USD",
    "cik": "0001286681",
    "fillingDate": "2024-02-26",
    "acceptedDate": "2024-02-26 06:27:12",
    "calendarYear": "2023",
    "period": "Q4",
    "revenue": 1402972000,
    "costOfRevenue": 863927000,
    "grossProfit": 539045000,
    "grossProfitRatio": 0.3842165061,
    "researchAndDevelopmentExpenses": 0,
    "generalAndAdministrativeExpenses": 144368000,
    "sellingAndMarketingExpenses": 137476000,
    "sellingGeneralAndAdministrativeExpenses": 281844000,
    "otherExpenses": -149000,
    "operatingExpenses": 281695000,
    "costAndExpenses": 1145622000,
    "interestIncome": 4048000,
    "interestExpense": 60200000,
    "depreciationAndAmortization": 25641000,
    "ebitda": 291336000,
    "ebitdaratio": 0.2076563182,
    "operatingIncome": 257201000,
    "operatingIncomeRatio": 0.1833258255,
    "totalOtherIncomeExpensesNet": -51706000,
    "incomeBeforeTax": 205495000,
    "incomeBeforeTaxRatio": 0.1464712054,
    "incomeTaxExpense": 48203000,
    "netIncome": 157292000,
    "netIncomeRatio": 0.1121134278,
    "eps": 4.53,
    "epsdiluted": 4.48,
    "weightedAverageShsOut": 34726182,
    "weightedAverageShsOutDil": 35141199,
    "link": "https://www.sec.gov/Archives/edgar/data/1286681/000095017024019725/0000950170-24-019725-index.htm",
    "finalLink": "https://www.sec.gov/Archives/edgar/data/1286681/000095017024019725/dpz-20231231.htm"
  },
  {
    "date": "2023-09-10",
    "symbol": "DPZ",
    "reportedCurrency": "USD",
    "cik": "0001286681",
    "fillingDate": "2023-10-12",
    "acceptedDate": "2023-10-12 06:05:30",
    "calendarYear": "2023",
    "period": "Q3",
    "revenue": 1027361000,
    "costOfRevenue": 629192000,
    "grossProfit": 398169000,
    "grossProfitRatio": 0.3875648385,
    "researchAndDevelopmentExpenses": 0,
    "generalAndAdministrativeExpenses": 97203000,
    "sellingAndMarketingExpenses": 111534000,
    "sellingGeneralAndAdministrativeExpenses": 208737000,
    "otherExpenses": 0,
    "operatingExpenses": 208737000,
    "costAndExpenses": 837929000,
    "interestIncome": 2707000,
    "interestExpense": 44796000,
    "depreciationAndAmortization": 18268000,
    "ebitda": 238638000,
    "ebitdaratio": 0.232282518,
    "operatingIncome": 189432000,
    "operatingIncomeRatio": 0.1843869876,
    "totalOtherIncomeExpensesNet": -13858000,
    "incomeBeforeTax": 175574000,
    "incomeBeforeTaxRatio": 0.1708980582,
    "incomeTaxExpense": 27898000,
    "netIncome": 147676000,
    "netIncomeRatio": 0.1437430465,
    "eps": 4.22,
    "epsdiluted": 4.18,
    "weightedAverageShsOut": 35030660,
    "weightedAverageShsOutDil": 35357043,
    "link": "https://www.sec.gov/Archives/edgar/data/1286681/000095017023052997/0000950170-23-052997-index.htm",
    "finalLink": "https://www.sec.gov/Archives/edgar/data/1286681/000095017023052997/dpz-20230910.htm"
  },
  {
    "date": "2023-06-18",
    "symbol": "DPZ",
    "reportedCurrency": "USD",
    "cik": "0001286681",
    "fillingDate": "2023-07-24",
    "acceptedDate": "2023-07-24 06:06:23",
    "calendarYear": "2023",
    "period": "Q2",
    "revenue": 1024627000,
    "costOfRevenue": 619971000,
    "grossProfit": 404656000,
    "grossProfitRatio": 0.3949300575,
    "researchAndDevelopmentExpenses": 0,
    "generalAndAdministrativeExpenses": 97794000,
    "sellingAndMarketingExpenses": 111459000,
    "sellingGeneralAndAdministrativeExpenses": 209253000,
    "otherExpenses": 0,
    "operatingExpenses": 209253000,
    "costAndExpenses": 829224000,
    "interestIncome": 2537000,
    "interestExpense": 44932000,
    "depreciationAndAmortization": 18561000,
    "ebitda": 201537000,
    "ebitdaratio": 0.1966930405,
    "operatingIncome": 195403000,
    "operatingIncomeRatio": 0.1907064717,
    "totalOtherIncomeExpensesNet": -57359000,
    "incomeBeforeTax": 138044000,
    "incomeBeforeTaxRatio": 0.1347261003,
    "incomeTaxExpense": 28664000,
    "netIncome": 109380000,
    "netIncomeRatio": 0.1067510421,
    "eps": 3.11,
    "epsdiluted": 3.08,
    "weightedAverageShsOut": 35199067,
    "weightedAverageShsOutDil": 35492423,
    "link": "https://www.sec.gov/Archives/edgar/data/1286681/000095017023033925/0000950170-23-033925-index.htm",
    "finalLink": "https://www.sec.gov/Archives/edgar/data/1286681/000095017023033925/dpz-20230618.htm"
  },
  {
    "date": "2023-03-26",
    "symbol": "DPZ",
    "reportedCurrency": "USD",
    "cik": "0001286681",
    "fillingDate": "2023-04-27",
    "acceptedDate": "2023-04-27 07:36:02",
    "calendarYear": "2023",
    "period": "Q1",
    "revenue": 1024398000,
    "costOfRevenue": 638851000,
    "grossProfit": 385547000,
    "grossProfitRatio": 0.3763644599,
    "researchAndDevelopmentExpenses": 0,
    "generalAndAdministrativeExpenses": 95189000,
    "sellingAndMarketingExpenses": 112726000,
    "sellingGeneralAndAdministrativeExpenses": 207915000,
    "otherExpenses": 149000,
    "operatingExpenses": 208064000,
    "costAndExpenses": 846915000,
    "interestIncome": 2391000,
    "interestExpense": 46547000,
    "depreciationAndAmortization": 18170000,
    "ebitda": 198044000,
    "ebitdaratio": 0.1933272029,
    "operatingIncome": 177483000,
    "operatingIncomeRatio": 0.1732559025,
    "totalOtherIncomeExpensesNet": -44156000,
    "incomeBeforeTax": 133327000,
    "incomeBeforeTaxRatio": 0.1301515622,
    "incomeTaxExpense": 28557000,
    "netIncome": 104770000,
    "netIncomeRatio": 0.1022747018,
    "eps": 2.96,
    "epsdiluted": 2.93,
    "weightedAverageShsOut": 35391624,
    "weightedAverageShsOutDil": 35708938,
    "link": "https://www.sec.gov/Archives/edgar/data/1286681/000095017023015004/0000950170-23-015004-index.htm",
    "finalLink": "https://www.sec.gov/Archives/edgar/data/1286681/000095017023015004/dpz-20230326.htm"
  },
  {
    "date": "2023-01-01",
    "symbol": "DPZ",
    "reportedCurrency": "USD",
    "cik": "0001286681",
    "fillingDate": "2023-02-23",
    "acceptedDate": "2023-02-23 07:35:54",
    "calendarYear": "2022",
    "period": "Q4",
    "revenue": 1392231000,
    "costOfRevenue": 880364000,
    "grossProfit": 511867000,
    "grossProfitRatio": 0.3676595335,
    "researchAndDevelopmentExpenses": 0,
    "generalAndAdministrativeExpenses": 130755000,
    "sellingAndMarketingExpenses": 153467000,
    "sellingGeneralAndAdministrativeExpenses": 284222000,
    "otherExpenses": -21173000,
    "operatingExpenses": 263049000,
    "costAndExpenses": 1143413000,
    "interestIncome": 2061000,
    "interestExpense": 61094000,
    "depreciationAndAmortization": 24225000,
    "ebitda": 275104000,
    "ebitdaratio": 0.1975993926,
    "operatingIncome": 248818000,
    "operatingIncomeRatio": 0.1787189051,
    "totalOtherIncomeExpensesNet": -59033000,
    "incomeBeforeTax": 189785000,
    "incomeBeforeTaxRatio": 0.1363171773,
    "incomeTaxExpense": 31483000,
    "netIncome": 158302000,
    "netIncomeRatio": 0.1137038322,
    "eps": 4.47,
    "epsdiluted": 4.43,
    "weightedAverageShsOut": 35419718,
    "weightedAverageShsOutDil": 35715408,
    "link": "https://www.sec.gov/Archives/edgar/data/1286681/000095017023003938/0000950170-23-003938-index.htm",
    "finalLink": "https://www.sec.gov/Archives/edgar/data/1286681/000095017023003938/dpz-20230101.htm"
  },
  {
    "date": "2022-09-11",
    "symbol": "DPZ",
    "reportedCurrency": "USD",
    "cik": "0001286681",
    "fillingDate": "2022-10-13",
    "acceptedDate": "2022-10-13 07:36:09",
    "calendarYear": "2022",
    "period": "Q3",
    "revenue": 1068596000,
    "costOfRevenue": 686746000,
    "grossProfit": 381850000,
    "grossProfitRatio": 0.3573380398,
    "researchAndDevelopmentExpenses": 0,
    "generalAndAdministrativeExpenses": 91205000,
    "sellingAndMarketingExpenses": 114193000,
    "sellingGeneralAndAdministrativeExpenses": 205398000,
    "otherExpenses": 0,
    "operatingExpenses": 205398000,
    "costAndExpenses": 892144000,
    "interestIncome": 833000,
    "interestExpense": 45437000,
    "depreciationAndAmortization": 18933000,
    "ebitda": 196218000,
    "ebitdaratio": 0.1836222483,
    "operatingIncome": 176452000,
    "operatingIncomeRatio": 0.16512508,
    "totalOtherIncomeExpensesNet": -44604000,
    "incomeBeforeTax": 131848000,
    "incomeBeforeTaxRatio": 0.1233843286,
    "incomeTaxExpense": 31344000,
    "netIncome": 100504000,
    "netIncomeRatio": 0.0940523828,
    "eps": 2.82,
    "epsdiluted": 2.79,
    "weightedAverageShsOut": 35692744,
    "weightedAverageShsOutDil": 36062316,
    "link": "https://www.sec.gov/Archives/edgar/data/1286681/000095017022019533/0000950170-22-019533-index.htm",
    "finalLink": "https://www.sec.gov/Archives/edgar/data/1286681/000095017022019533/dpz-20220911.htm"
  },
  {
    "date": "2022-06-19",
    "symbol": "DPZ",
    "reportedCurrency": "USD",
    "cik": "0001286681",
    "fillingDate": "2022-07-21",
    "acceptedDate": "2022-07-21 07:36:30",
    "calendarYear": "2022",
    "period": "Q2",
    "revenue": 1065182000,
    "costOfRevenue": 678917000,
    "grossProfit": 386265000,
    "grossProfitRatio": 0.3626281706,
    "researchAndDevelopmentExpenses": 0,
    "generalAndAdministrativeExpenses": 97070000,
    "sellingAndMarketingExpenses": 111081000,
    "sellingGeneralAndAdministrativeExpenses": 207898000,
    "otherExpenses": 0,
    "operatingExpenses": 207898000,
    "costAndExpenses": 886815000,
    "interestIncome": 219000,
    "interestExpense": 44851000,
    "depreciationAndAmortization": 18117000,
    "ebitda": 196231000,
    "ebitdaratio": 0.1842229779,
    "operatingIncome": 178367000,
    "operatingIncomeRatio": 0.1674521349,
    "totalOtherIncomeExpensesNet": -44885000,
    "incomeBeforeTax": 133482000,
    "incomeBeforeTaxRatio": 0.1253137961,
    "incomeTaxExpense": 30989000,
    "netIncome": 102493000,
    "netIncomeRatio": 0.0962211153,
    "eps": 2.85,
    "epsdiluted": 2.82,
    "weightedAverageShsOut": 35915102,
    "weightedAverageShsOutDil": 36296277,
    "link": "https://www.sec.gov/Archives/edgar/data/1286681/000095017022012843/0000950170-22-012843-index.htm",
    "finalLink": "https://www.sec.gov/Archives/edgar/data/1286681/000095017022012843/dpz-20220619.htm"
  },
  {
    "date": "2022-03-27",
    "symbol": "DPZ",
    "reportedCurrency": "USD",
    "cik": "0001286681",
    "fillingDate": "2022-04-28",
    "acceptedDate": "2022-04-28 07:36:30",
    "calendarYear": "2022",
    "period": "Q1",
    "revenue": 1011149000,
    "costOfRevenue": 642525000,
    "grossProfit": 368624000,
    "grossProfitRatio": 0.3645595258,
    "researchAndDevelopmentExpenses": 0,
    "generalAndAdministrativeExpenses": 97494000,
    "sellingAndMarketingExpenses": 106589000,
    "sellingGeneralAndAdministrativeExpenses": 204083000,
    "otherExpenses": 0,
    "operatingExpenses": 204083000,
    "costAndExpenses": 846608000,
    "interestIncome": 49000,
    "interestExpense": 46872000,
    "depreciationAndAmortization": 18976000,
    "ebitda": 183566000,
    "ebitdaratio": 0.1815419884,
    "operatingIncome": 164590000,
    "operatingIncomeRatio": 0.1627752191,
    "totalOtherIncomeExpensesNet": -46823000,
    "incomeBeforeTax": 117718000,
    "incomeBeforeTaxRatio": 0.1164200331,
    "incomeTaxExpense": 26754000,
    "netIncome": 90964000,
    "netIncomeRatio": 0.0899610245,
    "eps": 2.53,
    "epsdiluted": 2.5,
    "weightedAverageShsOut": 36000896,
    "weightedAverageShsOutDil": 36435038,
    "link": "https://www.sec.gov/Archives/edgar/data/1286681/000095017022006436/0000950170-22-006436-index.htm",
    "finalLink": "https://www.sec.gov/Archives/edgar/data/1286681/000095017022006436/dpz-20220327.htm"
  },
  {
    "date": "2022-01-02",
    "symbol": "DPZ",
    "reportedCurrency": "USD",
    "cik": "0001286681",
    "fillingDate": "2022-03-01",
    "acceptedDate": "2022-03-01 08:36:11",
    "calendarYear": "2021",
    "period": "Q4",
    "revenue": 1343213000,
    "costOfRevenue": 837012000,
    "grossProfit": 506201000,
    "grossProfitRatio": 0.376858324,
    "researchAndDevelopmentExpenses": 0,
    "generalAndAdministrativeExpenses": 140290000,
    "sellingAndMarketingExpenses": 143223000,
    "sellingGeneralAndAdministrativeExpenses": 283513000,
    "otherExpenses": 0,
    "operatingExpenses": 283513000,
    "costAndExpenses": 1120525000,
    "interestIncome": 207000,
    "interestExpense": 60984000,
    "depreciationAndAmortization": 22704000,
    "ebitda": 279857000,
    "ebitdaratio": 0.2083489365,
    "operatingIncome": 222688000,
    "operatingIncomeRatio": 0.1657875557,
    "totalOtherIncomeExpensesNet": -26519000,
    "incomeBeforeTax": 196169000,
    "incomeBeforeTaxRatio": 0.1460445961,
    "incomeTaxExpense": 40484000,
    "netIncome": 155685000,
    "netIncomeRatio": 0.1159049235,
    "eps": 4.28,
    "epsdiluted": 4.25,
    "weightedAverageShsOut": 36138273,
    "weightedAverageShsOutDil": 36668295,
    "link": "https://www.sec.gov/Archives/edgar/data/1286681/000095017022002426/0000950170-22-002426-index.htm",
    "finalLink": "https://www.sec.gov/Archives/edgar/data/1286681/000095017022002426/dpz-20220102.htm"
  },
  {
    "date": "2021-09-12",
    "symbol": "DPZ",
    "reportedCurrency": "USD",
    "cik": "0001286681",
    "fillingDate": "2021-10-14",
    "acceptedDate": "2021-10-14 07:37:06",
    "calendarYear": "2021",
    "period": "Q3",
    "revenue": 997990000,
    "costOfRevenue": 612790000,
    "grossProfit": 385200000,
    "grossProfitRatio": 0.3859758114,
    "researchAndDevelopmentExpenses": 0,
    "generalAndAdministrativeExpenses": 96342000,
    "sellingAndMarketingExpenses": 108578000,
    "sellingGeneralAndAdministrativeExpenses": 204920000,
    "otherExpenses": 0,
    "operatingExpenses": 204920000,
    "costAndExpenses": 817710000,
    "interestIncome": 48000,
    "interestExpense": 45523000,
    "depreciationAndAmortization": 16578000,
    "ebitda": 196906000,
    "ebitdaratio": 0.1973025782,
    "operatingIncome": 180280000,
    "operatingIncomeRatio": 0.1806430926,
    "totalOtherIncomeExpensesNet": -45475000,
    "incomeBeforeTax": 134805000,
    "incomeBeforeTaxRatio": 0.1350765038,
    "incomeTaxExpense": 14403000,
    "netIncome": 120402000,
    "netIncomeRatio": 0.1206444954,
    "eps": 3.29,
    "epsdiluted": 3.24,
    "weightedAverageShsOut": 36627660,
    "weightedAverageShsOutDil": 37130209,
    "link": "https://www.sec.gov/Archives/edgar/data/1286681/000095017021002121/0000950170-21-002121-index.htm",
    "finalLink": "https://www.sec.gov/Archives/edgar/data/1286681/000095017021002121/dpz-20210912.htm"
  },
  {
    "date": "2021-06-20",
    "symbol": "DPZ",
    "reportedCurrency": "USD",
    "cik": "0001286681",
    "fillingDate": "2021-07-22",
    "acceptedDate": "2021-07-22 07:39:24",
    "calendarYear": "2021",
    "period": "Q2",
    "revenue": 1032472000,
    "costOfRevenue": 624782000,
    "grossProfit": 407690000,
    "grossProfitRatio": 0.3948678511,
    "researchAndDevelopmentExpenses": 0,
    "generalAndAdministrativeExpenses": 100448000,
    "sellingAndMarketingExpenses": 116340000,
    "sellingGeneralAndAdministrativeExpenses": 216788000,
    "otherExpenses": 0,
    "operatingExpenses": 216788000,
    "costAndExpenses": 841570000,
    "interestIncome": 68000,
    "interestExpense": 45877000,
    "depreciationAndAmortization": 17176000,
    "ebitda": 208146000,
    "ebitdaratio": 0.201599656,
    "operatingIncome": 190902000,
    "operatingIncomeRatio": 0.1848979924,
    "totalOtherIncomeExpensesNet": -45809000,
    "incomeBeforeTax": 145093000,
    "incomeBeforeTaxRatio": 0.140529719,
    "incomeTaxExpense": 28474000,
    "netIncome": 116619000,
    "netIncomeRatio": 0.1129512471,
    "eps": 3.1,
    "epsdiluted": 3.06,
    "weightedAverageShsOut": 37590369,
    "weightedAverageShsOutDil": 38122515,
    "link": "https://www.sec.gov/Archives/edgar/data/1286681/000119312521221398/0001193125-21-221398-index.htm",
    "finalLink": "https://www.sec.gov/Archives/edgar/data/1286681/000119312521221398/d164949d10q.htm"
  },
  {
    "date": "2021-03-28",
    "symbol": "DPZ",
    "reportedCurrency": "USD",
    "cik": "0001286681",
    "fillingDate": "2021-04-29",
    "acceptedDate": "2021-04-29 07:38:14",
    "calendarYear": "2021",
    "period": "Q1",
    "revenue": 983698000,
    "costOfRevenue": 594547000,
    "grossProfit": 389151000,
    "grossProfitRatio": 0.3956000724,
    "researchAndDevelopmentExpenses": 0,
    "generalAndAdministrativeExpenses": 91253000,
    "sellingAndMarketingExpenses": 111360000,
    "sellingGeneralAndAdministrativeExpenses": 202613000,
    "otherExpenses": 0,
    "operatingExpenses": 202613000,
    "costAndExpenses": 797160000,
    "interestIncome": 22000,
    "interestExpense": 39422000,
    "depreciationAndAmortization": 16465000,
    "ebitda": 205525000,
    "ebitdaratio": 0.208930993,
    "operatingIncome": 186538000,
    "operatingIncomeRatio": 0.1896293375,
    "totalOtherIncomeExpensesNet": -36900000,
    "incomeBeforeTax": 149638000,
    "incomeBeforeTaxRatio": 0.1521178248,
    "incomeTaxExpense": 31877000,
    "netIncome": 117761000,
    "netIncomeRatio": 0.1197125541,
    "eps": 3.04,
    "epsdiluted": 3,
    "weightedAverageShsOut": 38700225,
    "weightedAverageShsOutDil": 39208383,
    "link": "https://www.sec.gov/Archives/edgar/data/1286681/000119312521138350/0001193125-21-138350-index.htm",
    "finalLink": "https://www.sec.gov/Archives/edgar/data/1286681/000119312521138350/d134634d10q.htm"
  },
  {
    "date": "2021-01-03",
    "symbol": "DPZ",
    "reportedCurrency": "USD",
    "cik": "0001286681",
    "fillingDate": "2021-02-25",
    "acceptedDate": "2021-02-25 07:36:32",
    "calendarYear": "2020",
    "period": "Q4",
    "revenue": 1356567000,
    "costOfRevenue": 821303000,
    "grossProfit": 535264000,
    "grossProfitRatio": 0.394572476,
    "researchAndDevelopmentExpenses": 0,
    "generalAndAdministrativeExpenses": 138404000,
    "sellingAndMarketingExpenses": 152816000,
    "sellingGeneralAndAdministrativeExpenses": 291220000,
    "otherExpenses": 0,
    "operatingExpenses": 291220000,
    "costAndExpenses": 1112523000,
    "interestIncome": 0,
    "interestExpense": 54364000,
    "depreciationAndAmortization": 20922000,
    "ebitda": 264851000,
    "ebitdaratio": 0.1952362102,
    "operatingIncome": 244044000,
    "operatingIncomeRatio": 0.1798982284,
    "totalOtherIncomeExpensesNet": -54479000,
    "incomeBeforeTax": 189565000,
    "incomeBeforeTaxRatio": 0.139738767,
    "incomeTaxExpense": 37668000,
    "netIncome": 151897000,
    "netIncomeRatio": 0.1119716166,
    "eps": 3.86,
    "epsdiluted": 3.85,
    "weightedAverageShsOut": 38868350,
    "weightedAverageShsOutDil": 39463552,
    "link": "https://www.sec.gov/Archives/edgar/data/1286681/000119312521055734/0001193125-21-055734-index.htm",
    "finalLink": "https://www.sec.gov/Archives/edgar/data/1286681/000119312521055734/d326373d10k.htm"
  },
  {
    "date": "2020-09-06",
    "symbol": "DPZ",
    "reportedCurrency": "USD",
    "cik": "0001286681",
    "fillingDate": "2020-10-08",
    "acceptedDate": "2020-10-08 07:36:15",
    "calendarYear": "2020",
    "period": "Q3",
    "revenue": 967719000,
    "costOfRevenue": 605738000,
    "grossProfit": 361981000,
    "grossProfitRatio": 0.3740558985,
    "researchAndDevelopmentExpenses": 0,
    "generalAndAdministrativeExpenses": 91652000,
    "sellingAndMarketingExpenses": 108148000,
    "sellingGeneralAndAdministrativeExpenses": 199800000,
    "otherExpenses": 0,
    "operatingExpenses": 199800000,
    "costAndExpenses": 805538000,
    "interestIncome": 197000,
    "interestExpense": 38605000,
    "depreciationAndAmortization": 15327000,
    "ebitda": 177705000,
    "ebitdaratio": 0.1836328521,
    "operatingIncome": 162181000,
    "operatingIncomeRatio": 0.1675910052,
    "totalOtherIncomeExpensesNet": -38408000,
    "incomeBeforeTax": 123773000,
    "incomeBeforeTaxRatio": 0.1279017979,
    "incomeTaxExpense": 24644000,
    "netIncome": 99129000,
    "netIncomeRatio": 0.1024357277,
    "eps": 2.53,
    "epsdiluted": 2.49,
    "weightedAverageShsOut": 39246231,
    "weightedAverageShsOutDil": 39791805,
    "link": "https://www.sec.gov/Archives/edgar/data/1286681/000119312520265920/0001193125-20-265920-index.htm",
    "finalLink": "https://www.sec.gov/Archives/edgar/data/1286681/000119312520265920/d935823d10q.htm"
  },
  {
    "date": "2020-06-14",
    "symbol": "DPZ",
    "reportedCurrency": "USD",
    "cik": "0001286681",
    "fillingDate": "2020-07-16",
    "acceptedDate": "2020-07-16 07:36:22",
    "calendarYear": "2020",
    "period": "Q2",
    "revenue": 920023000,
    "costOfRevenue": 562932000,
    "grossProfit": 357091000,
    "grossProfitRatio": 0.388132688,
    "researchAndDevelopmentExpenses": 0,
    "generalAndAdministrativeExpenses": 88068000,
    "sellingAndMarketingExpenses": 105440000,
    "sellingGeneralAndAdministrativeExpenses": 193508000,
    "otherExpenses": 0,
    "operatingExpenses": 193508000,
    "costAndExpenses": 756440000,
    "interestIncome": 640000,
    "interestExpense": 39727000,
    "depreciationAndAmortization": 14757000,
    "ebitda": 178980000,
    "ebitdaratio": 0.1945386148,
    "operatingIncome": 163583000,
    "operatingIncomeRatio": 0.1778031636,
    "totalOtherIncomeExpensesNet": -39087000,
    "incomeBeforeTax": 124496000,
    "incomeBeforeTaxRatio": 0.1353183562,
    "incomeTaxExpense": 5828000,
    "netIncome": 118668000,
    "netIncomeRatio": 0.1289837319,
    "eps": 3.04,
    "epsdiluted": 2.99,
    "weightedAverageShsOut": 39058292,
    "weightedAverageShsOutDil": 39746479,
    "link": "https://www.sec.gov/Archives/edgar/data/1286681/000119312520193699/0001193125-20-193699-index.htm",
    "finalLink": "https://www.sec.gov/Archives/edgar/data/1286681/000119312520193699/d21919d10q.htm"
  },
  {
    "date": "2020-03-22",
    "symbol": "DPZ",
    "reportedCurrency": "USD",
    "cik": "0001286681",
    "fillingDate": "2020-04-23",
    "acceptedDate": "2020-04-23 07:37:45",
    "calendarYear": "2020",
    "period": "Q1",
    "revenue": 873102000,
    "costOfRevenue": 532945000,
    "grossProfit": 340157000,
    "grossProfitRatio": 0.3895959464,
    "researchAndDevelopmentExpenses": 0,
    "generalAndAdministrativeExpenses": 88489000,
    "sellingAndMarketingExpenses": 95834000,
    "sellingGeneralAndAdministrativeExpenses": 184323000,
    "otherExpenses": 0,
    "operatingExpenses": 184323000,
    "costAndExpenses": 717268000,
    "interestIncome": 932000,
    "interestExpense": 39470000,
    "depreciationAndAmortization": 14032000,
    "ebitda": 170798000,
    "ebitdaratio": 0.1956220465,
    "operatingIncome": 155834000,
    "operatingIncomeRatio": 0.1784831555,
    "totalOtherIncomeExpensesNet": -38538000,
    "incomeBeforeTax": 117296000,
    "incomeBeforeTaxRatio": 0.1343439827,
    "incomeTaxExpense": -4306000,
    "netIncome": 121602000,
    "netIncomeRatio": 0.1392758234,
    "eps": 3.14,
    "epsdiluted": 3.07,
    "weightedAverageShsOut": 38665924,
    "weightedAverageShsOutDil": 39633404,
    "link": "https://www.sec.gov/Archives/edgar/data/1286681/000119312520115907/0001193125-20-115907-index.htm",
    "finalLink": "https://www.sec.gov/Archives/edgar/data/1286681/000119312520115907/d914156d10q.htm"
  },
  {
    "date": "2019-12-29",
    "symbol": "DPZ",
    "reportedCurrency": "USD",
    "cik": "0001286681",
    "fillingDate": "2020-02-20",
    "acceptedDate": "2020-02-20 07:38:05",
    "calendarYear": "2019",
    "period": "Q4",
    "revenue": 1150352000,
    "costOfRevenue": 703064000,
    "grossProfit": 447288000,
    "grossProfitRatio": 0.3888270721,
    "researchAndDevelopmentExpenses": 0,
    "generalAndAdministrativeExpenses": 119653000,
    "sellingAndMarketingExpenses": 123684000,
    "sellingGeneralAndAdministrativeExpenses": 243337000,
    "otherExpenses": 0,
    "operatingExpenses": 243337000,
    "costAndExpenses": 946401000,
    "interestIncome": 1465000,
    "interestExpense": 48146000,
    "depreciationAndAmortization": 18948000,
    "ebitda": 224364000,
    "ebitdaratio": 0.1950394314,
    "operatingIncome": 203951000,
    "operatingIncomeRatio": 0.1772944281,
    "totalOtherIncomeExpensesNet": -46681000,
    "incomeBeforeTax": 157270000,
    "incomeBeforeTaxRatio": 0.1367146752,
    "incomeTaxExpense": 27943000,
    "netIncome": 129327000,
    "netIncomeRatio": 0.1124238494,
    "eps": 3.32,
    "epsdiluted": 3.12,
    "weightedAverageShsOut": 38934009,
    "weightedAverageShsOutDil": 41422831,
    "link": "https://www.sec.gov/Archives/edgar/data/1286681/000119312520042675/0001193125-20-042675-index.htm",
    "finalLink": "https://www.sec.gov/Archives/edgar/data/1286681/000119312520042675/d796357d10k.htm"
  },
  {
    "date": "2019-09-08",
    "symbol": "DPZ",
    "reportedCurrency": "USD",
    "cik": "0001286681",
    "fillingDate": "2019-10-08",
    "acceptedDate": "2019-10-08 07:38:28",
    "calendarYear": "2019",
    "period": "Q3",
    "revenue": 820812000,
    "costOfRevenue": 504561000,
    "grossProfit": 316251000,
    "grossProfitRatio": 0.3852904197,
    "researchAndDevelopmentExpenses": 0,
    "generalAndAdministrativeExpenses": 83728000,
    "sellingAndMarketingExpenses": 89494000,
    "sellingGeneralAndAdministrativeExpenses": 173222000,
    "otherExpenses": 0,
    "operatingExpenses": 173222000,
    "costAndExpenses": 677783000,
    "interestIncome": 968000,
    "interestExpense": 33752000,
    "depreciationAndAmortization": 13132000,
    "ebitda": 157129000,
    "ebitdaratio": 0.1914311682,
    "operatingIncome": 143029000,
    "operatingIncomeRatio": 0.1742530567,
    "totalOtherIncomeExpensesNet": -32784000,
    "incomeBeforeTax": 110245000,
    "incomeBeforeTaxRatio": 0.1343121202,
    "incomeTaxExpense": 23872000,
    "netIncome": 86373000,
    "netIncomeRatio": 0.1052287247,
    "eps": 2.11,
    "epsdiluted": 2.05,
    "weightedAverageShsOut": 40954279,
    "weightedAverageShsOutDil": 42040291,
    "link": "https://www.sec.gov/Archives/edgar/data/1286681/000119312519264105/0001193125-19-264105-index.htm",
    "finalLink": "https://www.sec.gov/Archives/edgar/data/1286681/000119312519264105/d813101d10q.htm"
  },
  {
    "date": "2019-06-16",
    "symbol": "DPZ",
    "reportedCurrency": "USD",
    "cik": "0001286681",
    "fillingDate": "2019-07-16",
    "acceptedDate": "2019-07-16 07:38:48",
    "calendarYear": "2019",
    "period": "Q2",
    "revenue": 811647000,
    "costOfRevenue": 494976000,
    "grossProfit": 316671000,
    "grossProfitRatio": 0.3901585295,
    "researchAndDevelopmentExpenses": 0,
    "generalAndAdministrativeExpenses": 89248000,
    "sellingAndMarketingExpenses": 88500000,
    "sellingGeneralAndAdministrativeExpenses": 177748000,
    "otherExpenses": 0,
    "operatingExpenses": 177748000,
    "costAndExpenses": 672724000,
    "interestIncome": 922000,
    "interestExpense": 33866000,
    "depreciationAndAmortization": 14060000,
    "ebitda": 153905000,
    "ebitdaratio": 0.1896206109,
    "operatingIncome": 138923000,
    "operatingIncomeRatio": 0.1711618475,
    "totalOtherIncomeExpensesNet": -32944000,
    "incomeBeforeTax": 105979000,
    "incomeBeforeTaxRatio": 0.1305727736,
    "incomeTaxExpense": 13620000,
    "netIncome": 92359000,
    "netIncomeRatio": 0.1137920796,
    "eps": 2.25,
    "epsdiluted": 2.19,
    "weightedAverageShsOut": 41023269,
    "weightedAverageShsOutDil": 42236507,
    "link": "https://www.sec.gov/Archives/edgar/data/1286681/000119312519194379/0001193125-19-194379-index.htm",
    "finalLink": "https://www.sec.gov/Archives/edgar/data/1286681/000119312519194379/d774471d10q.htm"
  },
  {
    "date": "2019-03-24",
    "symbol": "DPZ",
    "reportedCurrency": "USD",
    "cik": "0001286681",
    "fillingDate": "2019-04-24",
    "acceptedDate": "2019-04-24 07:37:15",
    "calendarYear": "2019",
    "period": "Q1",
    "revenue": 835963000,
    "costOfRevenue": 513674000,
    "grossProfit": 322289000,
    "grossProfitRatio": 0.3855302208,
    "researchAndDevelopmentExpenses": 0,
    "generalAndAdministrativeExpenses": 89664000,
    "sellingAndMarketingExpenses": 89121000,
    "sellingGeneralAndAdministrativeExpenses": 178785000,
    "otherExpenses": 0,
    "operatingExpenses": 178785000,
    "costAndExpenses": 692459000,
    "interestIncome": 693000,
    "interestExpense": 35054000,
    "depreciationAndAmortization": 13790000,
    "ebitda": 157987000,
    "ebitdaratio": 0.1889880294,
    "operatingIncome": 143504000,
    "operatingIncomeRatio": 0.1716630999,
    "totalOtherIncomeExpensesNet": -34361000,
    "incomeBeforeTax": 109143000,
    "incomeBeforeTaxRatio": 0.1305596061,
    "incomeTaxExpense": 16493000,
    "netIncome": 92650000,
    "netIncomeRatio": 0.110830264,
    "eps": 2.27,
    "epsdiluted": 2.2,
    "weightedAverageShsOut": 40865532,
    "weightedAverageShsOutDil": 42202429,
    "link": "https://www.sec.gov/Archives/edgar/data/1286681/000119312519115719/0001193125-19-115719-index.htm",
    "finalLink": "https://www.sec.gov/Archives/edgar/data/1286681/000119312519115719/d661429d10q.htm"
  },
  {
    "date": "2018-12-30",
    "symbol": "DPZ",
    "reportedCurrency": "USD",
    "cik": "0001286681",
    "fillingDate": "2019-02-21",
    "acceptedDate": "2019-02-21 07:37:41",
    "calendarYear": "2018",
    "period": "Q4",
    "revenue": 1082135000,
    "costOfRevenue": 668180000,
    "grossProfit": 413955000,
    "grossProfitRatio": 0.3825354508,
    "researchAndDevelopmentExpenses": 0,
    "generalAndAdministrativeExpenses": 121411000,
    "sellingAndMarketingExpenses": 112908000,
    "sellingGeneralAndAdministrativeExpenses": 234319000,
    "otherExpenses": 0,
    "operatingExpenses": 234319000,
    "costAndExpenses": 902499000,
    "interestIncome": 883000,
    "interestExpense": 45956000,
    "depreciationAndAmortization": 17895000,
    "ebitda": 198414000,
    "ebitdaratio": 0.1833542026,
    "operatingIncome": 179636000,
    "operatingIncomeRatio": 0.1660014693,
    "totalOtherIncomeExpensesNet": -45073000,
    "incomeBeforeTax": 134563000,
    "incomeBeforeTaxRatio": 0.1243495497,
    "incomeTaxExpense": 22921000,
    "netIncome": 111642000,
    "netIncomeRatio": 0.1031682738,
    "eps": 2.72,
    "epsdiluted": 2.62,
    "weightedAverageShsOut": 40977561,
    "weightedAverageShsOutDil": 42611450,
    "link": "https://www.sec.gov/Archives/edgar/data/1286681/000119312519046191/0001193125-19-046191-index.htm",
    "finalLink": "https://www.sec.gov/Archives/edgar/data/1286681/000119312519046191/d696297d10k.htm"
  },
  {
    "date": "2018-09-09",
    "symbol": "DPZ",
    "reportedCurrency": "USD",
    "cik": "0001286681",
    "fillingDate": "2018-10-16",
    "acceptedDate": "2018-10-16 07:37:06",
    "calendarYear": "2018",
    "period": "Q3",
    "revenue": 785965000,
    "costOfRevenue": 490686000,
    "grossProfit": 295279000,
    "grossProfitRatio": 0.3756897572,
    "researchAndDevelopmentExpenses": 0,
    "generalAndAdministrativeExpenses": 80369000,
    "sellingAndMarketingExpenses": 82478000,
    "sellingGeneralAndAdministrativeExpenses": 162847000,
    "otherExpenses": 0,
    "operatingExpenses": 162847000,
    "costAndExpenses": 653533000,
    "interestIncome": 792000,
    "interestExpense": 33976000,
    "depreciationAndAmortization": 12460000,
    "ebitda": 145684000,
    "ebitdaratio": 0.1853568543,
    "operatingIncome": 132432000,
    "operatingIncomeRatio": 0.1684960526,
    "totalOtherIncomeExpensesNet": -33184000,
    "incomeBeforeTax": 99248000,
    "incomeBeforeTaxRatio": 0.126275343,
    "incomeTaxExpense": 15153000,
    "netIncome": 84095000,
    "netIncomeRatio": 0.1069958586,
    "eps": 2.02,
    "epsdiluted": 1.95,
    "weightedAverageShsOut": 41585933,
    "weightedAverageShsOutDil": 43067191,
    "link": "https://www.sec.gov/Archives/edgar/data/1286681/000119312518299738/0001193125-18-299738-index.htm",
    "finalLink": "https://www.sec.gov/Archives/edgar/data/1286681/000119312518299738/d632190d10q.htm"
  },
  {
    "date": "2018-06-17",
    "symbol": "DPZ",
    "reportedCurrency": "USD",
    "cik": "0001286681",
    "fillingDate": "2018-07-19",
    "acceptedDate": "2018-07-19 07:38:09",
    "calendarYear": "2018",
    "period": "Q2",
    "revenue": 779396000,
    "costOfRevenue": 485816000,
    "grossProfit": 293580000,
    "grossProfitRatio": 0.3766762981,
    "researchAndDevelopmentExpenses": 0,
    "generalAndAdministrativeExpenses": 86506000,
    "sellingAndMarketingExpenses": 80929000,
    "sellingGeneralAndAdministrativeExpenses": 167435000,
    "otherExpenses": 0,
    "operatingExpenses": 167435000,
    "costAndExpenses": 653251000,
    "interestIncome": 1179000,
    "interestExpense": 36127000,
    "depreciationAndAmortization": 12241000,
    "ebitda": 139565000,
    "ebitdaratio": 0.1790681502,
    "operatingIncome": 126145000,
    "operatingIncomeRatio": 0.1618496887,
    "totalOtherIncomeExpensesNet": -34948000,
    "incomeBeforeTax": 91197000,
    "incomeBeforeTaxRatio": 0.1170098384,
    "incomeTaxExpense": 13789000,
    "netIncome": 77408000,
    "netIncomeRatio": 0.0993179334,
    "eps": 1.84,
    "epsdiluted": 1.78,
    "weightedAverageShsOut": 42044035,
    "weightedAverageShsOutDil": 43582996,
    "link": "https://www.sec.gov/Archives/edgar/data/1286681/000119312518220984/0001193125-18-220984-index.htm",
    "finalLink": "https://www.sec.gov/Archives/edgar/data/1286681/000119312518220984/d513733d10q.htm"
  },
  {
    "date": "2018-03-25",
    "symbol": "DPZ",
    "reportedCurrency": "USD",
    "cik": "0001286681",
    "fillingDate": "2018-04-26",
    "acceptedDate": "2018-04-26 07:36:55",
    "calendarYear": "2018",
    "period": "Q1",
    "revenue": 785371000,
    "costOfRevenue": 485506000,
    "grossProfit": 299865000,
    "grossProfitRatio": 0.3818131813,
    "researchAndDevelopmentExpenses": 0,
    "generalAndAdministrativeExpenses": 84178000,
    "sellingAndMarketingExpenses": 82211000,
    "sellingGeneralAndAdministrativeExpenses": 166389000,
    "otherExpenses": 0,
    "operatingExpenses": 166389000,
    "costAndExpenses": 651895000,
    "interestIncome": 480000,
    "interestExpense": 30286000,
    "depreciationAndAmortization": 11069000,
    "ebitda": 144545000,
    "ebitdaratio": 0.1840467753,
    "operatingIncome": 133476000,
    "operatingIncomeRatio": 0.1699527994,
    "totalOtherIncomeExpensesNet": -29806000,
    "incomeBeforeTax": 103670000,
    "incomeBeforeTaxRatio": 0.1320013089,
    "incomeTaxExpense": 14843000,
    "netIncome": 88827000,
    "netIncomeRatio": 0.1131019607,
    "eps": 2.08,
    "epsdiluted": 2,
    "weightedAverageShsOut": 42625881,
    "weightedAverageShsOutDil": 44413500,
    "link": "https://www.sec.gov/Archives/edgar/data/1286681/000119312518132848/0001193125-18-132848-index.htm",
    "finalLink": "https://www.sec.gov/Archives/edgar/data/1286681/000119312518132848/d573874d10q.htm"
  },
  {
    "date": "2017-12-31",
    "symbol": "DPZ",
    "reportedCurrency": "USD",
    "cik": "0001286681",
    "fillingDate": "2018-02-20",
    "acceptedDate": "2018-02-20 07:40:21",
    "calendarYear": "2017",
    "period": "Q4",
    "revenue": 891509000,
    "costOfRevenue": 610657000,
    "grossProfit": 280852000,
    "grossProfitRatio": 0.31502991,
    "researchAndDevelopmentExpenses": 0,
    "generalAndAdministrativeExpenses": 105601000,
    "sellingAndMarketingExpenses": 0,
    "sellingGeneralAndAdministrativeExpenses": 105601000,
    "otherExpenses": 0,
    "operatingExpenses": 105601000,
    "costAndExpenses": 716258000,
    "interestIncome": 463000,
    "interestExpense": 39158000,
    "depreciationAndAmortization": 14315000,
    "ebitda": 190029000,
    "ebitdaratio": 0.213154326,
    "operatingIncome": 175251000,
    "operatingIncomeRatio": 0.196577937,
    "totalOtherIncomeExpensesNet": -38695000,
    "incomeBeforeTax": 136556000,
    "incomeBeforeTaxRatio": 0.1531740005,
    "incomeTaxExpense": 43229000,
    "netIncome": 93327000,
    "netIncomeRatio": 0.1046843049,
    "eps": 2.18,
    "epsdiluted": 2.09,
    "weightedAverageShsOut": 42898329,
    "weightedAverageShsOutDil": 44593094,
    "link": "https://www.sec.gov/Archives/edgar/data/1286681/000119312518049576/0001193125-18-049576-index.htm",
    "finalLink": "https://www.sec.gov/Archives/edgar/data/1286681/000119312518049576/d531906d10k.htm"
  },
  {
    "date": "2017-09-10",
    "symbol": "DPZ",
    "reportedCurrency": "USD",
    "cik": "0001286681",
    "fillingDate": "2017-10-12",
    "acceptedDate": "2017-10-12 07:36:54",
    "calendarYear": "2017",
    "period": "Q3",
    "revenue": 643642000,
    "costOfRevenue": 445164000,
    "grossProfit": 198478000,
    "grossProfitRatio": 0.3083670736,
    "researchAndDevelopmentExpenses": 0,
    "generalAndAdministrativeExpenses": 81398000,
    "sellingAndMarketingExpenses": 0,
    "sellingGeneralAndAdministrativeExpenses": 81398000,
    "otherExpenses": 0,
    "operatingExpenses": 81398000,
    "costAndExpenses": 526562000,
    "interestIncome": 612000,
    "interestExpense": 33141000,
    "depreciationAndAmortization": 10281000,
    "ebitda": 127973000,
    "ebitdaratio": 0.1988263662,
    "operatingIncome": 117080000,
    "operatingIncomeRatio": 0.1819023619,
    "totalOtherIncomeExpensesNet": -32529000,
    "incomeBeforeTax": 84551000,
    "incomeBeforeTaxRatio": 0.1313633977,
    "incomeTaxExpense": 28183000,
    "netIncome": 56368000,
    "netIncomeRatio": 0.0875766342,
    "eps": 1.22,
    "epsdiluted": 1.18,
    "weightedAverageShsOut": 46034807,
    "weightedAverageShsOutDil": 47715788,
    "link": "https://www.sec.gov/Archives/edgar/data/1286681/000119312517308404/0001193125-17-308404-index.htm",
    "finalLink": "https://www.sec.gov/Archives/edgar/data/1286681/000119312517308404/d457009d10q.htm"
  },
  {
    "date": "2017-06-18",
    "symbol": "DPZ",
    "reportedCurrency": "USD",
    "cik": "0001286681",
    "fillingDate": "2017-07-25",
    "acceptedDate": "2017-07-25 07:38:58",
    "calendarYear": "2017",
    "period": "Q2",
    "revenue": 628611000,
    "costOfRevenue": 435766000,
    "grossProfit": 192845000,
    "grossProfitRatio": 0.3067795505,
    "researchAndDevelopmentExpenses": 0,
    "generalAndAdministrativeExpenses": 79978000,
    "sellingAndMarketingExpenses": 0,
    "sellingGeneralAndAdministrativeExpenses": 79978000,
    "otherExpenses": 0,
    "operatingExpenses": 79978000,
    "costAndExpenses": 515744000,
    "interestIncome": 276000,
    "interestExpense": 24611000,
    "depreciationAndAmortization": 10275000,
    "ebitda": 123142000,
    "ebitdaratio": 0.1958953948,
    "operatingIncome": 112867000,
    "operatingIncomeRatio": 0.1795498329,
    "totalOtherIncomeExpensesNet": -24335000,
    "incomeBeforeTax": 88532000,
    "incomeBeforeTaxRatio": 0.1408374973,
    "incomeTaxExpense": 22791000,
    "netIncome": 65741000,
    "netIncomeRatio": 0.1045813707,
    "eps": 1.36,
    "epsdiluted": 1.32,
    "weightedAverageShsOut": 48247144,
    "weightedAverageShsOutDil": 49776821,
    "link": "https://www.sec.gov/Archives/edgar/data/1286681/000119312517234412/0001193125-17-234412-index.htm",
    "finalLink": "https://www.sec.gov/Archives/edgar/data/1286681/000119312517234412/d422945d10q.htm"
  },
  {
    "date": "2017-03-26",
    "symbol": "DPZ",
    "reportedCurrency": "USD",
    "cik": "0001286681",
    "fillingDate": "2017-04-27",
    "acceptedDate": "2017-04-27 07:38:47",
    "calendarYear": "2017",
    "period": "Q1",
    "revenue": 624217000,
    "costOfRevenue": 430401000,
    "grossProfit": 193816000,
    "grossProfitRatio": 0.3104945876,
    "researchAndDevelopmentExpenses": 0,
    "generalAndAdministrativeExpenses": 77782000,
    "sellingAndMarketingExpenses": 0,
    "sellingGeneralAndAdministrativeExpenses": 77782000,
    "otherExpenses": 0,
    "operatingExpenses": 77782000,
    "costAndExpenses": 508183000,
    "interestIncome": 111000,
    "interestExpense": 25631000,
    "depreciationAndAmortization": 9498000,
    "ebitda": 125643000,
    "ebitdaratio": 0.2012809648,
    "operatingIncome": 116034000,
    "operatingIncomeRatio": 0.1858872796,
    "totalOtherIncomeExpensesNet": -25520000,
    "incomeBeforeTax": 90514000,
    "incomeBeforeTaxRatio": 0.1450040611,
    "incomeTaxExpense": 28045000,
    "netIncome": 62469000,
    "netIncomeRatio": 0.1000757749,
    "eps": 1.31,
    "epsdiluted": 1.26,
    "weightedAverageShsOut": 47839847,
    "weightedAverageShsOutDil": 49706023,
    "link": "https://www.sec.gov/Archives/edgar/data/1286681/000119312517140952/0001193125-17-140952-index.htm",
    "finalLink": "https://www.sec.gov/Archives/edgar/data/1286681/000119312517140952/d378526d10q.htm"
  },
  {
    "date": "2017-01-01",
    "symbol": "DPZ",
    "reportedCurrency": "USD",
    "cik": "0001286681",
    "fillingDate": "2017-02-28",
    "acceptedDate": "2017-02-28 07:35:48",
    "calendarYear": "2016",
    "period": "Q4",
    "revenue": 819435000,
    "costOfRevenue": 564701000,
    "grossProfit": 254734000,
    "grossProfitRatio": 0.3108654134,
    "researchAndDevelopmentExpenses": 0,
    "generalAndAdministrativeExpenses": 104017000,
    "sellingAndMarketingExpenses": 0,
    "sellingGeneralAndAdministrativeExpenses": 104017000,
    "otherExpenses": 0,
    "operatingExpenses": 104017000,
    "costAndExpenses": 668718000,
    "interestIncome": 129000,
    "interestExpense": 33536000,
    "depreciationAndAmortization": 12680000,
    "ebitda": 163526000,
    "ebitdaratio": 0.1995594525,
    "operatingIncome": 150717000,
    "operatingIncomeRatio": 0.1839279504,
    "totalOtherIncomeExpensesNet": -33407000,
    "incomeBeforeTax": 117310000,
    "incomeBeforeTaxRatio": 0.1431596161,
    "incomeTaxExpense": 44576000,
    "netIncome": 72733000,
    "netIncomeRatio": 0.0887599383,
    "eps": 1.51,
    "epsdiluted": 1.48,
    "weightedAverageShsOut": 48100143,
    "weightedAverageShsOutDil": 49090074,
    "link": "https://www.sec.gov/Archives/edgar/data/1286681/000119312517060262/0001193125-17-060262-index.htm",
    "finalLink": "https://www.sec.gov/Archives/edgar/data/1286681/000119312517060262/d350071d10k.htm"
  },
  {
    "date": "2016-09-11",
    "symbol": "DPZ",
    "reportedCurrency": "USD",
    "cik": "0001286681",
    "fillingDate": "2016-10-18",
    "acceptedDate": "2016-10-18 07:34:46",
    "calendarYear": "2016",
    "period": "Q3",
    "revenue": 566677000,
    "costOfRevenue": 392774000,
    "grossProfit": 173903000,
    "grossProfitRatio": 0.306882051,
    "researchAndDevelopmentExpenses": 0,
    "generalAndAdministrativeExpenses": 72992000,
    "sellingAndMarketingExpenses": 0,
    "sellingGeneralAndAdministrativeExpenses": 72992000,
    "otherExpenses": 0,
    "operatingExpenses": 72992000,
    "costAndExpenses": 465766000,
    "interestIncome": 83000,
    "interestExpense": 25180000,
    "depreciationAndAmortization": 8704000,
    "ebitda": 109698000,
    "ebitdaratio": 0.1935811759,
    "operatingIncome": 100911000,
    "operatingIncomeRatio": 0.178074988,
    "totalOtherIncomeExpensesNet": -25097000,
    "incomeBeforeTax": 75814000,
    "incomeBeforeTaxRatio": 0.1337869721,
    "incomeTaxExpense": 28582000,
    "netIncome": 47232000,
    "netIncomeRatio": 0.0833490683,
    "eps": 0.98,
    "epsdiluted": 0.96,
    "weightedAverageShsOut": 48043379,
    "weightedAverageShsOutDil": 49242182,
    "link": "https://www.sec.gov/Archives/edgar/data/1286681/000119312516740199/0001193125-16-740199-index.htm",
    "finalLink": "https://www.sec.gov/Archives/edgar/data/1286681/000119312516740199/d236059d10q.htm"
  },
  {
    "date": "2016-06-19",
    "symbol": "DPZ",
    "reportedCurrency": "USD",
    "cik": "0001286681",
    "fillingDate": "2016-07-21",
    "acceptedDate": "2016-07-21 07:59:25",
    "calendarYear": "2016",
    "period": "Q2",
    "revenue": 547341000,
    "costOfRevenue": 375503000,
    "grossProfit": 171838000,
    "grossProfitRatio": 0.3139505354,
    "researchAndDevelopmentExpenses": 0,
    "generalAndAdministrativeExpenses": 68137000,
    "sellingAndMarketingExpenses": 0,
    "sellingGeneralAndAdministrativeExpenses": 68137000,
    "otherExpenses": 0,
    "operatingExpenses": 68137000,
    "costAndExpenses": 443640000,
    "interestIncome": 197000,
    "interestExpense": 25206000,
    "depreciationAndAmortization": 8535000,
    "ebitda": 112236000,
    "ebitdaratio": 0.205056811,
    "operatingIncome": 103701000,
    "operatingIncomeRatio": 0.1894632414,
    "totalOtherIncomeExpensesNet": -25009000,
    "incomeBeforeTax": 78692000,
    "incomeBeforeTaxRatio": 0.1437714332,
    "incomeTaxExpense": 29431000,
    "netIncome": 49261000,
    "netIncomeRatio": 0.0900005664,
    "eps": 1.02,
    "epsdiluted": 0.98,
    "weightedAverageShsOut": 48336512,
    "weightedAverageShsOutDil": 50459754,
    "link": "https://www.sec.gov/Archives/edgar/data/1286681/000119312516653070/0001193125-16-653070-index.htm",
    "finalLink": "https://www.sec.gov/Archives/edgar/data/1286681/000119312516653070/d210433d10q.htm"
  },
  {
    "date": "2016-03-27",
    "symbol": "DPZ",
    "reportedCurrency": "USD",
    "cik": "0001286681",
    "fillingDate": "2016-04-28",
    "acceptedDate": "2016-04-28 07:37:30",
    "calendarYear": "2016",
    "period": "Q1",
    "revenue": 539175000,
    "costOfRevenue": 371959000,
    "grossProfit": 167216000,
    "grossProfitRatio": 0.3101330737,
    "researchAndDevelopmentExpenses": 0,
    "generalAndAdministrativeExpenses": 68504000,
    "sellingAndMarketingExpenses": 0,
    "sellingGeneralAndAdministrativeExpenses": 68504000,
    "otherExpenses": 0,
    "operatingExpenses": 68504000,
    "costAndExpenses": 440463000,
    "interestIncome": 276000,
    "interestExpense": 26146000,
    "depreciationAndAmortization": 8221000,
    "ebitda": 106933000,
    "ebitdaratio": 0.1983270738,
    "operatingIncome": 98712000,
    "operatingIncomeRatio": 0.1830797051,
    "totalOtherIncomeExpensesNet": -25870000,
    "incomeBeforeTax": 72842000,
    "incomeBeforeTaxRatio": 0.1350989938,
    "incomeTaxExpense": 27391000,
    "netIncome": 45451000,
    "netIncomeRatio": 0.0842973061,
    "eps": 0.91,
    "epsdiluted": 0.89,
    "weightedAverageShsOut": 49697494,
    "weightedAverageShsOutDil": 51230604,
    "link": "https://www.sec.gov/Archives/edgar/data/1286681/000119312516561086/0001193125-16-561086-index.htm",
    "finalLink": "https://www.sec.gov/Archives/edgar/data/1286681/000119312516561086/d159396d10q.htm"
  },
  {
    "date": "2016-01-03",
    "symbol": "DPZ",
    "reportedCurrency": "USD",
    "cik": "0001286681",
    "fillingDate": "2016-02-25",
    "acceptedDate": "2016-02-25 07:36:28",
    "calendarYear": "2015",
    "period": "Q4",
    "revenue": 741183000,
    "costOfRevenue": 509744000,
    "grossProfit": 231439000,
    "grossProfitRatio": 0.3122562174,
    "researchAndDevelopmentExpenses": 0,
    "generalAndAdministrativeExpenses": 93027000,
    "sellingAndMarketingExpenses": 0,
    "sellingGeneralAndAdministrativeExpenses": 93027000,
    "otherExpenses": 0,
    "operatingExpenses": 93027000,
    "costAndExpenses": 602771000,
    "interestIncome": 110000,
    "interestExpense": 40395000,
    "depreciationAndAmortization": 9739000,
    "ebitda": 148261000,
    "ebitdaratio": 0.2000329203,
    "operatingIncome": 138412000,
    "operatingIncomeRatio": 0.1867447041,
    "totalOtherIncomeExpensesNet": -40285000,
    "incomeBeforeTax": 98127000,
    "incomeBeforeTaxRatio": 0.1323924051,
    "incomeTaxExpense": 35368000,
    "netIncome": 62759000,
    "netIncomeRatio": 0.0846740953,
    "eps": 1.15,
    "epsdiluted": 1.15,
    "weightedAverageShsOut": 49838221,
    "weightedAverageShsOutDil": 53351075,
    "link": "https://www.sec.gov/Archives/edgar/data/1286681/000119312516476935/0001193125-16-476935-index.htm",
    "finalLink": "https://www.sec.gov/Archives/edgar/data/1286681/000119312516476935/d128680d10k.htm"
  },
  {
    "date": "2015-09-06",
    "symbol": "DPZ",
    "reportedCurrency": "USD",
    "cik": "0001286681",
    "fillingDate": "2015-10-08",
    "acceptedDate": "2015-10-08 07:37:02",
    "calendarYear": "2015",
    "period": "Q3",
    "revenue": 484696000,
    "costOfRevenue": 342742000,
    "grossProfit": 141954000,
    "grossProfitRatio": 0.2928722333,
    "researchAndDevelopmentExpenses": 0,
    "generalAndAdministrativeExpenses": 61411000,
    "sellingAndMarketingExpenses": 0,
    "sellingGeneralAndAdministrativeExpenses": 61411000,
    "otherExpenses": 0,
    "operatingExpenses": 61411000,
    "costAndExpenses": 404153000,
    "interestIncome": 64000,
    "interestExpense": 19979000,
    "depreciationAndAmortization": 7667000,
    "ebitda": 88210000,
    "ebitdaratio": 0.181990361,
    "operatingIncome": 80543000,
    "operatingIncomeRatio": 0.1661721987,
    "totalOtherIncomeExpensesNet": -19915000,
    "incomeBeforeTax": 60628000,
    "incomeBeforeTaxRatio": 0.1250845891,
    "incomeTaxExpense": 22796000,
    "netIncome": 37832000,
    "netIncomeRatio": 0.0780530477,
    "eps": 0.69,
    "epsdiluted": 0.67,
    "weightedAverageShsOut": 54463073,
    "weightedAverageShsOutDil": 56115670,
    "link": "https://www.sec.gov/Archives/edgar/data/1286681/000119312515339829/0001193125-15-339829-index.htm",
    "finalLink": "https://www.sec.gov/Archives/edgar/data/1286681/000119312515339829/d67435d10q.htm"
  },
  {
    "date": "2015-06-14",
    "symbol": "DPZ",
    "reportedCurrency": "USD",
    "cik": "0001286681",
    "fillingDate": "2015-07-16",
    "acceptedDate": "2015-07-16 07:09:15",
    "calendarYear": "2015",
    "period": "Q2",
    "revenue": 488622000,
    "costOfRevenue": 335950000,
    "grossProfit": 152672000,
    "grossProfitRatio": 0.312454208,
    "researchAndDevelopmentExpenses": 0,
    "generalAndAdministrativeExpenses": 60441000,
    "sellingAndMarketingExpenses": 0,
    "sellingGeneralAndAdministrativeExpenses": 60441000,
    "otherExpenses": 0,
    "operatingExpenses": 60441000,
    "costAndExpenses": 396391000,
    "interestIncome": 57000,
    "interestExpense": 19010000,
    "depreciationAndAmortization": 7681000,
    "ebitda": 99912000,
    "ebitdaratio": 0.2044770804,
    "operatingIncome": 92231000,
    "operatingIncomeRatio": 0.1887573625,
    "totalOtherIncomeExpensesNet": -18953000,
    "incomeBeforeTax": 73278000,
    "incomeBeforeTaxRatio": 0.1499686875,
    "incomeTaxExpense": 27369000,
    "netIncome": 45909000,
    "netIncomeRatio": 0.0939560642,
    "eps": 0.84,
    "epsdiluted": 0.81,
    "weightedAverageShsOut": 54833094,
    "weightedAverageShsOutDil": 56628237,
    "link": "https://www.sec.gov/Archives/edgar/data/1286681/000156459015005457/0001564590-15-005457-index.htm",
    "finalLink": "https://www.sec.gov/Archives/edgar/data/1286681/000156459015005457/dpz-10q_20150614.htm"
  },
  {
    "date": "2015-03-22",
    "symbol": "DPZ",
    "reportedCurrency": "USD",
    "cik": "0001286681",
    "fillingDate": "2015-04-23",
    "acceptedDate": "2015-04-23 07:35:28",
    "calendarYear": "2015",
    "period": "Q1",
    "revenue": 502027000,
    "costOfRevenue": 344961000,
    "grossProfit": 157066000,
    "grossProfitRatio": 0.3128636508,
    "researchAndDevelopmentExpenses": 0,
    "generalAndAdministrativeExpenses": 62813000,
    "sellingAndMarketingExpenses": 0,
    "sellingGeneralAndAdministrativeExpenses": 62813000,
    "otherExpenses": 0,
    "operatingExpenses": 62813000,
    "costAndExpenses": 407774000,
    "interestIncome": 82000,
    "interestExpense": 20153000,
    "depreciationAndAmortization": 7347000,
    "ebitda": 101600000,
    "ebitdaratio": 0.2023795533,
    "operatingIncome": 94253000,
    "operatingIncomeRatio": 0.1877448822,
    "totalOtherIncomeExpensesNet": -20071000,
    "incomeBeforeTax": 74182000,
    "incomeBeforeTaxRatio": 0.1477649608,
    "incomeTaxExpense": 27893000,
    "netIncome": 46289000,
    "netIncomeRatio": 0.0922042042,
    "eps": 0.84,
    "epsdiluted": 0.81,
    "weightedAverageShsOut": 55360858,
    "weightedAverageShsOutDil": 57013552,
    "link": "https://www.sec.gov/Archives/edgar/data/1286681/000156459015002784/0001564590-15-002784-index.htm",
    "finalLink": "https://www.sec.gov/Archives/edgar/data/1286681/000156459015002784/dpz-10q_20150322.htm"
  },
  {
    "date": "2014-12-28",
    "symbol": "DPZ",
    "reportedCurrency": "USD",
    "cik": "0001286681",
    "fillingDate": "2015-02-24",
    "acceptedDate": "2015-02-24 07:42:32",
    "calendarYear": "2014",
    "period": "Q4",
    "revenue": 642950000,
    "costOfRevenue": 453385000,
    "grossProfit": 189565000,
    "grossProfitRatio": 0.2948363014,
    "researchAndDevelopmentExpenses": 0,
    "generalAndAdministrativeExpenses": 86683000,
    "sellingAndMarketingExpenses": 0,
    "sellingGeneralAndAdministrativeExpenses": 86683000,
    "otherExpenses": 0,
    "operatingExpenses": 86683000,
    "costAndExpenses": 540068000,
    "interestIncome": 63000,
    "interestExpense": 26730000,
    "depreciationAndAmortization": 15764000,
    "ebitda": 118709000,
    "ebitdaratio": 0.1846317754,
    "operatingIncome": 102882000,
    "operatingIncomeRatio": 0.1600155533,
    "totalOtherIncomeExpensesNet": -26667000,
    "incomeBeforeTax": 76215000,
    "incomeBeforeTaxRatio": 0.1185395443,
    "incomeTaxExpense": 28182000,
    "netIncome": 48033000,
    "netIncomeRatio": 0.074707209,
    "eps": 0.86,
    "epsdiluted": 0.85,
    "weightedAverageShsOut": 55553149,
    "weightedAverageShsOutDil": 56777007,
    "link": "https://www.sec.gov/Archives/edgar/data/1286681/000119312515059100/0001193125-15-059100-index.htm",
    "finalLink": "https://www.sec.gov/Archives/edgar/data/1286681/000119312515059100/d866504d10k.htm"
  },
  {
    "date": "2014-09-07",
    "symbol": "DPZ",
    "reportedCurrency": "USD",
    "cik": "0001286681",
    "fillingDate": "2014-10-14",
    "acceptedDate": "2014-10-14 07:39:17",
    "calendarYear": "2014",
    "period": "Q3",
    "revenue": 446568000,
    "costOfRevenue": 313054000,
    "grossProfit": 133514000,
    "grossProfitRatio": 0.2989779832,
    "researchAndDevelopmentExpenses": 0,
    "generalAndAdministrativeExpenses": 56573000,
    "sellingAndMarketingExpenses": 0,
    "sellingGeneralAndAdministrativeExpenses": 56573000,
    "otherExpenses": 0,
    "operatingExpenses": 56573000,
    "costAndExpenses": 369627000,
    "interestIncome": 22000,
    "interestExpense": 19974000,
    "depreciationAndAmortization": 6947000,
    "ebitda": 83888000,
    "ebitdaratio": 0.1878504505,
    "operatingIncome": 76941000,
    "operatingIncomeRatio": 0.1722940291,
    "totalOtherIncomeExpensesNet": -19952000,
    "incomeBeforeTax": 56989000,
    "incomeBeforeTaxRatio": 0.1276155031,
    "incomeTaxExpense": 21371000,
    "netIncome": 35618000,
    "netIncomeRatio": 0.0797594095,
    "eps": 0.65,
    "epsdiluted": 0.63,
    "weightedAverageShsOut": 54620539,
    "weightedAverageShsOutDil": 56610608,
    "link": "https://www.sec.gov/Archives/edgar/data/1286681/000119312514370272/0001193125-14-370272-index.htm",
    "finalLink": "https://www.sec.gov/Archives/edgar/data/1286681/000119312514370272/d798310d10q.htm"
  },
  {
    "date": "2014-06-15",
    "symbol": "DPZ",
    "reportedCurrency": "USD",
    "cik": "0001286681",
    "fillingDate": "2014-07-22",
    "acceptedDate": "2014-07-22 07:34:52",
    "calendarYear": "2014",
    "period": "Q2",
    "revenue": 450463000,
    "costOfRevenue": 315818000,
    "grossProfit": 134645000,
    "grossProfitRatio": 0.2989035725,
    "researchAndDevelopmentExpenses": 0,
    "generalAndAdministrativeExpenses": 53282000,
    "sellingAndMarketingExpenses": 0,
    "sellingGeneralAndAdministrativeExpenses": 53282000,
    "otherExpenses": 0,
    "operatingExpenses": 53282000,
    "costAndExpenses": 369100000,
    "interestIncome": 27000,
    "interestExpense": 19851000,
    "depreciationAndAmortization": 6656000,
    "ebitda": 86319000,
    "ebitdaratio": 0.1916228414,
    "operatingIncome": 81363000,
    "operatingIncomeRatio": 0.1806208279,
    "totalOtherIncomeExpensesNet": -19824000,
    "incomeBeforeTax": 61539000,
    "incomeBeforeTaxRatio": 0.136612774,
    "incomeTaxExpense": 23077000,
    "netIncome": 38462000,
    "netIncomeRatio": 0.0853832612,
    "eps": 0.7,
    "epsdiluted": 0.67,
    "weightedAverageShsOut": 55015394,
    "weightedAverageShsOutDil": 57124457,
    "link": "https://www.sec.gov/Archives/edgar/data/1286681/000119312514274934/0001193125-14-274934-index.htm",
    "finalLink": "https://www.sec.gov/Archives/edgar/data/1286681/000119312514274934/d746984d10q.htm"
  },
  {
    "date": "2014-03-23",
    "symbol": "DPZ",
    "reportedCurrency": "USD",
    "cik": "0001286681",
    "fillingDate": "2014-05-01",
    "acceptedDate": "2014-05-01 07:35:08",
    "calendarYear": "2014",
    "period": "Q1",
    "revenue": 453852000,
    "costOfRevenue": 316810000,
    "grossProfit": 137042000,
    "grossProfitRatio": 0.3019530596,
    "researchAndDevelopmentExpenses": 0,
    "generalAndAdministrativeExpenses": 52867000,
    "sellingAndMarketingExpenses": 0,
    "sellingGeneralAndAdministrativeExpenses": 52867000,
    "otherExpenses": 0,
    "operatingExpenses": 52867000,
    "costAndExpenses": 369677000,
    "interestIncome": 31000,
    "interestExpense": 20326000,
    "depreciationAndAmortization": 6421000,
    "ebitda": 90596000,
    "ebitdaratio": 0.1996157338,
    "operatingIncome": 84175000,
    "operatingIncomeRatio": 0.1854679499,
    "totalOtherIncomeExpensesNet": -20295000,
    "incomeBeforeTax": 63880000,
    "incomeBeforeTaxRatio": 0.1407507293,
    "incomeTaxExpense": 23406000,
    "netIncome": 40474000,
    "netIncomeRatio": 0.0891788513,
    "eps": 0.73,
    "epsdiluted": 0.71,
    "weightedAverageShsOut": 55211837,
    "weightedAverageShsOutDil": 57372471,
    "link": "https://www.sec.gov/Archives/edgar/data/1286681/000119312514174527/0001193125-14-174527-index.htm",
    "finalLink": "https://www.sec.gov/Archives/edgar/data/1286681/000119312514174527/d714910d10q.htm"
  },
  {
    "date": "2013-12-29",
    "symbol": "DPZ",
    "reportedCurrency": "USD",
    "cik": "0001286681",
    "fillingDate": "2014-02-25",
    "acceptedDate": "2014-02-25 07:40:29",
    "calendarYear": "2013",
    "period": "Q4",
    "revenue": 566547000,
    "costOfRevenue": 394000000,
    "grossProfit": 172547000,
    "grossProfitRatio": 0.3045590216,
    "researchAndDevelopmentExpenses": 0,
    "generalAndAdministrativeExpenses": 74877000,
    "sellingAndMarketingExpenses": 0,
    "sellingGeneralAndAdministrativeExpenses": 74877000,
    "otherExpenses": 0,
    "operatingExpenses": 74877000,
    "costAndExpenses": 468877000,
    "interestIncome": 63000,
    "interestExpense": 27154000,
    "depreciationAndAmortization": 8303000,
    "ebitda": 100967000,
    "ebitdaratio": 0.1782146936,
    "operatingIncome": 97670000,
    "operatingIncomeRatio": 0.1723952293,
    "totalOtherIncomeExpensesNet": -27091000,
    "incomeBeforeTax": 70579000,
    "incomeBeforeTaxRatio": 0.1245774843,
    "incomeTaxExpense": 25916000,
    "netIncome": 44663000,
    "netIncomeRatio": 0.0788337066,
    "eps": 0.8,
    "epsdiluted": 0.78,
    "weightedAverageShsOut": 55768672,
    "weightedAverageShsOutDil": 57412557,
    "link": "https://www.sec.gov/Archives/edgar/data/1286681/000119312514066092/0001193125-14-066092-index.htm",
    "finalLink": "https://www.sec.gov/Archives/edgar/data/1286681/000119312514066092/d661353d10k.htm"
  },
  {
    "date": "2013-09-08",
    "symbol": "DPZ",
    "reportedCurrency": "USD",
    "cik": "0001286681",
    "fillingDate": "2013-10-15",
    "acceptedDate": "2013-10-15 07:42:48",
    "calendarYear": "2013",
    "period": "Q3",
    "revenue": 404050000,
    "costOfRevenue": 283416000,
    "grossProfit": 120634000,
    "grossProfitRatio": 0.2985620592,
    "researchAndDevelopmentExpenses": 0,
    "generalAndAdministrativeExpenses": 53858000,
    "sellingAndMarketingExpenses": 0,
    "sellingGeneralAndAdministrativeExpenses": 53858000,
    "otherExpenses": 0,
    "operatingExpenses": 53858000,
    "costAndExpenses": 337274000,
    "interestIncome": 24000,
    "interestExpense": 20347000,
    "depreciationAndAmortization": 6073000,
    "ebitda": 72849000,
    "ebitdaratio": 0.1802969929,
    "operatingIncome": 66776000,
    "operatingIncomeRatio": 0.1652666749,
    "totalOtherIncomeExpensesNet": -20323000,
    "incomeBeforeTax": 46453000,
    "incomeBeforeTaxRatio": 0.1149684445,
    "incomeTaxExpense": 15821000,
    "netIncome": 30632000,
    "netIncomeRatio": 0.0758123995,
    "eps": 0.56,
    "epsdiluted": 0.53,
    "weightedAverageShsOut": 55065450,
    "weightedAverageShsOutDil": 57345677,
    "link": "https://www.sec.gov/Archives/edgar/data/1286681/000119312513398993/0001193125-13-398993-index.htm",
    "finalLink": "https://www.sec.gov/Archives/edgar/data/1286681/000119312513398993/d605178d10q.htm"
  },
  {
    "date": "2013-06-16",
    "symbol": "DPZ",
    "reportedCurrency": "USD",
    "cik": "0001286681",
    "fillingDate": "2013-07-23",
    "acceptedDate": "2013-07-23 07:35:11",
    "calendarYear": "2013",
    "period": "Q2",
    "revenue": 414009000,
    "costOfRevenue": 288022000,
    "grossProfit": 125987000,
    "grossProfitRatio": 0.3043098097,
    "researchAndDevelopmentExpenses": 0,
    "generalAndAdministrativeExpenses": 52146000,
    "sellingAndMarketingExpenses": 0,
    "sellingGeneralAndAdministrativeExpenses": 52146000,
    "otherExpenses": 0,
    "operatingExpenses": 52146000,
    "costAndExpenses": 340168000,
    "interestIncome": 30000,
    "interestExpense": 20426000,
    "depreciationAndAmortization": 5776000,
    "ebitda": 79647000,
    "ebitdaratio": 0.1923798758,
    "operatingIncome": 73841000,
    "operatingIncomeRatio": 0.1783560261,
    "totalOtherIncomeExpensesNet": -20396000,
    "incomeBeforeTax": 53445000,
    "incomeBeforeTaxRatio": 0.1290913966,
    "incomeTaxExpense": 20175000,
    "netIncome": 33270000,
    "netIncomeRatio": 0.0803605719,
    "eps": 0.6,
    "epsdiluted": 0.57,
    "weightedAverageShsOut": 55468971,
    "weightedAverageShsOutDil": 57960232,
    "link": "https://www.sec.gov/Archives/edgar/data/1286681/000119312513298023/0001193125-13-298023-index.htm",
    "finalLink": "https://www.sec.gov/Archives/edgar/data/1286681/000119312513298023/d562032d10q.htm"
  },
  {
    "date": "2013-03-24",
    "symbol": "DPZ",
    "reportedCurrency": "USD",
    "cik": "0001286681",
    "fillingDate": "2013-04-30",
    "acceptedDate": "2013-04-30 07:38:38",
    "calendarYear": "2013",
    "period": "Q1",
    "revenue": 417617000,
    "costOfRevenue": 287811000,
    "grossProfit": 129806000,
    "grossProfitRatio": 0.3108254693,
    "researchAndDevelopmentExpenses": 0,
    "generalAndAdministrativeExpenses": 54281000,
    "sellingAndMarketingExpenses": 0,
    "sellingGeneralAndAdministrativeExpenses": 54281000,
    "otherExpenses": 0,
    "operatingExpenses": 54281000,
    "costAndExpenses": 342092000,
    "interestIncome": 42000,
    "interestExpense": 20945000,
    "depreciationAndAmortization": 5631000,
    "ebitda": 81198000,
    "ebitdaratio": 0.1944317401,
    "operatingIncome": 75525000,
    "operatingIncomeRatio": 0.180847523,
    "totalOtherIncomeExpensesNet": -20903000,
    "incomeBeforeTax": 54622000,
    "incomeBeforeTaxRatio": 0.1307944839,
    "incomeTaxExpense": 20202000,
    "netIncome": 34420000,
    "netIncomeRatio": 0.0824200164,
    "eps": 0.62,
    "epsdiluted": 0.59,
    "weightedAverageShsOut": 55746790,
    "weightedAverageShsOutDil": 58224408,
    "link": "https://www.sec.gov/Archives/edgar/data/1286681/000119312513184382/0001193125-13-184382-index.htm",
    "finalLink": "https://www.sec.gov/Archives/edgar/data/1286681/000119312513184382/d523428d10q.htm"
  },
  {
    "date": "2012-12-30",
    "symbol": "DPZ",
    "reportedCurrency": "USD",
    "cik": "0001286681",
    "fillingDate": "2013-02-28",
    "acceptedDate": "2013-02-28 07:34:27",
    "calendarYear": "2012",
    "period": "Q4",
    "revenue": 539650000,
    "costOfRevenue": 378975000,
    "grossProfit": 160675000,
    "grossProfitRatio": 0.2977392755,
    "researchAndDevelopmentExpenses": 0,
    "generalAndAdministrativeExpenses": 72636000,
    "sellingAndMarketingExpenses": 0,
    "sellingGeneralAndAdministrativeExpenses": 72636000,
    "otherExpenses": 0,
    "operatingExpenses": 72636000,
    "costAndExpenses": 451611000,
    "interestIncome": 64000,
    "interestExpense": 27797000,
    "depreciationAndAmortization": 7319000,
    "ebitda": 95422000,
    "ebitdaratio": 0.1768220143,
    "operatingIncome": 88039000,
    "operatingIncomeRatio": 0.1631409247,
    "totalOtherIncomeExpensesNet": -27733000,
    "incomeBeforeTax": 60306000,
    "incomeBeforeTaxRatio": 0.1117502085,
    "incomeTaxExpense": 22728000,
    "netIncome": 37578000,
    "netIncomeRatio": 0.0696340221,
    "eps": 0.66,
    "epsdiluted": 0.66,
    "weightedAverageShsOut": 55913434,
    "weightedAverageShsOutDil": 56846578,
    "link": "https://www.sec.gov/Archives/edgar/data/1286681/000119312513081957/0001193125-13-081957-index.htm",
    "finalLink": "https://www.sec.gov/Archives/edgar/data/1286681/000119312513081957/d466015d10k.htm"
  },
  {
    "date": "2012-09-09",
    "symbol": "DPZ",
    "reportedCurrency": "USD",
    "cik": "0001286681",
    "fillingDate": "2012-10-16",
    "acceptedDate": "2012-10-16 07:36:43",
    "calendarYear": "2012",
    "period": "Q3",
    "revenue": 378077000,
    "costOfRevenue": 266670000,
    "grossProfit": 111407000,
    "grossProfitRatio": 0.2946674884,
    "researchAndDevelopmentExpenses": 0,
    "generalAndAdministrativeExpenses": 49789000,
    "sellingAndMarketingExpenses": 0,
    "sellingGeneralAndAdministrativeExpenses": 49789000,
    "otherExpenses": 0,
    "operatingExpenses": 49789000,
    "costAndExpenses": 316459000,
    "interestIncome": 34000,
    "interestExpense": 20683000,
    "depreciationAndAmortization": 5411000,
    "ebitda": 67063000,
    "ebitdaratio": 0.1773792111,
    "operatingIncome": 61618000,
    "operatingIncomeRatio": 0.1629773829,
    "totalOtherIncomeExpensesNet": -20649000,
    "incomeBeforeTax": 40969000,
    "incomeBeforeTaxRatio": 0.1083615242,
    "incomeTaxExpense": 14993000,
    "netIncome": 25976000,
    "netIncomeRatio": 0.0687055811,
    "eps": 0.46,
    "epsdiluted": 0.44,
    "weightedAverageShsOut": 56846578,
    "weightedAverageShsOutDil": 59036364,
    "link": "https://www.sec.gov/Archives/edgar/data/1286681/000119312512423978/0001193125-12-423978-index.htm",
    "finalLink": "https://www.sec.gov/Archives/edgar/data/1286681/000119312512423978/d412797d10q.htm"
  },
  {
    "date": "2012-06-17",
    "symbol": "DPZ",
    "reportedCurrency": "USD",
    "cik": "0001286681",
    "fillingDate": "2012-07-24",
    "acceptedDate": "2012-07-24 07:37:42",
    "calendarYear": "2012",
    "period": "Q2",
    "revenue": 376124000,
    "costOfRevenue": 261517000,
    "grossProfit": 114607000,
    "grossProfitRatio": 0.3047053631,
    "researchAndDevelopmentExpenses": 0,
    "generalAndAdministrativeExpenses": 48829000,
    "sellingAndMarketingExpenses": 0,
    "sellingGeneralAndAdministrativeExpenses": 48829000,
    "otherExpenses": 0,
    "operatingExpenses": 48829000,
    "costAndExpenses": 310346000,
    "interestIncome": 52000,
    "interestExpense": 20717000,
    "depreciationAndAmortization": 5225000,
    "ebitda": 71055000,
    "ebitdaratio": 0.1889137625,
    "operatingIncome": 65778000,
    "operatingIncomeRatio": 0.1748838149,
    "totalOtherIncomeExpensesNet": -20665000,
    "incomeBeforeTax": 45113000,
    "incomeBeforeTaxRatio": 0.1199418277,
    "incomeTaxExpense": 17018000,
    "netIncome": 28095000,
    "netIncomeRatio": 0.0746961109,
    "eps": 0.5,
    "epsdiluted": 0.47,
    "weightedAverageShsOut": 56724754,
    "weightedAverageShsOutDil": 59449449,
    "link": "https://www.sec.gov/Archives/edgar/data/1286681/000119312512311306/0001193125-12-311306-index.htm",
    "finalLink": "https://www.sec.gov/Archives/edgar/data/1286681/000119312512311306/d368323d10q.htm"
  },
  {
    "date": "2012-03-25",
    "symbol": "DPZ",
    "reportedCurrency": "USD",
    "cik": "0001286681",
    "fillingDate": "2012-05-01",
    "acceptedDate": "2012-05-01 07:35:01",
    "calendarYear": "2012",
    "period": "Q1",
    "revenue": 384587000,
    "costOfRevenue": 269938000,
    "grossProfit": 114649000,
    "grossProfitRatio": 0.2981094005,
    "researchAndDevelopmentExpenses": 0,
    "generalAndAdministrativeExpenses": 47754000,
    "sellingAndMarketingExpenses": 0,
    "sellingGeneralAndAdministrativeExpenses": 47754000,
    "otherExpenses": 0,
    "operatingExpenses": 47754000,
    "costAndExpenses": 317692000,
    "interestIncome": 154000,
    "interestExpense": 32250000,
    "depreciationAndAmortization": 5216000,
    "ebitda": 72265000,
    "ebitdaratio": 0.1879028672,
    "operatingIncome": 66895000,
    "operatingIncomeRatio": 0.1739398368,
    "totalOtherIncomeExpensesNet": -32096000,
    "incomeBeforeTax": 34799000,
    "incomeBeforeTaxRatio": 0.0904840777,
    "incomeTaxExpense": 14057000,
    "netIncome": 20742000,
    "netIncomeRatio": 0.0539331803,
    "eps": 0.36,
    "epsdiluted": 0.35,
    "weightedAverageShsOut": 56957875,
    "weightedAverageShsOutDil": 59660962,
    "link": "https://www.sec.gov/Archives/edgar/data/1286681/000119312512198345/0001193125-12-198345-index.htm",
    "finalLink": "https://www.sec.gov/Archives/edgar/data/1286681/000119312512198345/d335775d10q.htm"
  },
  {
    "date": "2012-01-01",
    "symbol": "DPZ",
    "reportedCurrency": "USD",
    "cik": "0001286681",
    "fillingDate": "2012-02-28",
    "acceptedDate": "2012-02-28 07:33:16",
    "calendarYear": "2011",
    "period": "Q4",
    "revenue": 501748000,
    "costOfRevenue": 356890000,
    "grossProfit": 144858000,
    "grossProfitRatio": 0.2887066814,
    "researchAndDevelopmentExpenses": 0,
    "generalAndAdministrativeExpenses": 47307500,
    "sellingAndMarketingExpenses": 21417500,
    "sellingGeneralAndAdministrativeExpenses": 68725000,
    "otherExpenses": 0,
    "operatingExpenses": 68725000,
    "costAndExpenses": 425615000,
    "interestIncome": 83000,
    "interestExpense": 28150000,
    "depreciationAndAmortization": 6964000,
    "ebitda": 83180000,
    "ebitdaratio": 0.1657804316,
    "operatingIncome": 76133000,
    "operatingIncomeRatio": 0.1517355326,
    "totalOtherIncomeExpensesNet": -28067000,
    "incomeBeforeTax": 48066000,
    "incomeBeforeTaxRatio": 0.0957970934,
    "incomeTaxExpense": 17155000,
    "netIncome": 30911000,
    "netIncomeRatio": 0.0616066232,
    "eps": 0.54,
    "epsdiluted": 0.54,
    "weightedAverageShsOut": 56660502,
    "weightedAverageShsOutDil": 56957875,
    "link": "https://www.sec.gov/Archives/edgar/data/1286681/000119312512083193/0001193125-12-083193-index.htm",
    "finalLink": "https://www.sec.gov/Archives/edgar/data/1286681/000119312512083193/d256751d10k.htm"
  },
  {
    "date": "2011-09-11",
    "symbol": "DPZ",
    "reportedCurrency": "USD",
    "cik": "0001286681",
    "fillingDate": "2011-10-18",
    "acceptedDate": "2011-10-18 07:36:59",
    "calendarYear": "2011",
    "period": "Q3",
    "revenue": 376326000,
    "costOfRevenue": 272967000,
    "grossProfit": 103359000,
    "grossProfitRatio": 0.2746528276,
    "researchAndDevelopmentExpenses": 0,
    "generalAndAdministrativeExpenses": 47505000,
    "sellingAndMarketingExpenses": 0,
    "sellingGeneralAndAdministrativeExpenses": 47505000,
    "otherExpenses": 0,
    "operatingExpenses": 47505000,
    "costAndExpenses": 320472000,
    "interestIncome": 60000,
    "interestExpense": 20984000,
    "depreciationAndAmortization": 6010000,
    "ebitda": 61924000,
    "ebitdaratio": 0.164548822,
    "operatingIncome": 55854000,
    "operatingIncomeRatio": 0.1484191897,
    "totalOtherIncomeExpensesNet": -20924000,
    "incomeBeforeTax": 34930000,
    "incomeBeforeTaxRatio": 0.0928184606,
    "incomeTaxExpense": 12839000,
    "netIncome": 22091000,
    "netIncomeRatio": 0.0587017639,
    "eps": 0.38,
    "epsdiluted": 0.36,
    "weightedAverageShsOut": 58245320,
    "weightedAverageShsOutDil": 61363889,
    "link": "https://www.sec.gov/Archives/edgar/data/1286681/000119312511273287/0001193125-11-273287-index.htm",
    "finalLink": "https://www.sec.gov/Archives/edgar/data/1286681/000119312511273287/d238239d10q.htm"
  },
  {
    "date": "2011-06-19",
    "symbol": "DPZ",
    "reportedCurrency": "USD",
    "cik": "0001286681",
    "fillingDate": "2011-07-26",
    "acceptedDate": "2011-07-26 07:33:25",
    "calendarYear": "2011",
    "period": "Q2",
    "revenue": 384933000,
    "costOfRevenue": 274239000,
    "grossProfit": 110694000,
    "grossProfitRatio": 0.2875669272,
    "researchAndDevelopmentExpenses": 0,
    "generalAndAdministrativeExpenses": 48648000,
    "sellingAndMarketingExpenses": 0,
    "sellingGeneralAndAdministrativeExpenses": 48648000,
    "otherExpenses": 0,
    "operatingExpenses": 48648000,
    "costAndExpenses": 322887000,
    "interestIncome": 74000,
    "interestExpense": 21044000,
    "depreciationAndAmortization": 5462000,
    "ebitda": 67582000,
    "ebitdaratio": 0.1755682158,
    "operatingIncome": 62046000,
    "operatingIncomeRatio": 0.1611864922,
    "totalOtherIncomeExpensesNet": -20970000,
    "incomeBeforeTax": 41076000,
    "incomeBeforeTaxRatio": 0.1067094793,
    "incomeTaxExpense": 15828000,
    "netIncome": 25248000,
    "netIncomeRatio": 0.0655906353,
    "eps": 0.42,
    "epsdiluted": 0.4,
    "weightedAverageShsOut": 60428350,
    "weightedAverageShsOutDil": 63226096,
    "link": "https://www.sec.gov/Archives/edgar/data/1286681/000119312511196774/0001193125-11-196774-index.htm",
    "finalLink": "https://www.sec.gov/Archives/edgar/data/1286681/000119312511196774/d10q.htm"
  },
  {
    "date": "2011-03-27",
    "symbol": "DPZ",
    "reportedCurrency": "USD",
    "cik": "0001286681",
    "fillingDate": "2011-05-05",
    "acceptedDate": "2011-05-05 07:32:53",
    "calendarYear": "2011",
    "period": "Q1",
    "revenue": 389186000,
    "costOfRevenue": 277580000,
    "grossProfit": 111606000,
    "grossProfitRatio": 0.2867677666,
    "researchAndDevelopmentExpenses": 0,
    "generalAndAdministrativeExpenses": 46494000,
    "sellingAndMarketingExpenses": 0,
    "sellingGeneralAndAdministrativeExpenses": 46494000,
    "otherExpenses": 0,
    "operatingExpenses": 46494000,
    "costAndExpenses": 324074000,
    "interestIncome": 80000,
    "interestExpense": 21457000,
    "depreciationAndAmortization": 5606000,
    "ebitda": 70798000,
    "ebitdaratio": 0.1819130185,
    "operatingIncome": 65112000,
    "operatingIncomeRatio": 0.1673030376,
    "totalOtherIncomeExpensesNet": -21377000,
    "incomeBeforeTax": 43735000,
    "incomeBeforeTaxRatio": 0.1123755736,
    "incomeTaxExpense": 16624000,
    "netIncome": 27111000,
    "netIncomeRatio": 0.0696607792,
    "eps": 0.46,
    "epsdiluted": 0.43,
    "weightedAverageShsOut": 59410513,
    "weightedAverageShsOutDil": 62340128,
    "link": "https://www.sec.gov/Archives/edgar/data/1286681/000119312511127320/0001193125-11-127320-index.htm",
    "finalLink": "https://www.sec.gov/Archives/edgar/data/1286681/000119312511127320/d10q.htm"
  },
  {
    "date": "2011-01-02",
    "symbol": "DPZ",
    "reportedCurrency": "USD",
    "cik": "0001286681",
    "fillingDate": "2011-03-01",
    "acceptedDate": "2011-03-01 07:36:45",
    "calendarYear": "2010",
    "period": "Q4",
    "revenue": 479971000,
    "costOfRevenue": 343863000,
    "grossProfit": 136108000,
    "grossProfitRatio": 0.283575466,
    "researchAndDevelopmentExpenses": 0,
    "generalAndAdministrativeExpenses": 91547800,
    "sellingAndMarketingExpenses": -22827800,
    "sellingGeneralAndAdministrativeExpenses": 68720000,
    "otherExpenses": 0,
    "operatingExpenses": 68720000,
    "costAndExpenses": 412583000,
    "interestIncome": 98000,
    "interestExpense": 28865000,
    "depreciationAndAmortization": 7627000,
    "ebitda": 74348000,
    "ebitdaratio": 0.1549010253,
    "operatingIncome": 67388000,
    "operatingIncomeRatio": 0.1404001492,
    "totalOtherIncomeExpensesNet": -29532000,
    "incomeBeforeTax": 37856000,
    "incomeBeforeTaxRatio": 0.0788714318,
    "incomeTaxExpense": 13683000,
    "netIncome": 24173000,
    "netIncomeRatio": 0.0503634595,
    "eps": 0.41,
    "epsdiluted": 0.41,
    "weightedAverageShsOut": 59207896,
    "weightedAverageShsOutDil": 59410513,
    "link": "https://www.sec.gov/Archives/edgar/data/1286681/000119312511050979/0001193125-11-050979-index.htm",
    "finalLink": "https://www.sec.gov/Archives/edgar/data/1286681/000119312511050979/d10k.htm"
  },
  {
    "date": "2010-09-12",
    "symbol": "DPZ",
    "reportedCurrency": "USD",
    "cik": "0001286681",
    "fillingDate": "2010-10-19",
    "acceptedDate": "2010-10-19 07:32:25",
    "calendarYear": "2010",
    "period": "Q3",
    "revenue": 347388000,
    "costOfRevenue": 253235000,
    "grossProfit": 94153000,
    "grossProfitRatio": 0.2710312388,
    "researchAndDevelopmentExpenses": 0,
    "generalAndAdministrativeExpenses": 45929000,
    "sellingAndMarketingExpenses": 0,
    "sellingGeneralAndAdministrativeExpenses": 45929000,
    "otherExpenses": 0,
    "operatingExpenses": 45929000,
    "costAndExpenses": 299164000,
    "interestIncome": 67000,
    "interestExpense": 22021000,
    "depreciationAndAmortization": 5431000,
    "ebitda": 54660000,
    "ebitdaratio": 0.1573456769,
    "operatingIncome": 48224000,
    "operatingIncomeRatio": 0.1388188423,
    "totalOtherIncomeExpensesNet": -21016000,
    "incomeBeforeTax": 27208000,
    "incomeBeforeTaxRatio": 0.0783216461,
    "incomeTaxExpense": 10608000,
    "netIncome": 16600000,
    "netIncomeRatio": 0.0477851854,
    "eps": 0.28,
    "epsdiluted": 0.27,
    "weightedAverageShsOut": 58466720,
    "weightedAverageShsOutDil": 60688791,
    "link": "https://www.sec.gov/Archives/edgar/data/1286681/000119312510231367/0001193125-10-231367-index.htm",
    "finalLink": "https://www.sec.gov/Archives/edgar/data/1286681/000119312510231367/d10q.htm"
  },
  {
    "date": "2010-06-20",
    "symbol": "DPZ",
    "reportedCurrency": "USD",
    "cik": "0001286681",
    "fillingDate": "2010-07-27",
    "acceptedDate": "2010-07-27 07:33:04",
    "calendarYear": "2010",
    "period": "Q2",
    "revenue": 362405000,
    "costOfRevenue": 262069000,
    "grossProfit": 100336000,
    "grossProfitRatio": 0.2768615223,
    "researchAndDevelopmentExpenses": 0,
    "generalAndAdministrativeExpenses": 45787000,
    "sellingAndMarketingExpenses": 0,
    "sellingGeneralAndAdministrativeExpenses": 45787000,
    "otherExpenses": 0,
    "operatingExpenses": 45787000,
    "costAndExpenses": 307856000,
    "interestIncome": 48000,
    "interestExpense": 21770000,
    "depreciationAndAmortization": 5491000,
    "ebitda": 61581000,
    "ebitdaratio": 0.1699231523,
    "operatingIncome": 54549000,
    "operatingIncomeRatio": 0.1505194465,
    "totalOtherIncomeExpensesNet": -20229000,
    "incomeBeforeTax": 34320000,
    "incomeBeforeTaxRatio": 0.0947006802,
    "incomeTaxExpense": 11695000,
    "netIncome": 22625000,
    "netIncomeRatio": 0.0624301541,
    "eps": 0.39,
    "epsdiluted": 0.37,
    "weightedAverageShsOut": 58221492,
    "weightedAverageShsOutDil": 60760689,
    "link": "https://www.sec.gov/Archives/edgar/data/1286681/000119312510166716/0001193125-10-166716-index.htm",
    "finalLink": "https://www.sec.gov/Archives/edgar/data/1286681/000119312510166716/d10q.htm"
  },
  {
    "date": "2010-03-28",
    "symbol": "DPZ",
    "reportedCurrency": "USD",
    "cik": "0001286681",
    "fillingDate": "2010-05-04",
    "acceptedDate": "2010-05-04 07:36:36",
    "calendarYear": "2010",
    "period": "Q1",
    "revenue": 381131000,
    "costOfRevenue": 273137000,
    "grossProfit": 107994000,
    "grossProfitRatio": 0.2833513936,
    "researchAndDevelopmentExpenses": 0,
    "generalAndAdministrativeExpenses": 50453000,
    "sellingAndMarketingExpenses": 0,
    "sellingGeneralAndAdministrativeExpenses": 50453000,
    "otherExpenses": 0,
    "operatingExpenses": 50453000,
    "costAndExpenses": 323590000,
    "interestIncome": 30000,
    "interestExpense": 24153000,
    "depreciationAndAmortization": 5503000,
    "ebitda": 69218000,
    "ebitdaratio": 0.1816120966,
    "operatingIncome": 57541000,
    "operatingIncomeRatio": 0.1509743369,
    "totalOtherIncomeExpensesNet": -17979000,
    "incomeBeforeTax": 39562000,
    "incomeBeforeTaxRatio": 0.10380158,
    "incomeTaxExpense": 15043000,
    "netIncome": 24519000,
    "netIncomeRatio": 0.0643322112,
    "eps": 0.42,
    "epsdiluted": 0.41,
    "weightedAverageShsOut": 58804238,
    "weightedAverageShsOutDil": 59731959,
    "link": "https://www.sec.gov/Archives/edgar/data/1286681/000119312510105403/0001193125-10-105403-index.htm",
    "finalLink": "https://www.sec.gov/Archives/edgar/data/1286681/000119312510105403/d10q.htm"
  },
  {
    "date": "2010-01-03",
    "symbol": "DPZ",
    "reportedCurrency": "USD",
    "cik": "0001286681",
    "fillingDate": "2010-03-02",
    "acceptedDate": "2010-03-02 07:33:53",
    "calendarYear": "2009",
    "period": "Q4",
    "revenue": 462882000,
    "costOfRevenue": 333833000,
    "grossProfit": 129049000,
    "grossProfitRatio": 0.2787945956,
    "researchAndDevelopmentExpenses": 0,
    "generalAndAdministrativeExpenses": 184900,
    "sellingAndMarketingExpenses": 65027100,
    "sellingGeneralAndAdministrativeExpenses": 65212000,
    "otherExpenses": 0,
    "operatingExpenses": 65212000,
    "costAndExpenses": 399045000,
    "interestIncome": 2000,
    "interestExpense": 33315000,
    "depreciationAndAmortization": 7281000,
    "ebitda": 78993000,
    "ebitdaratio": 0.1706547241,
    "operatingIncome": 63837000,
    "operatingIncomeRatio": 0.1379120381,
    "totalOtherIncomeExpensesNet": -25440000,
    "incomeBeforeTax": 38397000,
    "incomeBeforeTaxRatio": 0.0829520267,
    "incomeTaxExpense": 14779000,
    "netIncome": 23618000,
    "netIncomeRatio": 0.051023803,
    "eps": 0.4,
    "epsdiluted": 0.4,
    "weightedAverageShsOut": 57807788,
    "weightedAverageShsOutDil": 58804238,
    "link": "https://www.sec.gov/Archives/edgar/data/1286681/000119312510045334/0001193125-10-045334-index.htm",
    "finalLink": "https://www.sec.gov/Archives/edgar/data/1286681/000119312510045334/d10k.htm"
  },
  {
    "date": "2009-09-06",
    "symbol": "DPZ",
    "reportedCurrency": "USD",
    "cik": "0001286681",
    "fillingDate": "2009-10-13",
    "acceptedDate": "2009-10-13 07:32:01",
    "calendarYear": "2009",
    "period": "Q3",
    "revenue": 302715000,
    "costOfRevenue": 219564000,
    "grossProfit": 83151000,
    "grossProfitRatio": 0.2746841088,
    "researchAndDevelopmentExpenses": 0,
    "generalAndAdministrativeExpenses": 42701000,
    "sellingAndMarketingExpenses": 0,
    "sellingGeneralAndAdministrativeExpenses": 42701000,
    "otherExpenses": 0,
    "operatingExpenses": 42701000,
    "costAndExpenses": 262265000,
    "interestIncome": 103000,
    "interestExpense": 24631000,
    "depreciationAndAmortization": 5506000,
    "ebitda": 60349000,
    "ebitdaratio": 0.1993591332,
    "operatingIncome": 40450000,
    "operatingIncomeRatio": 0.1336240358,
    "totalOtherIncomeExpensesNet": -10238000,
    "incomeBeforeTax": 30212000,
    "incomeBeforeTaxRatio": 0.0998034455,
    "incomeTaxExpense": 12383000,
    "netIncome": 17829000,
    "netIncomeRatio": 0.0588969823,
    "eps": 0.31,
    "epsdiluted": 0.31,
    "weightedAverageShsOut": 57499085,
    "weightedAverageShsOutDil": 57981137,
    "link": "https://www.sec.gov/Archives/edgar/data/1286681/000119312509206742/0001193125-09-206742-index.htm",
    "finalLink": "https://www.sec.gov/Archives/edgar/data/1286681/000119312509206742/d10q.htm"
  },
  {
    "date": "2009-06-14",
    "symbol": "DPZ",
    "reportedCurrency": "USD",
    "cik": "0001286681",
    "fillingDate": "2009-07-22",
    "acceptedDate": "2009-07-22 07:32:06",
    "calendarYear": "2009",
    "period": "Q2",
    "revenue": 316632000,
    "costOfRevenue": 230673000,
    "grossProfit": 85959000,
    "grossProfitRatio": 0.2714791935,
    "researchAndDevelopmentExpenses": 0,
    "generalAndAdministrativeExpenses": 45655000,
    "sellingAndMarketingExpenses": 0,
    "sellingGeneralAndAdministrativeExpenses": 45655000,
    "otherExpenses": 0,
    "operatingExpenses": 45655000,
    "costAndExpenses": 276328000,
    "interestIncome": 111000,
    "interestExpense": 26030000,
    "depreciationAndAmortization": 5490000,
    "ebitda": 40304000,
    "ebitdaratio": 0.1272897243,
    "operatingIncome": 40304000,
    "operatingIncomeRatio": 0.1272897243,
    "totalOtherIncomeExpensesNet": -12981000,
    "incomeBeforeTax": 27323000,
    "incomeBeforeTaxRatio": 0.0862926047,
    "incomeTaxExpense": 12796000,
    "netIncome": 14527000,
    "netIncomeRatio": 0.0458797595,
    "eps": 0.25,
    "epsdiluted": 0.25,
    "weightedAverageShsOut": 57027733,
    "weightedAverageShsOutDil": 57737247,
    "link": "https://www.sec.gov/Archives/edgar/data/1286681/000119312509152709/0001193125-09-152709-index.htm",
    "finalLink": "https://www.sec.gov/Archives/edgar/data/1286681/000119312509152709/d10q.htm"
  },
  {
    "date": "2009-03-22",
    "symbol": "DPZ",
    "reportedCurrency": "USD",
    "cik": "0001286681",
    "fillingDate": "2009-04-30",
    "acceptedDate": "2009-04-30 07:33:04",
    "calendarYear": "2009",
    "period": "Q1",
    "revenue": 321828000,
    "costOfRevenue": 233011000,
    "grossProfit": 88817000,
    "grossProfitRatio": 0.2759766086,
    "researchAndDevelopmentExpenses": 0,
    "generalAndAdministrativeExpenses": 43899000,
    "sellingAndMarketingExpenses": 0,
    "sellingGeneralAndAdministrativeExpenses": 43899000,
    "otherExpenses": 0,
    "operatingExpenses": 43899000,
    "costAndExpenses": 276910000,
    "interestIncome": 467000,
    "interestExpense": 26968000,
    "depreciationAndAmortization": 5787000,
    "ebitda": 72346000,
    "ebitdaratio": 0.2247970966,
    "operatingIncome": 44918000,
    "operatingIncomeRatio": 0.1395714481,
    "totalOtherIncomeExpensesNet": -5327000,
    "incomeBeforeTax": 39591000,
    "incomeBeforeTaxRatio": 0.1230191282,
    "incomeTaxExpense": 15821000,
    "netIncome": 23770000,
    "netIncomeRatio": 0.0738593286,
    "eps": 0.42,
    "epsdiluted": 0.41,
    "weightedAverageShsOut": 57027733,
    "weightedAverageShsOutDil": 57351475,
    "link": "https://www.sec.gov/Archives/edgar/data/1286681/000119312509093037/0001193125-09-093037-index.htm",
    "finalLink": "https://www.sec.gov/Archives/edgar/data/1286681/000119312509093037/d10q.htm"
  },
  {
    "date": "2008-12-28",
    "symbol": "DPZ",
    "reportedCurrency": "USD",
    "cik": "0001286681",
    "fillingDate": "2009-02-24",
    "acceptedDate": "2009-02-24 07:33:09",
    "calendarYear": "2008",
    "period": "Q4",
    "revenue": 428166000,
    "costOfRevenue": 319421000,
    "grossProfit": 108745000,
    "grossProfitRatio": 0.2539785971,
    "researchAndDevelopmentExpenses": 0,
    "generalAndAdministrativeExpenses": 170300,
    "sellingAndMarketingExpenses": 56683700,
    "sellingGeneralAndAdministrativeExpenses": 56854000,
    "otherExpenses": 0,
    "operatingExpenses": 56854000,
    "costAndExpenses": 376275000,
    "interestIncome": 0,
    "interestExpense": 0,
    "depreciationAndAmortization": 2326000,
    "ebitda": 56963000,
    "ebitdaratio": 0.1330395221,
    "operatingIncome": 51891000,
    "operatingIncomeRatio": 0.1211936492,
    "totalOtherIncomeExpensesNet": -35735000,
    "incomeBeforeTax": 16156000,
    "incomeBeforeTaxRatio": 0.0377330288,
    "incomeTaxExpense": 5130000,
    "netIncome": 11026000,
    "netIncomeRatio": 0.0257516944,
    "eps": 0.19,
    "epsdiluted": 0.19,
    "weightedAverageShsOut": 56456138,
    "weightedAverageShsOutDil": 57079022,
    "link": "https://www.sec.gov/Archives/edgar/data/1286681/000119312509035628/0001193125-09-035628-index.htm",
    "finalLink": "https://www.sec.gov/Archives/edgar/data/1286681/000119312509035628/d10k.htm"
  },
  {
    "date": "2008-09-07",
    "symbol": "DPZ",
    "reportedCurrency": "USD",
    "cik": "0001286681",
    "fillingDate": "2008-10-14",
    "acceptedDate": "2008-10-14 07:32:15",
    "calendarYear": "2008",
    "period": "Q3",
    "revenue": 323588000,
    "costOfRevenue": 244868000,
    "grossProfit": 78720000,
    "grossProfitRatio": 0.2432723092,
    "researchAndDevelopmentExpenses": 0,
    "generalAndAdministrativeExpenses": 0,
    "sellingAndMarketingExpenses": 0,
    "sellingGeneralAndAdministrativeExpenses": 38483000,
    "otherExpenses": 0,
    "operatingExpenses": 38483000,
    "costAndExpenses": 283351000,
    "interestIncome": 447000,
    "interestExpense": 26125000,
    "depreciationAndAmortization": 8610000,
    "ebitda": 43960000,
    "ebitdaratio": 0.1358517621,
    "operatingIncome": 40237000,
    "operatingIncomeRatio": 0.1243463911,
    "totalOtherIncomeExpensesNet": -25678000,
    "incomeBeforeTax": 14559000,
    "incomeBeforeTaxRatio": 0.0449923977,
    "incomeTaxExpense": 4463000,
    "netIncome": 10096000,
    "netIncomeRatio": 0.0312001681,
    "eps": 0.18,
    "epsdiluted": 0.17,
    "weightedAverageShsOut": 57079022,
    "weightedAverageShsOutDil": 58042743,
    "link": "https://www.sec.gov/Archives/edgar/data/1286681/000119312508209683/0001193125-08-209683-index.htm",
    "finalLink": "https://www.sec.gov/Archives/edgar/data/1286681/000119312508209683/d10q.htm"
  },
  {
    "date": "2008-06-15",
    "symbol": "DPZ",
    "reportedCurrency": "USD",
    "cik": "0001286681",
    "fillingDate": "2008-07-22",
    "acceptedDate": "2008-07-22 07:39:07",
    "calendarYear": "2008",
    "period": "Q2",
    "revenue": 334347000,
    "costOfRevenue": 246588000,
    "grossProfit": 87759000,
    "grossProfitRatio": 0.262478802,
    "researchAndDevelopmentExpenses": 0,
    "generalAndAdministrativeExpenses": 72893000,
    "sellingAndMarketingExpenses": -38686000,
    "sellingGeneralAndAdministrativeExpenses": 34207000,
    "otherExpenses": 0,
    "operatingExpenses": 34207000,
    "costAndExpenses": 280795000,
    "interestIncome": 0,
    "interestExpense": 0,
    "depreciationAndAmortization": 8115000,
    "ebitda": 53552000,
    "ebitdaratio": 0.1601689263,
    "operatingIncome": 53552000,
    "operatingIncomeRatio": 0.1601689263,
    "totalOtherIncomeExpensesNet": -24928000,
    "incomeBeforeTax": 28624000,
    "incomeBeforeTaxRatio": 0.085611655,
    "incomeTaxExpense": 9894000,
    "netIncome": 18730000,
    "netIncomeRatio": 0.0560196443,
    "eps": 0.32,
    "epsdiluted": 0.32,
    "weightedAverageShsOut": 58531250,
    "weightedAverageShsOutDil": 58531250,
    "link": "https://www.sec.gov/Archives/edgar/data/1286681/000119312508154793/0001193125-08-154793-index.htm",
    "finalLink": "https://www.sec.gov/Archives/edgar/data/1286681/000119312508154793/d10q.htm"
  },
  {
    "date": "2008-03-23",
    "symbol": "DPZ",
    "reportedCurrency": "USD",
    "cik": "0001286681",
    "fillingDate": "2008-04-29",
    "acceptedDate": "2008-04-29 08:28:57",
    "calendarYear": "2008",
    "period": "Q1",
    "revenue": 339012000,
    "costOfRevenue": 250977000,
    "grossProfit": 88035000,
    "grossProfitRatio": 0.2596810732,
    "researchAndDevelopmentExpenses": 0,
    "generalAndAdministrativeExpenses": 38685000,
    "sellingAndMarketingExpenses": 0,
    "sellingGeneralAndAdministrativeExpenses": 38685000,
    "otherExpenses": 0,
    "operatingExpenses": 38685000,
    "costAndExpenses": 289662000,
    "interestIncome": 0,
    "interestExpense": 0,
    "depreciationAndAmortization": 9326000,
    "ebitda": 49350000,
    "ebitdaratio": 0.1455700683,
    "operatingIncome": 49350000,
    "operatingIncomeRatio": 0.1455700683,
    "totalOtherIncomeExpensesNet": -25818000,
    "incomeBeforeTax": 23532000,
    "incomeBeforeTaxRatio": 0.0694134721,
    "incomeTaxExpense": 9413000,
    "netIncome": 14119000,
    "netIncomeRatio": 0.0416474933,
    "eps": 0.24,
    "epsdiluted": 0.23,
    "weightedAverageShsOut": 59403681,
    "weightedAverageShsOutDil": 60085730,
    "link": "https://www.sec.gov/Archives/edgar/data/1286681/000119312508093964/0001193125-08-093964-index.htm",
    "finalLink": "https://www.sec.gov/Archives/edgar/data/1286681/000119312508093964/d10q.htm"
  },
  {
    "date": "2007-12-30",
    "symbol": "DPZ",
    "reportedCurrency": "USD",
    "cik": "0001286681",
    "fillingDate": "2008-02-26",
    "acceptedDate": "2008-02-26 07:33:42",
    "calendarYear": "2007",
    "period": "Q4",
    "revenue": 445942000,
    "costOfRevenue": 333953000,
    "grossProfit": 111989000,
    "grossProfitRatio": 0.2511290706,
    "researchAndDevelopmentExpenses": 0,
    "generalAndAdministrativeExpenses": 186200,
    "sellingAndMarketingExpenses": 55684800,
    "sellingGeneralAndAdministrativeExpenses": 55871000,
    "otherExpenses": 0,
    "operatingExpenses": 55871000,
    "costAndExpenses": 389824000,
    "interestIncome": 0,
    "interestExpense": 0,
    "depreciationAndAmortization": 13275000,
    "ebitda": 69393000,
    "ebitdaratio": 0.1556099224,
    "operatingIncome": 56118000,
    "operatingIncomeRatio": 0.1258414771,
    "totalOtherIncomeExpensesNet": -34593000,
    "incomeBeforeTax": 21525000,
    "incomeBeforeTaxRatio": 0.0482686089,
    "incomeTaxExpense": 5348000,
    "netIncome": 16177000,
    "netIncomeRatio": 0.036276018,
    "eps": 0.26,
    "epsdiluted": 0.26,
    "weightedAverageShsOut": 60656243,
    "weightedAverageShsOutDil": 61061111,
    "link": "https://www.sec.gov/Archives/edgar/data/1286681/000119312508037999/0001193125-08-037999-index.htm",
    "finalLink": "https://www.sec.gov/Archives/edgar/data/1286681/000119312508037999/d10k.htm"
  },
  {
    "date": "2007-09-09",
    "symbol": "DPZ",
    "reportedCurrency": "USD",
    "cik": "0001286681",
    "fillingDate": "2007-10-16",
    "acceptedDate": "2007-10-16 07:31:53",
    "calendarYear": "2007",
    "period": "Q3",
    "revenue": 337318000,
    "costOfRevenue": 253390000,
    "grossProfit": 83928000,
    "grossProfitRatio": 0.2488097285,
    "researchAndDevelopmentExpenses": 0,
    "generalAndAdministrativeExpenses": 129073000,
    "sellingAndMarketingExpenses": -88906000,
    "sellingGeneralAndAdministrativeExpenses": 40167000,
    "otherExpenses": 0,
    "operatingExpenses": 40167000,
    "costAndExpenses": 293557000,
    "interestIncome": 0,
    "interestExpense": 0,
    "depreciationAndAmortization": 8831000,
    "ebitda": 52592000,
    "ebitdaratio": 0.1559122253,
    "operatingIncome": 43761000,
    "operatingIncomeRatio": 0.1297321815,
    "totalOtherIncomeExpensesNet": -25514000,
    "incomeBeforeTax": 18247000,
    "incomeBeforeTaxRatio": 0.0540943561,
    "incomeTaxExpense": 7256000,
    "netIncome": 10991000,
    "netIncomeRatio": 0.0325834969,
    "eps": 0.18,
    "epsdiluted": 0.17,
    "weightedAverageShsOut": 61061111,
    "weightedAverageShsOutDil": 64652941,
    "link": "https://www.sec.gov/Archives/edgar/data/1286681/000119312507218914/0001193125-07-218914-index.htm",
    "finalLink": "https://www.sec.gov/Archives/edgar/data/1286681/000119312507218914/d10q.htm"
  },
  {
    "date": "2007-06-17",
    "symbol": "DPZ",
    "reportedCurrency": "USD",
    "cik": "0001286681",
    "fillingDate": "2007-07-24",
    "acceptedDate": "2007-07-24 07:36:57",
    "calendarYear": "2007",
    "period": "Q2",
    "revenue": 340289000,
    "costOfRevenue": 248422000,
    "grossProfit": 91867000,
    "grossProfitRatio": 0.2699675864,
    "researchAndDevelopmentExpenses": 0,
    "generalAndAdministrativeExpenses": 88906000,
    "sellingAndMarketingExpenses": -40338000,
    "sellingGeneralAndAdministrativeExpenses": 48568000,
    "otherExpenses": 0,
    "operatingExpenses": 48568000,
    "costAndExpenses": 296990000,
    "interestIncome": 0,
    "interestExpense": 0,
    "depreciationAndAmortization": 30218000,
    "ebitda": 73517000,
    "ebitdaratio": 0.2160428342,
    "operatingIncome": 43299000,
    "operatingIncomeRatio": 0.1272418444,
    "totalOtherIncomeExpensesNet": -41056000,
    "incomeBeforeTax": 2243000,
    "incomeBeforeTaxRatio": 0.0065914561,
    "incomeTaxExpense": -74000,
    "netIncome": 2317000,
    "netIncomeRatio": 0.0068089183,
    "eps": 0.04,
    "epsdiluted": 0.04,
    "weightedAverageShsOut": 57925000,
    "weightedAverageShsOutDil": 57925000,
    "link": "https://www.sec.gov/Archives/edgar/data/1286681/000119312507160274/0001193125-07-160274-index.htm",
    "finalLink": "https://www.sec.gov/Archives/edgar/data/1286681/000119312507160274/d10q.htm"
  },
  {
    "date": "2007-03-25",
    "symbol": "DPZ",
    "reportedCurrency": "USD",
    "cik": "0001286681",
    "fillingDate": "2007-05-02",
    "acceptedDate": "2007-05-02 07:33:52",
    "calendarYear": "2007",
    "period": "Q1",
    "revenue": 339321000,
    "costOfRevenue": 248251000,
    "grossProfit": 91070000,
    "grossProfitRatio": 0.2683889297,
    "researchAndDevelopmentExpenses": 0,
    "generalAndAdministrativeExpenses": 40338000,
    "sellingAndMarketingExpenses": 0,
    "sellingGeneralAndAdministrativeExpenses": 40338000,
    "otherExpenses": 0,
    "operatingExpenses": 40338000,
    "costAndExpenses": 288589000,
    "interestIncome": 0,
    "interestExpense": 0,
    "depreciationAndAmortization": 17464000,
    "ebitda": 50732000,
    "ebitdaratio": 0.1495103457,
    "operatingIncome": 50732000,
    "operatingIncomeRatio": 0.1495103457,
    "totalOtherIncomeExpensesNet": -37187000,
    "incomeBeforeTax": 13545000,
    "incomeBeforeTaxRatio": 0.0399179538,
    "incomeTaxExpense": 5147000,
    "netIncome": 8398000,
    "netIncomeRatio": 0.0247494261,
    "eps": 0.13,
    "epsdiluted": 0.13,
    "weightedAverageShsOut": 62569414,
    "weightedAverageShsOutDil": 64076179,
    "link": "https://www.sec.gov/Archives/edgar/data/1286681/000119312507098626/0001193125-07-098626-index.htm",
    "finalLink": "https://www.sec.gov/Archives/edgar/data/1286681/000119312507098626/d10q.htm"
  },
  {
    "date": "2006-12-31",
    "symbol": "DPZ",
    "reportedCurrency": "USD",
    "cik": "0001286681",
    "fillingDate": "2007-02-23",
    "acceptedDate": "2007-02-23 07:37:25",
    "calendarYear": "2006",
    "period": "Q4",
    "revenue": 435254000,
    "costOfRevenue": 319562000,
    "grossProfit": 115692000,
    "grossProfitRatio": 0.2658034159,
    "researchAndDevelopmentExpenses": 0,
    "generalAndAdministrativeExpenses": 68348000,
    "sellingAndMarketingExpenses": -15850000,
    "sellingGeneralAndAdministrativeExpenses": 52498000,
    "otherExpenses": 0,
    "operatingExpenses": 52498000,
    "costAndExpenses": 372060000,
    "interestIncome": 0,
    "interestExpense": 0,
    "depreciationAndAmortization": 10688000,
    "ebitda": 73882000,
    "ebitdaratio": 0.1697445629,
    "operatingIncome": 63194000,
    "operatingIncomeRatio": 0.1451887863,
    "totalOtherIncomeExpensesNet": -16068000,
    "incomeBeforeTax": 47126000,
    "incomeBeforeTaxRatio": 0.1082724111,
    "incomeTaxExpense": 16081000,
    "netIncome": 31045000,
    "netIncomeRatio": 0.0713261682,
    "eps": 0.49,
    "epsdiluted": 0.49,
    "weightedAverageShsOut": 61780751,
    "weightedAverageShsOutDil": 62882051,
    "link": "https://www.sec.gov/Archives/edgar/data/1286681/000119312507037666/0001193125-07-037666-index.htm",
    "finalLink": "https://www.sec.gov/Archives/edgar/data/1079458/000119312507037666/d10k.htm"
  },
  {
    "date": "2006-09-10",
    "symbol": "DPZ",
    "reportedCurrency": "USD",
    "cik": "0001286681",
    "fillingDate": "2006-10-12",
    "acceptedDate": "2006-10-12 07:10:50",
    "calendarYear": "2006",
    "period": "Q3",
    "revenue": 326669000,
    "costOfRevenue": 240890000,
    "grossProfit": 85779000,
    "grossProfitRatio": 0.2625868999,
    "researchAndDevelopmentExpenses": 0,
    "generalAndAdministrativeExpenses": 35066000,
    "sellingAndMarketingExpenses": 0,
    "sellingGeneralAndAdministrativeExpenses": 35066000,
    "otherExpenses": 0,
    "operatingExpenses": 35066000,
    "costAndExpenses": 275956000,
    "interestIncome": 0,
    "interestExpense": 0,
    "depreciationAndAmortization": 8404000,
    "ebitda": 50713000,
    "ebitdaratio": 0.1552427687,
    "operatingIncome": 50713000,
    "operatingIncomeRatio": 0.1552427687,
    "totalOtherIncomeExpensesNet": -13219000,
    "incomeBeforeTax": 37494000,
    "incomeBeforeTaxRatio": 0.1147767312,
    "incomeTaxExpense": 12970000,
    "netIncome": 24524000,
    "netIncomeRatio": 0.0750729332,
    "eps": 0.39,
    "epsdiluted": 0.39,
    "weightedAverageShsOut": 62882051,
    "weightedAverageShsOutDil": 62882051,
    "link": "https://www.sec.gov/Archives/edgar/data/1286681/000119312506206561/0001193125-06-206561-index.htm",
    "finalLink": "https://www.sec.gov/Archives/edgar/data/1079458/000119312506206561/d10q.htm"
  },
  {
    "date": "2006-06-18",
    "symbol": "DPZ",
    "reportedCurrency": "USD",
    "cik": "0001286681",
    "fillingDate": "2006-07-20",
    "acceptedDate": "2006-07-20 07:34:52",
    "calendarYear": "2006",
    "period": "Q2",
    "revenue": 327741000,
    "costOfRevenue": 238976000,
    "grossProfit": 88765000,
    "grossProfitRatio": 0.2708388636,
    "researchAndDevelopmentExpenses": 0,
    "generalAndAdministrativeExpenses": 42366000,
    "sellingAndMarketingExpenses": 0,
    "sellingGeneralAndAdministrativeExpenses": 42366000,
    "otherExpenses": 0,
    "operatingExpenses": 42366000,
    "costAndExpenses": 281342000,
    "interestIncome": 0,
    "interestExpense": 0,
    "depreciationAndAmortization": 8090000,
    "ebitda": 46399000,
    "ebitdaratio": 0.1415721561,
    "operatingIncome": 46399000,
    "operatingIncomeRatio": 0.1415721561,
    "totalOtherIncomeExpensesNet": -12776000,
    "incomeBeforeTax": 33623000,
    "incomeBeforeTaxRatio": 0.102590155,
    "incomeTaxExpense": 9117000,
    "netIncome": 24506000,
    "netIncomeRatio": 0.0747724575,
    "eps": 0.4,
    "epsdiluted": 0.39,
    "weightedAverageShsOut": 61265000,
    "weightedAverageShsOutDil": 62835897,
    "link": "https://www.sec.gov/Archives/edgar/data/1286681/000119312506149603/0001193125-06-149603-index.htm",
    "finalLink": "https://www.sec.gov/Archives/edgar/data/1079458/000119312506149603/d10q.htm"
  },
  {
    "date": "2006-03-26",
    "symbol": "DPZ",
    "reportedCurrency": "USD",
    "cik": "0001286681",
    "fillingDate": "2006-04-27",
    "acceptedDate": "2006-04-27 07:34:01",
    "calendarYear": "2006",
    "period": "Q1",
    "revenue": 347654000,
    "costOfRevenue": 253359000,
    "grossProfit": 94295000,
    "grossProfitRatio": 0.2712323172,
    "researchAndDevelopmentExpenses": 0,
    "generalAndAdministrativeExpenses": 40404000,
    "sellingAndMarketingExpenses": 0,
    "sellingGeneralAndAdministrativeExpenses": 40404000,
    "otherExpenses": 0,
    "operatingExpenses": 40404000,
    "costAndExpenses": 293763000,
    "interestIncome": 0,
    "interestExpense": 0,
    "depreciationAndAmortization": 8464000,
    "ebitda": 53891000,
    "ebitdaratio": 0.1550133178,
    "operatingIncome": 53891000,
    "operatingIncomeRatio": 0.1550133178,
    "totalOtherIncomeExpensesNet": -11710000,
    "incomeBeforeTax": 42181000,
    "incomeBeforeTaxRatio": 0.1213304032,
    "incomeTaxExpense": 16029000,
    "netIncome": 26152000,
    "netIncomeRatio": 0.0752242172,
    "eps": 0.39,
    "epsdiluted": 0.39,
    "weightedAverageShsOut": 66219407,
    "weightedAverageShsOutDil": 67672576,
    "link": "https://www.sec.gov/Archives/edgar/data/1286681/000119312506090194/0001193125-06-090194-index.htm",
    "finalLink": "https://www.sec.gov/Archives/edgar/data/1079458/000119312506090194/d10q.htm"
  },
  {
    "date": "2006-01-01",
    "symbol": "DPZ",
    "reportedCurrency": "USD",
    "cik": "0001286681",
    "fillingDate": "2006-03-03",
    "acceptedDate": "2006-03-03 17:23:24",
    "calendarYear": "2005",
    "period": "Q4",
    "revenue": 457399000,
    "costOfRevenue": 340035000,
    "grossProfit": 117364000,
    "grossProfitRatio": 0.2565899794,
    "researchAndDevelopmentExpenses": 0,
    "generalAndAdministrativeExpenses": 176100,
    "sellingAndMarketingExpenses": 60541900,
    "sellingGeneralAndAdministrativeExpenses": 60718000,
    "otherExpenses": 0,
    "operatingExpenses": 60718000,
    "costAndExpenses": 400753000,
    "interestIncome": 0,
    "interestExpense": 0,
    "depreciationAndAmortization": 11138000,
    "ebitda": 67784000,
    "ebitdaratio": 0.1481944648,
    "operatingIncome": 56646000,
    "operatingIncomeRatio": 0.1238437338,
    "totalOtherIncomeExpensesNet": 6626000,
    "incomeBeforeTax": 63272000,
    "incomeBeforeTaxRatio": 0.138329992,
    "incomeTaxExpense": 24165000,
    "netIncome": 39107000,
    "netIncomeRatio": 0.0854986565,
    "eps": 0.59,
    "epsdiluted": 0.59,
    "weightedAverageShsOut": 66219407,
    "weightedAverageShsOutDil": 66219407,
    "link": "https://www.sec.gov/Archives/edgar/data/1286681/000119312506045179/0001193125-06-045179-index.htm",
    "finalLink": "https://www.sec.gov/Archives/edgar/data/1079458/000119312506045179/d10k.htm"
  },
  {
    "date": "2005-09-11",
    "symbol": "DPZ",
    "reportedCurrency": "USD",
    "cik": "0001286681",
    "fillingDate": "2005-10-25",
    "acceptedDate": "2005-10-25 07:34:50",
    "calendarYear": "2005",
    "period": "Q3",
    "revenue": 337576000,
    "costOfRevenue": 251064000,
    "grossProfit": 86512000,
    "grossProfitRatio": 0.2562741427,
    "researchAndDevelopmentExpenses": 0,
    "generalAndAdministrativeExpenses": 41128000,
    "sellingAndMarketingExpenses": 0,
    "sellingGeneralAndAdministrativeExpenses": 41128000,
    "otherExpenses": 0,
    "operatingExpenses": 41128000,
    "costAndExpenses": 292192000,
    "interestIncome": 0,
    "interestExpense": 0,
    "depreciationAndAmortization": 8161000,
    "ebitda": 53545000,
    "ebitdaratio": 0.1586161338,
    "operatingIncome": 45384000,
    "operatingIncomeRatio": 0.134440837,
    "totalOtherIncomeExpensesNet": -11591000,
    "incomeBeforeTax": 33793000,
    "incomeBeforeTaxRatio": 0.1001048653,
    "incomeTaxExpense": 12977000,
    "netIncome": 20284000,
    "netIncomeRatio": 0.06008721,
    "eps": 0.31,
    "epsdiluted": 0.3,
    "weightedAverageShsOut": 67148387,
    "weightedAverageShsOutDil": 69386667,
    "link": "https://www.sec.gov/Archives/edgar/data/1286681/000119312505207360/0001193125-05-207360-index.htm",
    "finalLink": "https://www.sec.gov/Archives/edgar/data/1079458/000119312505207360/d10q.htm"
  },
  {
    "date": "2005-06-19",
    "symbol": "DPZ",
    "reportedCurrency": "USD",
    "cik": "0001286681",
    "fillingDate": "2005-08-03",
    "acceptedDate": "2005-08-03 08:33:18",
    "calendarYear": "2005",
    "period": "Q2",
    "revenue": 346954000,
    "costOfRevenue": 258555000,
    "grossProfit": 88399000,
    "grossProfitRatio": 0.254785937,
    "researchAndDevelopmentExpenses": 0,
    "generalAndAdministrativeExpenses": 41819000,
    "sellingAndMarketingExpenses": 0,
    "sellingGeneralAndAdministrativeExpenses": 41819000,
    "otherExpenses": 0,
    "operatingExpenses": 41819000,
    "costAndExpenses": 300374000,
    "interestIncome": 0,
    "interestExpense": 0,
    "depreciationAndAmortization": 7971000,
    "ebitda": 54551000,
    "ebitdaratio": 0.1572283357,
    "operatingIncome": 46580000,
    "operatingIncomeRatio": 0.1342541086,
    "totalOtherIncomeExpensesNet": -10054000,
    "incomeBeforeTax": 36094000,
    "incomeBeforeTaxRatio": 0.1040310819,
    "incomeTaxExpense": 12693000,
    "netIncome": 23121000,
    "netIncomeRatio": 0.066639958,
    "eps": 0.36,
    "epsdiluted": 0.35,
    "weightedAverageShsOut": 65002778,
    "weightedAverageShsOutDil": 66860000,
    "link": "https://www.sec.gov/Archives/edgar/data/1286681/000119312505155697/0001193125-05-155697-index.htm",
    "finalLink": "https://www.sec.gov/Archives/edgar/data/1079458/000119312505155697/d10q.htm"
  },
  {
    "date": "2005-03-27",
    "symbol": "DPZ",
    "reportedCurrency": "USD",
    "cik": "0001286681",
    "fillingDate": "2005-05-10",
    "acceptedDate": "2005-05-10 07:38:07",
    "calendarYear": "2005",
    "period": "Q1",
    "revenue": 369668000,
    "costOfRevenue": 276655000,
    "grossProfit": 93013000,
    "grossProfitRatio": 0.2516122575,
    "researchAndDevelopmentExpenses": 0,
    "generalAndAdministrativeExpenses": 2485000,
    "sellingAndMarketingExpenses": 40033000,
    "sellingGeneralAndAdministrativeExpenses": 42518000,
    "otherExpenses": 0,
    "operatingExpenses": 42518000,
    "costAndExpenses": 319173000,
    "interestIncome": 0,
    "interestExpense": 0,
    "depreciationAndAmortization": 8165000,
    "ebitda": 58660000,
    "ebitdaratio": 0.1586829263,
    "operatingIncome": 50495000,
    "operatingIncomeRatio": 0.1365955398,
    "totalOtherIncomeExpensesNet": -10402000,
    "incomeBeforeTax": 40093000,
    "incomeBeforeTaxRatio": 0.1084567774,
    "incomeTaxExpense": 15135000,
    "netIncome": 24958000,
    "netIncomeRatio": 0.0675146348,
    "eps": 0.36,
    "epsdiluted": 0.35,
    "weightedAverageShsOut": 68922555,
    "weightedAverageShsOutDil": 71555554,
    "link": "https://www.sec.gov/Archives/edgar/data/1286681/000119312505101725/0001193125-05-101725-index.htm",
    "finalLink": "https://www.sec.gov/Archives/edgar/data/1079458/000119312505101725/d10q.htm"
  },
  {
    "date": "2005-01-02",
    "symbol": "DPZ",
    "reportedCurrency": "USD",
    "cik": "0001286681",
    "fillingDate": "2005-03-17",
    "acceptedDate": "2005-03-17 07:32:39",
    "calendarYear": "2004",
    "period": "Q4",
    "revenue": 478528000,
    "costOfRevenue": 362842000,
    "grossProfit": 115686000,
    "grossProfitRatio": 0.2417538786,
    "researchAndDevelopmentExpenses": 0,
    "generalAndAdministrativeExpenses": 171400,
    "sellingAndMarketingExpenses": 55306600,
    "sellingGeneralAndAdministrativeExpenses": 55478000,
    "otherExpenses": 0,
    "operatingExpenses": 55478000,
    "costAndExpenses": 418320000,
    "interestIncome": 0,
    "interestExpense": 0,
    "depreciationAndAmortization": 11550000,
    "ebitda": 71758000,
    "ebitdaratio": 0.1499556975,
    "operatingIncome": 60208000,
    "operatingIncomeRatio": 0.1258191788,
    "totalOtherIncomeExpensesNet": -16807000,
    "incomeBeforeTax": 43401000,
    "incomeBeforeTaxRatio": 0.0906968871,
    "incomeTaxExpense": 16384000,
    "netIncome": 27017000,
    "netIncomeRatio": 0.0564585562,
    "eps": 0.39,
    "epsdiluted": 0.39,
    "weightedAverageShsOut": 68686585,
    "weightedAverageShsOutDil": 68922555,
    "link": "https://www.sec.gov/Archives/edgar/data/1286681/000119312505053437/0001193125-05-053437-index.htm",
    "finalLink": "https://www.sec.gov/Archives/edgar/data/1079458/000119312505053437/d10k.htm"
  },
  {
    "date": "2004-09-05",
    "symbol": "DPZ",
    "reportedCurrency": "USD",
    "cik": "0001286681",
    "fillingDate": "2004-10-19",
    "acceptedDate": "2004-10-19 08:32:18",
    "calendarYear": "2004",
    "period": "Q3",
    "revenue": 324978000,
    "costOfRevenue": 245696000,
    "grossProfit": 79282000,
    "grossProfitRatio": 0.2439611297,
    "researchAndDevelopmentExpenses": 0,
    "generalAndAdministrativeExpenses": 50904000,
    "sellingAndMarketingExpenses": 0,
    "sellingGeneralAndAdministrativeExpenses": 50904000,
    "otherExpenses": 0,
    "operatingExpenses": 50904000,
    "costAndExpenses": 296600000,
    "interestIncome": 0,
    "interestExpense": 0,
    "depreciationAndAmortization": 9751000,
    "ebitda": 28378000,
    "ebitdaratio": 0.0873228342,
    "operatingIncome": 28378000,
    "operatingIncomeRatio": 0.0873228342,
    "totalOtherIncomeExpensesNet": -26805000,
    "incomeBeforeTax": 1573000,
    "incomeBeforeTaxRatio": 0.0048403277,
    "incomeTaxExpense": 594000,
    "netIncome": 979000,
    "netIncomeRatio": 0.0030125116,
    "eps": 0.027,
    "epsdiluted": 0.0242,
    "weightedAverageShsOut": 36315319,
    "weightedAverageShsOutDil": 40519352,
    "link": "https://www.sec.gov/Archives/edgar/data/1286681/000119312504173436/0001193125-04-173436-index.htm",
    "finalLink": "https://www.sec.gov/Archives/edgar/data/1079458/000119312504173436/d10q.htm"
  },
  {
    "date": "2004-06-13",
    "symbol": "DPZ",
    "reportedCurrency": "USD",
    "cik": "0001286681",
    "fillingDate": "2004-07-27",
    "acceptedDate": "2004-07-27 08:35:47",
    "calendarYear": "2004",
    "period": "Q2",
    "revenue": 324236000,
    "costOfRevenue": 246635000,
    "grossProfit": 77601000,
    "grossProfitRatio": 0.2393349289,
    "researchAndDevelopmentExpenses": 0,
    "generalAndAdministrativeExpenses": 38280000,
    "sellingAndMarketingExpenses": 0,
    "sellingGeneralAndAdministrativeExpenses": 38280000,
    "otherExpenses": 0,
    "operatingExpenses": 38280000,
    "costAndExpenses": 284915000,
    "interestIncome": 0,
    "interestExpense": 0,
    "depreciationAndAmortization": 0,
    "ebitda": 39321000,
    "ebitdaratio": 0.1212727766,
    "operatingIncome": 39321000,
    "operatingIncomeRatio": 0.1212727766,
    "totalOtherIncomeExpensesNet": -13808000,
    "incomeBeforeTax": 25513000,
    "incomeBeforeTaxRatio": 0.0786865123,
    "incomeTaxExpense": 9631000,
    "netIncome": 15882000,
    "netIncomeRatio": 0.0489828397,
    "eps": 0.2,
    "epsdiluted": 0.18,
    "weightedAverageShsOut": 36315154,
    "weightedAverageShsOutDil": 40519361,
    "link": "https://www.sec.gov/Archives/edgar/data/1286681/000119312504124856/0001193125-04-124856-index.htm",
    "finalLink": "https://www.sec.gov/Archives/edgar/data/1079458/000119312504124856/d10q.htm"
  },
  {
    "date": "2004-03-31",
    "symbol": "DPZ",
    "reportedCurrency": "USD",
    "cik": "0001286681",
    "fillingDate": "2004-03-31",
    "acceptedDate": "2004-03-30 19:00:00",
    "calendarYear": "2004",
    "period": "Q1",
    "revenue": 318754000,
    "costOfRevenue": 237643000,
    "grossProfit": 81111000,
    "grossProfitRatio": 0.2544626891,
    "researchAndDevelopmentExpenses": 0,
    "generalAndAdministrativeExpenses": 0,
    "sellingAndMarketingExpenses": 0,
    "sellingGeneralAndAdministrativeExpenses": 37640000,
    "otherExpenses": 0,
    "operatingExpenses": 37640000,
    "costAndExpenses": 275283000,
    "interestIncome": 0,
    "interestExpense": 0,
    "depreciationAndAmortization": 6945000,
    "ebitda": 50416000,
    "ebitdaratio": 0.1581658583,
    "operatingIncome": 43471000,
    "operatingIncomeRatio": 0.1363778964,
    "totalOtherIncomeExpensesNet": -13899000,
    "incomeBeforeTax": 29572000,
    "incomeBeforeTaxRatio": 0.0927737377,
    "incomeTaxExpense": 11164000,
    "netIncome": 18408000,
    "netIncomeRatio": 0.0577498635,
    "eps": 0.29,
    "epsdiluted": 0.26,
    "weightedAverageShsOut": 63475862,
    "weightedAverageShsOutDil": 70800000,
    "link": "",
    "finalLink": ""
  },
  {
    "date": "2003-12-31",
    "symbol": "DPZ",
    "reportedCurrency": "USD",
    "cik": "0001286681",
    "fillingDate": "2003-12-31",
    "acceptedDate": "2003-12-30 19:00:00",
    "calendarYear": "2003",
    "period": "Q4",
    "revenue": 433006000,
    "costOfRevenue": 320521000,
    "grossProfit": 112485000,
    "grossProfitRatio": 0.2597770008,
    "researchAndDevelopmentExpenses": 0,
    "generalAndAdministrativeExpenses": 0,
    "sellingAndMarketingExpenses": 0,
    "sellingGeneralAndAdministrativeExpenses": 57510000,
    "otherExpenses": 0,
    "operatingExpenses": 57510000,
    "costAndExpenses": 378031000,
    "interestIncome": 0,
    "interestExpense": 0,
    "depreciationAndAmortization": 9829000,
    "ebitda": 64804000,
    "ebitdaratio": 0.1496607437,
    "operatingIncome": 54975000,
    "operatingIncomeRatio": 0.1269612892,
    "totalOtherIncomeExpensesNet": -20874000,
    "incomeBeforeTax": 34101000,
    "incomeBeforeTaxRatio": 0.078754105,
    "incomeTaxExpense": 12773000,
    "netIncome": 21328000,
    "netIncomeRatio": 0.0492556685,
    "eps": 0.76,
    "epsdiluted": 0.76,
    "weightedAverageShsOut": 28114595,
    "weightedAverageShsOutDil": 28114595,
    "link": "",
    "finalLink": ""
  },
  {
    "date": "2003-09-30",
    "symbol": "DPZ",
    "reportedCurrency": "USD",
    "cik": "0001286681",
    "fillingDate": "2003-09-30",
    "acceptedDate": "2003-09-29 20:00:00",
    "calendarYear": "2003",
    "period": "Q3",
    "revenue": 292848000,
    "costOfRevenue": 221348000,
    "grossProfit": 71500000,
    "grossProfitRatio": 0.2441539638,
    "researchAndDevelopmentExpenses": 0,
    "generalAndAdministrativeExpenses": 0,
    "sellingAndMarketingExpenses": 0,
    "sellingGeneralAndAdministrativeExpenses": 49097000,
    "otherExpenses": 0,
    "operatingExpenses": 49097000,
    "costAndExpenses": 270445000,
    "interestIncome": 0,
    "interestExpense": 0,
    "depreciationAndAmortization": 0,
    "ebitda": 22403000,
    "ebitdaratio": 0.0765004371,
    "operatingIncome": 22403000,
    "operatingIncomeRatio": 0.0765004371,
    "totalOtherIncomeExpensesNet": -51265000,
    "incomeBeforeTax": -28862000,
    "incomeBeforeTaxRatio": -0.0985562476,
    "incomeTaxExpense": -10824000,
    "netIncome": -18038000,
    "netIncomeRatio": -0.0615950937,
    "eps": -0.64,
    "epsdiluted": -0.64,
    "weightedAverageShsOut": 28114595,
    "weightedAverageShsOutDil": 28114595,
    "link": "",
    "finalLink": ""
  },
  {
    "date": "2003-05-31",
    "symbol": "DPZ",
    "reportedCurrency": "USD",
    "cik": "0001286681",
    "fillingDate": "2003-05-31",
    "acceptedDate": "2003-05-30 20:00:00",
    "calendarYear": "2003",
    "period": "Q2",
    "revenue": 295216000,
    "costOfRevenue": 218423000,
    "grossProfit": 76793000,
    "grossProfitRatio": 0.26012479,
    "researchAndDevelopmentExpenses": 0,
    "generalAndAdministrativeExpenses": 0,
    "sellingAndMarketingExpenses": 0,
    "sellingGeneralAndAdministrativeExpenses": 37654000,
    "otherExpenses": 0,
    "operatingExpenses": 37654000,
    "costAndExpenses": 256077000,
    "interestIncome": 0,
    "interestExpense": 0,
    "depreciationAndAmortization": 0,
    "ebitda": 39139000,
    "ebitdaratio": 0.1325775026,
    "operatingIncome": 39139000,
    "operatingIncomeRatio": 0.1325775026,
    "totalOtherIncomeExpensesNet": -10928000,
    "incomeBeforeTax": 28211000,
    "incomeBeforeTaxRatio": 0.0955605387,
    "incomeTaxExpense": 10725000,
    "netIncome": 17486000,
    "netIncomeRatio": 0.059231207,
    "eps": 0.0679,
    "epsdiluted": 0.0679,
    "weightedAverageShsOut": 257640000,
    "weightedAverageShsOutDil": 257640000,
    "link": "",
    "finalLink": ""
  }
]