[
  {
    "date": "2025-08-24",
    "symbol": "DRI",
    "reportedCurrency": "USD",
    "cik": "0000940944",
    "fillingDate": "2025-09-26",
    "acceptedDate": "2025-09-26 16:00:04",
    "calendarYear": "2026",
    "period": "Q1",
    "revenue": 3044700000,
    "costOfRevenue": 929100000,
    "grossProfit": 2115600000,
    "grossProfitRatio": 0.6948467829,
    "researchAndDevelopmentExpenses": 0,
    "generalAndAdministrativeExpenses": 136100000,
    "sellingAndMarketingExpenses": 49100000,
    "sellingGeneralAndAdministrativeExpenses": 185200000,
    "otherExpenses": 1591200000,
    "operatingExpenses": 1776400000,
    "costAndExpenses": 2705500000,
    "interestIncome": 0,
    "interestExpense": 0,
    "depreciationAndAmortization": 135100000,
    "ebitda": 428800000,
    "ebitdaratio": 0.1408348934,
    "operatingIncome": 339200000,
    "operatingIncomeRatio": 0.1114067067,
    "totalOtherIncomeExpensesNet": -45400000,
    "incomeBeforeTax": 293800000,
    "incomeBeforeTaxRatio": 0.0964955496,
    "incomeTaxExpense": 35900000,
    "netIncome": 257800000,
    "netIncomeRatio": 0.0846717246,
    "eps": 2.21,
    "epsdiluted": 2.19,
    "weightedAverageShsOut": 116700000,
    "weightedAverageShsOutDil": 117600000,
    "link": "https://www.sec.gov/Archives/edgar/data/940944/000094094425000054/0000940944-25-000054-index.htm",
    "finalLink": "https://www.sec.gov/Archives/edgar/data/940944/000094094425000054/dri-20250824.htm"
  },
  {
    "date": "2025-05-25",
    "symbol": "DRI",
    "reportedCurrency": "USD",
    "cik": "0000940944",
    "fillingDate": "2025-07-18",
    "acceptedDate": "2025-07-18 16:34:57",
    "calendarYear": "2025",
    "period": "Q4",
    "revenue": 3271700000,
    "costOfRevenue": 2506900000,
    "grossProfit": 764800000,
    "grossProfitRatio": 0.2337622643,
    "researchAndDevelopmentExpenses": 0,
    "generalAndAdministrativeExpenses": 133100000,
    "sellingAndMarketingExpenses": 41000000,
    "sellingGeneralAndAdministrativeExpenses": 174100000,
    "otherExpenses": 207900000,
    "operatingExpenses": 382000000,
    "costAndExpenses": 2888900000,
    "interestIncome": 0,
    "interestExpense": 45600000,
    "depreciationAndAmortization": 135000000,
    "ebitda": 520100000,
    "ebitdaratio": 0.1589693432,
    "operatingIncome": 382800000,
    "operatingIncomeRatio": 0.1170033927,
    "totalOtherIncomeExpensesNet": -46300000,
    "incomeBeforeTax": 336500000,
    "incomeBeforeTaxRatio": 0.1028517285,
    "incomeTaxExpense": 32500000,
    "netIncome": 303800000,
    "netIncomeRatio": 0.0928569245,
    "eps": 2.59,
    "epsdiluted": 2.58,
    "weightedAverageShsOut": 117100000,
    "weightedAverageShsOutDil": 117900000,
    "link": "https://www.sec.gov/Archives/edgar/data/940944/000094094425000038/0000940944-25-000038-index.htm",
    "finalLink": "https://www.sec.gov/Archives/edgar/data/940944/000094094425000038/dri-20250525.htm"
  },
  {
    "date": "2025-02-23",
    "symbol": "DRI",
    "reportedCurrency": "USD",
    "cik": "0000940944",
    "fillingDate": "2025-04-01",
    "acceptedDate": "2025-04-01 16:09:11",
    "calendarYear": "2025",
    "period": "Q3",
    "revenue": 3158000000,
    "costOfRevenue": 2455700000,
    "grossProfit": 702300000,
    "grossProfitRatio": 0.2223875871,
    "researchAndDevelopmentExpenses": 0,
    "generalAndAdministrativeExpenses": 116700000,
    "sellingAndMarketingExpenses": 35400000,
    "sellingGeneralAndAdministrativeExpenses": 152100000,
    "otherExpenses": 132000000,
    "operatingExpenses": 284100000,
    "costAndExpenses": 2739800000,
    "interestIncome": 0,
    "interestExpense": 46400000,
    "depreciationAndAmortization": 131900000,
    "ebitda": 550200000,
    "ebitdaratio": 0.1742241925,
    "operatingIncome": 418200000,
    "operatingIncomeRatio": 0.1324255858,
    "totalOtherIncomeExpensesNet": -45500000,
    "incomeBeforeTax": 372700000,
    "incomeBeforeTaxRatio": 0.1180177327,
    "incomeTaxExpense": 49000000,
    "netIncome": 323400000,
    "netIncomeRatio": 0.1024065864,
    "eps": 2.76,
    "epsdiluted": 2.74,
    "weightedAverageShsOut": 117200000,
    "weightedAverageShsOutDil": 118000000,
    "link": "https://www.sec.gov/Archives/edgar/data/940944/000094094425000018/0000940944-25-000018-index.htm",
    "finalLink": "https://www.sec.gov/Archives/edgar/data/940944/000094094425000018/dri-20250223.htm"
  },
  {
    "date": "2024-11-24",
    "symbol": "DRI",
    "reportedCurrency": "USD",
    "cik": "0000940944",
    "fillingDate": "2025-01-02",
    "acceptedDate": "2025-01-02 15:59:49",
    "calendarYear": "2025",
    "period": "Q2",
    "revenue": 2890000000,
    "costOfRevenue": 2277300000,
    "grossProfit": 612700000,
    "grossProfitRatio": 0.2120069204,
    "researchAndDevelopmentExpenses": 0,
    "generalAndAdministrativeExpenses": 144100000,
    "sellingAndMarketingExpenses": 48800000,
    "sellingGeneralAndAdministrativeExpenses": 192900000,
    "otherExpenses": 127700000,
    "operatingExpenses": 320600000,
    "costAndExpenses": 2597900000,
    "interestIncome": 0,
    "interestExpense": 47000000,
    "depreciationAndAmortization": 127700000,
    "ebitda": 419800000,
    "ebitdaratio": 0.1452595156,
    "operatingIncome": 292100000,
    "operatingIncomeRatio": 0.1010726644,
    "totalOtherIncomeExpensesNet": -46200000,
    "incomeBeforeTax": 245900000,
    "incomeBeforeTaxRatio": 0.0850865052,
    "incomeTaxExpense": 30200000,
    "netIncome": 215100000,
    "netIncomeRatio": 0.0744290657,
    "eps": 1.83,
    "epsdiluted": 1.82,
    "weightedAverageShsOut": 117500000,
    "weightedAverageShsOutDil": 118300000,
    "link": "https://www.sec.gov/Archives/edgar/data/940944/000094094425000003/0000940944-25-000003-index.htm",
    "finalLink": "https://www.sec.gov/Archives/edgar/data/940944/000094094425000003/dri-20241124.htm"
  },
  {
    "date": "2024-08-25",
    "symbol": "DRI",
    "reportedCurrency": "USD",
    "cik": "0000940944",
    "fillingDate": "2024-09-27",
    "acceptedDate": "2024-09-27 16:07:37",
    "calendarYear": "2025",
    "period": "Q1",
    "revenue": 2757000000,
    "costOfRevenue": 2194200000,
    "grossProfit": 562800000,
    "grossProfitRatio": 0.2041349293,
    "researchAndDevelopmentExpenses": 0,
    "generalAndAdministrativeExpenses": 126400000,
    "sellingAndMarketingExpenses": 44700000,
    "sellingGeneralAndAdministrativeExpenses": 171100000,
    "otherExpenses": 122500000,
    "operatingExpenses": 293600000,
    "costAndExpenses": 2487800000,
    "interestIncome": 0,
    "interestExpense": 38000000,
    "depreciationAndAmortization": 121500000,
    "ebitda": 391700000,
    "ebitdaratio": 0.1420747189,
    "operatingIncome": 269200000,
    "operatingIncomeRatio": 0.0976423649,
    "totalOtherIncomeExpensesNet": -37100000,
    "incomeBeforeTax": 232100000,
    "incomeBeforeTaxRatio": 0.0841857091,
    "incomeTaxExpense": 24500000,
    "netIncome": 207200000,
    "netIncomeRatio": 0.0751541531,
    "eps": 1.75,
    "epsdiluted": 1.74,
    "weightedAverageShsOut": 118500000,
    "weightedAverageShsOutDil": 119200000,
    "link": "https://www.sec.gov/Archives/edgar/data/940944/000094094424000055/0000940944-24-000055-index.htm",
    "finalLink": "https://www.sec.gov/Archives/edgar/data/940944/000094094424000055/dri-20240825.htm"
  },
  {
    "date": "2024-05-26",
    "symbol": "DRI",
    "reportedCurrency": "USD",
    "cik": "0000940944",
    "fillingDate": "2024-07-19",
    "acceptedDate": "2024-07-19 16:20:34",
    "calendarYear": "2024",
    "period": "Q4",
    "revenue": 2957300000,
    "costOfRevenue": 2300600000,
    "grossProfit": 656700000,
    "grossProfitRatio": 0.2220606634,
    "researchAndDevelopmentExpenses": 0,
    "generalAndAdministrativeExpenses": 102900000,
    "sellingAndMarketingExpenses": 37300000,
    "sellingGeneralAndAdministrativeExpenses": 140200000,
    "otherExpenses": 121100000,
    "operatingExpenses": 261300000,
    "costAndExpenses": 2561900000,
    "interestIncome": 0,
    "interestExpense": 30700000,
    "depreciationAndAmortization": 119700000,
    "ebitda": 508600000,
    "ebitdaratio": 0.1719811991,
    "operatingIncome": 395400000,
    "operatingIncomeRatio": 0.1337030399,
    "totalOtherIncomeExpensesNet": -35400000,
    "incomeBeforeTax": 360000000,
    "incomeBeforeTaxRatio": 0.1217326615,
    "incomeTaxExpense": 50000000,
    "netIncome": 308100000,
    "netIncomeRatio": 0.1041828695,
    "eps": 2.58,
    "epsdiluted": 2.57,
    "weightedAverageShsOut": 119200000,
    "weightedAverageShsOutDil": 120100000,
    "link": "https://www.sec.gov/Archives/edgar/data/940944/000094094424000035/0000940944-24-000035-index.htm",
    "finalLink": "https://www.sec.gov/Archives/edgar/data/940944/000094094424000035/dri-20240526.htm"
  },
  {
    "date": "2024-02-25",
    "symbol": "DRI",
    "reportedCurrency": "USD",
    "cik": "0000940944",
    "fillingDate": "2024-04-02",
    "acceptedDate": "2024-04-02 15:47:22",
    "calendarYear": "2024",
    "period": "Q3",
    "revenue": 2974800000,
    "costOfRevenue": 2329200000,
    "grossProfit": 645600000,
    "grossProfitRatio": 0.2170229931,
    "researchAndDevelopmentExpenses": 0,
    "generalAndAdministrativeExpenses": 108200000,
    "sellingAndMarketingExpenses": 31700000,
    "sellingGeneralAndAdministrativeExpenses": 139900000,
    "otherExpenses": 118300000,
    "operatingExpenses": 258200000,
    "costAndExpenses": 2587400000,
    "interestIncome": 0,
    "interestExpense": 37400000,
    "depreciationAndAmortization": 117900000,
    "ebitda": 505700000,
    "ebitdaratio": 0.1699946215,
    "operatingIncome": 387400000,
    "operatingIncomeRatio": 0.1302272422,
    "totalOtherIncomeExpensesNet": -36500000,
    "incomeBeforeTax": 350900000,
    "incomeBeforeTaxRatio": 0.1179575097,
    "incomeTaxExpense": 37500000,
    "netIncome": 312900000,
    "netIncomeRatio": 0.1051835418,
    "eps": 2.62,
    "epsdiluted": 2.6,
    "weightedAverageShsOut": 119400000,
    "weightedAverageShsOutDil": 120400000,
    "link": "https://www.sec.gov/Archives/edgar/data/940944/000094094424000017/0000940944-24-000017-index.htm",
    "finalLink": "https://www.sec.gov/Archives/edgar/data/940944/000094094424000017/dri-20240225.htm"
  },
  {
    "date": "2023-11-26",
    "symbol": "DRI",
    "reportedCurrency": "USD",
    "cik": "0000940944",
    "fillingDate": "2024-01-03",
    "acceptedDate": "2024-01-03 15:45:00",
    "calendarYear": "2024",
    "period": "Q2",
    "revenue": 2727300000,
    "costOfRevenue": 2177100000,
    "grossProfit": 550200000,
    "grossProfitRatio": 0.2017379826,
    "researchAndDevelopmentExpenses": 0,
    "generalAndAdministrativeExpenses": 114800000,
    "sellingAndMarketingExpenses": 36900000,
    "sellingGeneralAndAdministrativeExpenses": 151700000,
    "otherExpenses": 120000000,
    "operatingExpenses": 271700000,
    "costAndExpenses": 2448800000,
    "interestIncome": 0,
    "interestExpense": 37500000,
    "depreciationAndAmortization": 112500000,
    "ebitda": 398500000,
    "ebitdaratio": 0.1461152055,
    "operatingIncome": 278500000,
    "operatingIncomeRatio": 0.1021156455,
    "totalOtherIncomeExpensesNet": -37100000,
    "incomeBeforeTax": 241400000,
    "incomeBeforeTaxRatio": 0.0885124482,
    "incomeTaxExpense": 29100000,
    "netIncome": 212100000,
    "netIncomeRatio": 0.0777692223,
    "eps": 1.77,
    "epsdiluted": 1.76,
    "weightedAverageShsOut": 119900000,
    "weightedAverageShsOutDil": 120800000,
    "link": "https://www.sec.gov/Archives/edgar/data/940944/000094094424000005/0000940944-24-000005-index.htm",
    "finalLink": "https://www.sec.gov/Archives/edgar/data/940944/000094094424000005/dri-20231126.htm"
  },
  {
    "date": "2023-08-27",
    "symbol": "DRI",
    "reportedCurrency": "USD",
    "cik": "0000940944",
    "fillingDate": "2023-09-29",
    "acceptedDate": "2023-09-29 15:44:33",
    "calendarYear": "2024",
    "period": "Q1",
    "revenue": 2730600000,
    "costOfRevenue": 2172900000,
    "grossProfit": 557700000,
    "grossProfitRatio": 0.2042408262,
    "researchAndDevelopmentExpenses": 0,
    "generalAndAdministrativeExpenses": 153300000,
    "sellingAndMarketingExpenses": 38600000,
    "sellingGeneralAndAdministrativeExpenses": 191900000,
    "otherExpenses": 112900000,
    "operatingExpenses": 304800000,
    "costAndExpenses": 2477700000,
    "interestIncome": 0,
    "interestExpense": 29700000,
    "depreciationAndAmortization": 109800000,
    "ebitda": 365800000,
    "ebitdaratio": 0.1339632315,
    "operatingIncome": 252900000,
    "operatingIncomeRatio": 0.0926170073,
    "totalOtherIncomeExpensesNet": -29700000,
    "incomeBeforeTax": 223200000,
    "incomeBeforeTaxRatio": 0.0817402769,
    "incomeTaxExpense": 28400000,
    "netIncome": 194500000,
    "netIncomeRatio": 0.0712297664,
    "eps": 1.61,
    "epsdiluted": 1.59,
    "weightedAverageShsOut": 120900000,
    "weightedAverageShsOutDil": 122000000,
    "link": "https://www.sec.gov/Archives/edgar/data/940944/000094094423000053/0000940944-23-000053-index.htm",
    "finalLink": "https://www.sec.gov/Archives/edgar/data/940944/000094094423000053/dri-20230827.htm"
  },
  {
    "date": "2023-05-28",
    "symbol": "DRI",
    "reportedCurrency": "USD",
    "cik": "0000940944",
    "fillingDate": "2023-07-21",
    "acceptedDate": "2023-07-21 15:47:14",
    "calendarYear": "2023",
    "period": "Q4",
    "revenue": 2769000000,
    "costOfRevenue": 2166500000,
    "grossProfit": 602500000,
    "grossProfitRatio": 0.2175875767,
    "researchAndDevelopmentExpenses": 0,
    "generalAndAdministrativeExpenses": 100400000,
    "sellingAndMarketingExpenses": 28700000,
    "sellingGeneralAndAdministrativeExpenses": 129100000,
    "otherExpenses": 98900000,
    "operatingExpenses": 228000000,
    "costAndExpenses": 2394500000,
    "interestIncome": 0,
    "interestExpense": 18200000,
    "depreciationAndAmortization": 97100000,
    "ebitda": 491800000,
    "ebitdaratio": 0.1776092452,
    "operatingIncome": 374500000,
    "operatingIncomeRatio": 0.1352473817,
    "totalOtherIncomeExpensesNet": -22100000,
    "incomeBeforeTax": 352400000,
    "incomeBeforeTaxRatio": 0.1272661611,
    "incomeTaxExpense": 36800000,
    "netIncome": 315100000,
    "netIncomeRatio": 0.1137955941,
    "eps": 2.6,
    "epsdiluted": 2.58,
    "weightedAverageShsOut": 121000000,
    "weightedAverageShsOutDil": 122100000,
    "link": "https://www.sec.gov/Archives/edgar/data/940944/000094094423000037/0000940944-23-000037-index.htm",
    "finalLink": "https://www.sec.gov/Archives/edgar/data/940944/000094094423000037/dri-20230528.htm"
  },
  {
    "date": "2023-02-26",
    "symbol": "DRI",
    "reportedCurrency": "USD",
    "cik": "0000940944",
    "fillingDate": "2023-04-04",
    "acceptedDate": "2023-04-04 15:57:43",
    "calendarYear": "2023",
    "period": "Q3",
    "revenue": 2786200000,
    "costOfRevenue": 2201500000,
    "grossProfit": 584700000,
    "grossProfitRatio": 0.2098557175,
    "researchAndDevelopmentExpenses": 0,
    "generalAndAdministrativeExpenses": 107000000,
    "sellingAndMarketingExpenses": 28200000,
    "sellingGeneralAndAdministrativeExpenses": 135200000,
    "otherExpenses": 99600000,
    "operatingExpenses": 234800000,
    "costAndExpenses": 2436300000,
    "interestIncome": 0,
    "interestExpense": 19600000,
    "depreciationAndAmortization": 98300000,
    "ebitda": 449500000,
    "ebitdaratio": 0.1613308449,
    "operatingIncome": 349900000,
    "operatingIncomeRatio": 0.1255832316,
    "totalOtherIncomeExpensesNet": -19600000,
    "incomeBeforeTax": 330300000,
    "incomeBeforeTaxRatio": 0.1185485608,
    "incomeTaxExpense": 43500000,
    "netIncome": 286600000,
    "netIncomeRatio": 0.102864116,
    "eps": 2.36,
    "epsdiluted": 2.34,
    "weightedAverageShsOut": 121400000,
    "weightedAverageShsOutDil": 122500000,
    "link": "https://www.sec.gov/Archives/edgar/data/940944/000094094423000019/0000940944-23-000019-index.htm",
    "finalLink": "https://www.sec.gov/Archives/edgar/data/940944/000094094423000019/dri-20230226.htm"
  },
  {
    "date": "2022-11-27",
    "symbol": "DRI",
    "reportedCurrency": "USD",
    "cik": "0000940944",
    "fillingDate": "2023-01-04",
    "acceptedDate": "2023-01-04 15:53:06",
    "calendarYear": "2023",
    "period": "Q2",
    "revenue": 2486500000,
    "costOfRevenue": 2043800000,
    "grossProfit": 442700000,
    "grossProfitRatio": 0.1780414237,
    "researchAndDevelopmentExpenses": 0,
    "generalAndAdministrativeExpenses": 90400000,
    "sellingAndMarketingExpenses": 31100000,
    "sellingGeneralAndAdministrativeExpenses": 121500000,
    "otherExpenses": 88000000,
    "operatingExpenses": 209500000,
    "costAndExpenses": 2253300000,
    "interestIncome": 0,
    "interestExpense": 19700000,
    "depreciationAndAmortization": 96800000,
    "ebitda": 321200000,
    "ebitdaratio": 0.1291775588,
    "operatingIncome": 233200000,
    "operatingIncomeRatio": 0.0937864468,
    "totalOtherIncomeExpensesNet": -19800000,
    "incomeBeforeTax": 213400000,
    "incomeBeforeTaxRatio": 0.0858234466,
    "incomeTaxExpense": 25900000,
    "netIncome": 187200000,
    "netIncomeRatio": 0.0752865474,
    "eps": 1.53,
    "epsdiluted": 1.52,
    "weightedAverageShsOut": 122100000,
    "weightedAverageShsOutDil": 123100000,
    "link": "https://www.sec.gov/Archives/edgar/data/940944/000094094423000004/0000940944-23-000004-index.htm",
    "finalLink": "https://www.sec.gov/Archives/edgar/data/940944/000094094423000004/dri-20221127.htm"
  },
  {
    "date": "2022-08-28",
    "symbol": "DRI",
    "reportedCurrency": "USD",
    "cik": "0000940944",
    "fillingDate": "2022-10-04",
    "acceptedDate": "2022-10-04 15:50:59",
    "calendarYear": "2023",
    "period": "Q1",
    "revenue": 2446100000,
    "costOfRevenue": 1992600000,
    "grossProfit": 453500000,
    "grossProfitRatio": 0.1853971628,
    "researchAndDevelopmentExpenses": 0,
    "generalAndAdministrativeExpenses": 88300000,
    "sellingAndMarketingExpenses": 30300000,
    "sellingGeneralAndAdministrativeExpenses": 118600000,
    "otherExpenses": 90700000,
    "operatingExpenses": 209300000,
    "costAndExpenses": 2201900000,
    "interestIncome": 0,
    "interestExpense": 19800000,
    "depreciationAndAmortization": 95600000,
    "ebitda": 334900000,
    "ebitdaratio": 0.1369118188,
    "operatingIncome": 244200000,
    "operatingIncomeRatio": 0.0998323862,
    "totalOtherIncomeExpensesNet": -19800000,
    "incomeBeforeTax": 224400000,
    "incomeBeforeTaxRatio": 0.0917378684,
    "incomeTaxExpense": 30800000,
    "netIncome": 193000000,
    "netIncomeRatio": 0.0789011079,
    "eps": 1.57,
    "epsdiluted": 1.56,
    "weightedAverageShsOut": 122900000,
    "weightedAverageShsOutDil": 123900000,
    "link": "https://www.sec.gov/Archives/edgar/data/940944/000094094422000060/0000940944-22-000060-index.htm",
    "finalLink": "https://www.sec.gov/Archives/edgar/data/940944/000094094422000060/dri-20220828.htm"
  },
  {
    "date": "2022-05-29",
    "symbol": "DRI",
    "reportedCurrency": "USD",
    "cik": "0000940944",
    "fillingDate": "2022-07-22",
    "acceptedDate": "2022-07-22 15:57:51",
    "calendarYear": "2022",
    "period": "Q4",
    "revenue": 2602900000,
    "costOfRevenue": 2064500000,
    "grossProfit": 538400000,
    "grossProfitRatio": 0.20684621,
    "researchAndDevelopmentExpenses": 0,
    "generalAndAdministrativeExpenses": 84200000,
    "sellingAndMarketingExpenses": 20200000,
    "sellingGeneralAndAdministrativeExpenses": 104400000,
    "otherExpenses": 96500000,
    "operatingExpenses": 200900000,
    "costAndExpenses": 2265400000,
    "interestIncome": 0,
    "interestExpense": 21600000,
    "depreciationAndAmortization": 93000000,
    "ebitda": 437900000,
    "ebitdaratio": 0.1682354297,
    "operatingIncome": 337500000,
    "operatingIncomeRatio": 0.1296630681,
    "totalOtherIncomeExpensesNet": -18200000,
    "incomeBeforeTax": 319300000,
    "incomeBeforeTaxRatio": 0.1226708671,
    "incomeTaxExpense": 37600000,
    "netIncome": 281700000,
    "netIncomeRatio": 0.1082254409,
    "eps": 2.26,
    "epsdiluted": 2.24,
    "weightedAverageShsOut": 124400000,
    "weightedAverageShsOutDil": 125500000,
    "link": "https://www.sec.gov/Archives/edgar/data/940944/000094094422000042/0000940944-22-000042-index.htm",
    "finalLink": "https://www.sec.gov/Archives/edgar/data/940944/000094094422000042/dri-20220529.htm"
  },
  {
    "date": "2022-02-27",
    "symbol": "DRI",
    "reportedCurrency": "USD",
    "cik": "0000940944",
    "fillingDate": "2022-04-05",
    "acceptedDate": "2022-04-05 15:49:43",
    "calendarYear": "2022",
    "period": "Q3",
    "revenue": 2448900000,
    "costOfRevenue": 1947100000,
    "grossProfit": 501800000,
    "grossProfitRatio": 0.2049083262,
    "researchAndDevelopmentExpenses": 0,
    "generalAndAdministrativeExpenses": 83300000,
    "sellingAndMarketingExpenses": 27200000,
    "sellingGeneralAndAdministrativeExpenses": 110500000,
    "otherExpenses": 90500000,
    "operatingExpenses": 201000000,
    "costAndExpenses": 2148100000,
    "interestIncome": 0,
    "interestExpense": 17500000,
    "depreciationAndAmortization": 94300000,
    "ebitda": 391300000,
    "ebitdaratio": 0.1597860264,
    "operatingIncome": 300800000,
    "operatingIncomeRatio": 0.1228306587,
    "totalOtherIncomeExpensesNet": -17500000,
    "incomeBeforeTax": 283300000,
    "incomeBeforeTaxRatio": 0.1156845931,
    "incomeTaxExpense": 35400000,
    "netIncome": 247000000,
    "netIncomeRatio": 0.1008616113,
    "eps": 1.93,
    "epsdiluted": 1.93,
    "weightedAverageShsOut": 127000000,
    "weightedAverageShsOutDil": 128200000,
    "link": "https://www.sec.gov/Archives/edgar/data/940944/000094094422000021/0000940944-22-000021-index.htm",
    "finalLink": "https://www.sec.gov/Archives/edgar/data/940944/000094094422000021/dri-20220227.htm"
  },
  {
    "date": "2021-11-28",
    "symbol": "DRI",
    "reportedCurrency": "USD",
    "cik": "0000940944",
    "fillingDate": "2022-01-05",
    "acceptedDate": "2022-01-05 15:48:28",
    "calendarYear": "2022",
    "period": "Q2",
    "revenue": 2272200000,
    "costOfRevenue": 1823900000,
    "grossProfit": 448300000,
    "grossProfitRatio": 0.1972977731,
    "researchAndDevelopmentExpenses": 0,
    "generalAndAdministrativeExpenses": 91700000,
    "sellingAndMarketingExpenses": 21900000,
    "sellingGeneralAndAdministrativeExpenses": 113600000,
    "otherExpenses": 92100000,
    "operatingExpenses": 205700000,
    "costAndExpenses": 2029600000,
    "interestIncome": 0,
    "interestExpense": 16700000,
    "depreciationAndAmortization": 92100000,
    "ebitda": 334700000,
    "ebitdaratio": 0.1473021741,
    "operatingIncome": 242600000,
    "operatingIncomeRatio": 0.1067687704,
    "totalOtherIncomeExpensesNet": -16700000,
    "incomeBeforeTax": 225900000,
    "incomeBeforeTaxRatio": 0.0994190652,
    "incomeTaxExpense": 32500000,
    "netIncome": 193200000,
    "netIncomeRatio": 0.0850277264,
    "eps": 1.5,
    "epsdiluted": 1.48,
    "weightedAverageShsOut": 129200000,
    "weightedAverageShsOutDil": 130500000,
    "link": "https://www.sec.gov/Archives/edgar/data/940944/000094094422000007/0000940944-22-000007-index.htm",
    "finalLink": "https://www.sec.gov/Archives/edgar/data/940944/000094094422000007/dri-20211128.htm"
  },
  {
    "date": "2021-08-29",
    "symbol": "DRI",
    "reportedCurrency": "USD",
    "cik": "0000940944",
    "fillingDate": "2021-10-05",
    "acceptedDate": "2021-10-05 16:01:17",
    "calendarYear": "2022",
    "period": "Q1",
    "revenue": 2306000000,
    "costOfRevenue": 1799500000,
    "grossProfit": 506500000,
    "grossProfitRatio": 0.2196444059,
    "researchAndDevelopmentExpenses": 0,
    "generalAndAdministrativeExpenses": 113000000,
    "sellingAndMarketingExpenses": 23900000,
    "sellingGeneralAndAdministrativeExpenses": 136900000,
    "otherExpenses": 89000000,
    "operatingExpenses": 225900000,
    "costAndExpenses": 2025400000,
    "interestIncome": 0,
    "interestExpense": 15600000,
    "depreciationAndAmortization": 89000000,
    "ebitda": 369600000,
    "ebitdaratio": 0.1602775369,
    "operatingIncome": 280600000,
    "operatingIncomeRatio": 0.1216825672,
    "totalOtherIncomeExpensesNet": -15600000,
    "incomeBeforeTax": 265000000,
    "incomeBeforeTaxRatio": 0.1149176062,
    "incomeTaxExpense": 33300000,
    "netIncome": 230900000,
    "netIncomeRatio": 0.1001300954,
    "eps": 1.77,
    "epsdiluted": 1.75,
    "weightedAverageShsOut": 130300000,
    "weightedAverageShsOutDil": 131700000,
    "link": "https://www.sec.gov/Archives/edgar/data/940944/000094094421000073/0000940944-21-000073-index.htm",
    "finalLink": "https://www.sec.gov/Archives/edgar/data/940944/000094094421000073/dri-20210829.htm"
  },
  {
    "date": "2021-05-30",
    "symbol": "DRI",
    "reportedCurrency": "USD",
    "cik": "0000940944",
    "fillingDate": "2021-07-23",
    "acceptedDate": "2021-07-23 16:01:04",
    "calendarYear": "2021",
    "period": "Q4",
    "revenue": 2279200000,
    "costOfRevenue": 1739800000,
    "grossProfit": 539400000,
    "grossProfitRatio": 0.2366619867,
    "researchAndDevelopmentExpenses": 0,
    "generalAndAdministrativeExpenses": 97400000,
    "sellingAndMarketingExpenses": 24300000,
    "sellingGeneralAndAdministrativeExpenses": 121700000,
    "otherExpenses": 94300000,
    "operatingExpenses": 216000000,
    "costAndExpenses": 1955800000,
    "interestIncome": 0,
    "interestExpense": 17100000,
    "depreciationAndAmortization": 89100000,
    "ebitda": 404100000,
    "ebitdaratio": 0.1772990523,
    "operatingIncome": 323400000,
    "operatingIncomeRatio": 0.1418918919,
    "totalOtherIncomeExpensesNet": -17400000,
    "incomeBeforeTax": 306000000,
    "incomeBeforeTaxRatio": 0.1342576343,
    "incomeTaxExpense": -63000000,
    "netIncome": 368500000,
    "netIncomeRatio": 0.1616795367,
    "eps": 2.82,
    "epsdiluted": 2.78,
    "weightedAverageShsOut": 130900000,
    "weightedAverageShsOutDil": 132400000,
    "link": "https://www.sec.gov/Archives/edgar/data/940944/000094094421000041/0000940944-21-000041-index.htm",
    "finalLink": "https://www.sec.gov/Archives/edgar/data/940944/000094094421000041/dri-20210530.htm"
  },
  {
    "date": "2021-02-28",
    "symbol": "DRI",
    "reportedCurrency": "USD",
    "cik": "0000940944",
    "fillingDate": "2021-04-06",
    "acceptedDate": "2021-04-06 15:08:30",
    "calendarYear": "2021",
    "period": "Q3",
    "revenue": 1733000000,
    "costOfRevenue": 1395600000,
    "grossProfit": 337400000,
    "grossProfitRatio": 0.1946912868,
    "researchAndDevelopmentExpenses": 0,
    "generalAndAdministrativeExpenses": 78900000,
    "sellingAndMarketingExpenses": 19200000,
    "sellingGeneralAndAdministrativeExpenses": 98100000,
    "otherExpenses": 91300000,
    "operatingExpenses": 189400000,
    "costAndExpenses": 1585000000,
    "interestIncome": 0,
    "interestExpense": 15200000,
    "depreciationAndAmortization": 88200000,
    "ebitda": 239300000,
    "ebitdaratio": 0.138084247,
    "operatingIncome": 148000000,
    "operatingIncomeRatio": 0.0854010387,
    "totalOtherIncomeExpensesNet": -15700000,
    "incomeBeforeTax": 132300000,
    "incomeBeforeTaxRatio": 0.0763416042,
    "incomeTaxExpense": 3100000,
    "netIncome": 128700000,
    "netIncomeRatio": 0.0742642816,
    "eps": 0.99,
    "epsdiluted": 0.98,
    "weightedAverageShsOut": 130500000,
    "weightedAverageShsOutDil": 132000000,
    "link": "https://www.sec.gov/Archives/edgar/data/940944/000094094421000022/0000940944-21-000022-index.htm",
    "finalLink": "https://www.sec.gov/Archives/edgar/data/940944/000094094421000022/dri-20210228.htm"
  },
  {
    "date": "2020-11-29",
    "symbol": "DRI",
    "reportedCurrency": "USD",
    "cik": "0000940944",
    "fillingDate": "2021-01-06",
    "acceptedDate": "2021-01-06 14:45:31",
    "calendarYear": "2021",
    "period": "Q2",
    "revenue": 1656500000,
    "costOfRevenue": 1341100000,
    "grossProfit": 315400000,
    "grossProfitRatio": 0.1904014488,
    "researchAndDevelopmentExpenses": 0,
    "generalAndAdministrativeExpenses": 89900000,
    "sellingAndMarketingExpenses": 18800000,
    "sellingGeneralAndAdministrativeExpenses": 108700000,
    "otherExpenses": 86000000,
    "operatingExpenses": 194700000,
    "costAndExpenses": 1535800000,
    "interestIncome": 0,
    "interestExpense": 14500000,
    "depreciationAndAmortization": 86000000,
    "ebitda": 206700000,
    "ebitdaratio": 0.1247811651,
    "operatingIncome": 120700000,
    "operatingIncomeRatio": 0.0728644733,
    "totalOtherIncomeExpensesNet": -15000000,
    "incomeBeforeTax": 105700000,
    "incomeBeforeTaxRatio": 0.0638092363,
    "incomeTaxExpense": 8800000,
    "netIncome": 96000000,
    "netIncomeRatio": 0.0579535165,
    "eps": 0.74,
    "epsdiluted": 0.73,
    "weightedAverageShsOut": 130300000,
    "weightedAverageShsOutDil": 131500000,
    "link": "https://www.sec.gov/Archives/edgar/data/940944/000094094421000006/0000940944-21-000006-index.htm",
    "finalLink": "https://www.sec.gov/Archives/edgar/data/940944/000094094421000006/dri-20201129.htm"
  },
  {
    "date": "2020-08-30",
    "symbol": "DRI",
    "reportedCurrency": "USD",
    "cik": "0000940944",
    "fillingDate": "2020-10-06",
    "acceptedDate": "2020-10-06 16:26:32",
    "calendarYear": "2021",
    "period": "Q1",
    "revenue": 1527400000,
    "costOfRevenue": 1226100000,
    "grossProfit": 301300000,
    "grossProfitRatio": 0.1972633233,
    "researchAndDevelopmentExpenses": 0,
    "generalAndAdministrativeExpenses": 128300000,
    "sellingAndMarketingExpenses": 28800000,
    "sellingGeneralAndAdministrativeExpenses": 157100000,
    "otherExpenses": 87600000,
    "operatingExpenses": 244700000,
    "costAndExpenses": 1470800000,
    "interestIncome": 0,
    "interestExpense": 16600000,
    "depreciationAndAmortization": 87600000,
    "ebitda": 144200000,
    "ebitdaratio": 0.0944087993,
    "operatingIncome": 56600000,
    "operatingIncomeRatio": 0.0370564358,
    "totalOtherIncomeExpensesNet": -24100000,
    "incomeBeforeTax": 32500000,
    "incomeBeforeTaxRatio": 0.0212779887,
    "incomeTaxExpense": -4800000,
    "netIncome": 36100000,
    "netIncomeRatio": 0.0236349352,
    "eps": 0.28,
    "epsdiluted": 0.28,
    "weightedAverageShsOut": 130000000,
    "weightedAverageShsOutDil": 130900000,
    "link": "https://www.sec.gov/Archives/edgar/data/940944/000094094420000073/0000940944-20-000073-index.htm",
    "finalLink": "https://www.sec.gov/Archives/edgar/data/940944/000094094420000073/q1fy2110-q.htm"
  },
  {
    "date": "2020-05-31",
    "symbol": "DRI",
    "reportedCurrency": "USD",
    "cik": "0000940944",
    "fillingDate": "2020-07-24",
    "acceptedDate": "2020-07-24 16:44:20",
    "calendarYear": "2020",
    "period": "Q4",
    "revenue": 1270100000,
    "costOfRevenue": 1259600000,
    "grossProfit": 10500000,
    "grossProfitRatio": 0.0082670656,
    "researchAndDevelopmentExpenses": 0,
    "generalAndAdministrativeExpenses": 86800000,
    "sellingAndMarketingExpenses": 31400000,
    "sellingGeneralAndAdministrativeExpenses": 118200000,
    "otherExpenses": 484400000,
    "operatingExpenses": 602600000,
    "costAndExpenses": 1862200000,
    "interestIncome": 0,
    "interestExpense": 19900000,
    "depreciationAndAmortization": 94400000,
    "ebitda": -644600000,
    "ebitdaratio": -0.507519093,
    "operatingIncome": -592100000,
    "operatingIncomeRatio": -0.4661837651,
    "totalOtherIncomeExpensesNet": -18200000,
    "incomeBeforeTax": -610300000,
    "incomeBeforeTaxRatio": -0.4805133454,
    "incomeTaxExpense": -130600000,
    "netIncome": -480000000,
    "netIncomeRatio": -0.3779229982,
    "eps": -3.86,
    "epsdiluted": -3.86,
    "weightedAverageShsOut": 124500000,
    "weightedAverageShsOutDil": 124500000,
    "link": "https://www.sec.gov/Archives/edgar/data/940944/000094094420000046/0000940944-20-000046-index.htm",
    "finalLink": "https://www.sec.gov/Archives/edgar/data/940944/000094094420000046/dri-202010xk.htm"
  },
  {
    "date": "2020-02-23",
    "symbol": "DRI",
    "reportedCurrency": "USD",
    "cik": "0000940944",
    "fillingDate": "2020-03-31",
    "acceptedDate": "2020-03-31 15:58:25",
    "calendarYear": "2020",
    "period": "Q3",
    "revenue": 2346500000,
    "costOfRevenue": 1808500000,
    "grossProfit": 538000000,
    "grossProfitRatio": 0.2292776476,
    "researchAndDevelopmentExpenses": 0,
    "generalAndAdministrativeExpenses": 100300000,
    "sellingAndMarketingExpenses": 71600000,
    "sellingGeneralAndAdministrativeExpenses": 171900000,
    "otherExpenses": 87800000,
    "operatingExpenses": 259700000,
    "costAndExpenses": 2068200000,
    "interestIncome": 0,
    "interestExpense": 13200000,
    "depreciationAndAmortization": 87700000,
    "ebitda": 366100000,
    "ebitdaratio": 0.1560196037,
    "operatingIncome": 278300000,
    "operatingIncomeRatio": 0.1186021734,
    "totalOtherIncomeExpensesNet": -13200000,
    "incomeBeforeTax": 265100000,
    "incomeBeforeTaxRatio": 0.1129767739,
    "incomeTaxExpense": 31800000,
    "netIncome": 232300000,
    "netIncomeRatio": 0.0989985084,
    "eps": 1.92,
    "epsdiluted": 1.89,
    "weightedAverageShsOut": 121300000,
    "weightedAverageShsOutDil": 122800000,
    "link": "https://www.sec.gov/Archives/edgar/data/940944/000094094420000014/0000940944-20-000014-index.htm",
    "finalLink": "https://www.sec.gov/Archives/edgar/data/940944/000094094420000014/q3fy2010-q.htm"
  },
  {
    "date": "2019-11-24",
    "symbol": "DRI",
    "reportedCurrency": "USD",
    "cik": "0000940944",
    "fillingDate": "2020-01-02",
    "acceptedDate": "2020-01-02 16:20:33",
    "calendarYear": "2020",
    "period": "Q2",
    "revenue": 2056400000,
    "costOfRevenue": 1650900000,
    "grossProfit": 405500000,
    "grossProfitRatio": 0.1971892628,
    "researchAndDevelopmentExpenses": 0,
    "generalAndAdministrativeExpenses": 91400000,
    "sellingAndMarketingExpenses": 66300000,
    "sellingGeneralAndAdministrativeExpenses": 157700000,
    "otherExpenses": 87600000,
    "operatingExpenses": 245300000,
    "costAndExpenses": 1896200000,
    "interestIncome": 0,
    "interestExpense": 13000000,
    "depreciationAndAmortization": 87600000,
    "ebitda": 247800000,
    "ebitdaratio": 0.1205018479,
    "operatingIncome": 160200000,
    "operatingIncomeRatio": 0.0779031317,
    "totalOtherIncomeExpensesNet": -166400000,
    "incomeBeforeTax": -6200000,
    "incomeBeforeTaxRatio": -0.0030149776,
    "incomeTaxExpense": -31600000,
    "netIncome": 24700000,
    "netIncomeRatio": 0.0120112819,
    "eps": 0.2,
    "epsdiluted": 0.2,
    "weightedAverageShsOut": 122200000,
    "weightedAverageShsOutDil": 123700000,
    "link": "https://www.sec.gov/Archives/edgar/data/940944/000094094420000003/0000940944-20-000003-index.htm",
    "finalLink": "https://www.sec.gov/Archives/edgar/data/940944/000094094420000003/q2fy2010-q.htm"
  },
  {
    "date": "2019-08-25",
    "symbol": "DRI",
    "reportedCurrency": "USD",
    "cik": "0000940944",
    "fillingDate": "2019-10-01",
    "acceptedDate": "2019-10-01 16:30:32",
    "calendarYear": "2020",
    "period": "Q1",
    "revenue": 2133900000,
    "costOfRevenue": 1679500000,
    "grossProfit": 454400000,
    "grossProfitRatio": 0.2129434369,
    "researchAndDevelopmentExpenses": 0,
    "generalAndAdministrativeExpenses": 98000000,
    "sellingAndMarketingExpenses": 68700000,
    "sellingGeneralAndAdministrativeExpenses": 166700000,
    "otherExpenses": 86200000,
    "operatingExpenses": 252900000,
    "costAndExpenses": 1932400000,
    "interestIncome": 0,
    "interestExpense": 11100000,
    "depreciationAndAmortization": 86200000,
    "ebitda": 287700000,
    "ebitdaratio": 0.1348235625,
    "operatingIncome": 201500000,
    "operatingIncomeRatio": 0.0944280426,
    "totalOtherIncomeExpensesNet": -11100000,
    "incomeBeforeTax": 190400000,
    "incomeBeforeTaxRatio": 0.0892262993,
    "incomeTaxExpense": 18600000,
    "netIncome": 170600000,
    "netIncomeRatio": 0.0799475139,
    "eps": 1.39,
    "epsdiluted": 1.37,
    "weightedAverageShsOut": 122900000,
    "weightedAverageShsOutDil": 124600000,
    "link": "https://www.sec.gov/Archives/edgar/data/940944/000094094419000042/0000940944-19-000042-index.htm",
    "finalLink": "https://www.sec.gov/Archives/edgar/data/940944/000094094419000042/q1fy2010-q.htm"
  },
  {
    "date": "2019-05-26",
    "symbol": "DRI",
    "reportedCurrency": "USD",
    "cik": "0000940944",
    "fillingDate": "2019-07-19",
    "acceptedDate": "2019-07-19 17:21:00",
    "calendarYear": "2019",
    "period": "Q4",
    "revenue": 2229100000,
    "costOfRevenue": 1725300000,
    "grossProfit": 503800000,
    "grossProfitRatio": 0.2260104975,
    "researchAndDevelopmentExpenses": 0,
    "generalAndAdministrativeExpenses": 103100000,
    "sellingAndMarketingExpenses": 68400000,
    "sellingGeneralAndAdministrativeExpenses": 171500000,
    "otherExpenses": 102500000,
    "operatingExpenses": 274000000,
    "costAndExpenses": 1999300000,
    "interestIncome": 0,
    "interestExpense": 11900000,
    "depreciationAndAmortization": 87900000,
    "ebitda": 317100000,
    "ebitdaratio": 0.1422547216,
    "operatingIncome": 229800000,
    "operatingIncomeRatio": 0.1030909336,
    "totalOtherIncomeExpensesNet": -11900000,
    "incomeBeforeTax": 217900000,
    "incomeBeforeTaxRatio": 0.0977524561,
    "incomeTaxExpense": 9200000,
    "netIncome": 208000000,
    "netIncomeRatio": 0.0933112018,
    "eps": 1.69,
    "epsdiluted": 1.67,
    "weightedAverageShsOut": 123100000,
    "weightedAverageShsOutDil": 124900000,
    "link": "https://www.sec.gov/Archives/edgar/data/940944/000094094419000025/0000940944-19-000025-index.htm",
    "finalLink": "https://www.sec.gov/Archives/edgar/data/940944/000094094419000025/dri-201910xk.htm"
  },
  {
    "date": "2019-02-24",
    "symbol": "DRI",
    "reportedCurrency": "USD",
    "cik": "0000940944",
    "fillingDate": "2019-04-02",
    "acceptedDate": "2019-04-02 17:16:44",
    "calendarYear": "2019",
    "period": "Q3",
    "revenue": 2246500000,
    "costOfRevenue": 1728900000,
    "grossProfit": 517600000,
    "grossProfitRatio": 0.2304028489,
    "researchAndDevelopmentExpenses": 0,
    "generalAndAdministrativeExpenses": 102800000,
    "sellingAndMarketingExpenses": 62400000,
    "sellingGeneralAndAdministrativeExpenses": 165200000,
    "otherExpenses": 86900000,
    "operatingExpenses": 252100000,
    "costAndExpenses": 1981000000,
    "interestIncome": 0,
    "interestExpense": 12400000,
    "depreciationAndAmortization": 85300000,
    "ebitda": 352400000,
    "ebitdaratio": 0.1568662364,
    "operatingIncome": 265500000,
    "operatingIncomeRatio": 0.1181838415,
    "totalOtherIncomeExpensesNet": -12400000,
    "incomeBeforeTax": 253100000,
    "incomeBeforeTaxRatio": 0.1126641442,
    "incomeTaxExpense": 28000000,
    "netIncome": 223600000,
    "netIncomeRatio": 0.0995326063,
    "eps": 1.81,
    "epsdiluted": 1.79,
    "weightedAverageShsOut": 123300000,
    "weightedAverageShsOutDil": 125000000,
    "link": "https://www.sec.gov/Archives/edgar/data/940944/000094094419000013/0000940944-19-000013-index.htm",
    "finalLink": "https://www.sec.gov/Archives/edgar/data/940944/000094094419000013/q3fy1910-q.htm"
  },
  {
    "date": "2018-11-25",
    "symbol": "DRI",
    "reportedCurrency": "USD",
    "cik": "0000940944",
    "fillingDate": "2019-01-02",
    "acceptedDate": "2019-01-02 16:13:09",
    "calendarYear": "2019",
    "period": "Q2",
    "revenue": 1973400000,
    "costOfRevenue": 1586700000,
    "grossProfit": 386700000,
    "grossProfitRatio": 0.1959562177,
    "researchAndDevelopmentExpenses": 0,
    "generalAndAdministrativeExpenses": 95100000,
    "sellingAndMarketingExpenses": 58000000,
    "sellingGeneralAndAdministrativeExpenses": 153100000,
    "otherExpenses": 85500000,
    "operatingExpenses": 238600000,
    "costAndExpenses": 1825300000,
    "interestIncome": 0,
    "interestExpense": 12800000,
    "depreciationAndAmortization": 82800000,
    "ebitda": 233600000,
    "ebitdaratio": 0.1183743792,
    "operatingIncome": 148100000,
    "operatingIncomeRatio": 0.0750481403,
    "totalOtherIncomeExpensesNet": -12800000,
    "incomeBeforeTax": 135300000,
    "incomeBeforeTaxRatio": 0.0685618729,
    "incomeTaxExpense": 19400000,
    "netIncome": 115600000,
    "netIncomeRatio": 0.0585791021,
    "eps": 0.93,
    "epsdiluted": 0.92,
    "weightedAverageShsOut": 123900000,
    "weightedAverageShsOutDil": 125800000,
    "link": "https://www.sec.gov/Archives/edgar/data/940944/000094094419000005/0000940944-19-000005-index.htm",
    "finalLink": "https://www.sec.gov/Archives/edgar/data/940944/000094094419000005/q2fy1910-q.htm"
  },
  {
    "date": "2018-08-26",
    "symbol": "DRI",
    "reportedCurrency": "USD",
    "cik": "0000940944",
    "fillingDate": "2018-10-02",
    "acceptedDate": "2018-10-02 16:58:02",
    "calendarYear": "2019",
    "period": "Q1",
    "revenue": 2061400000,
    "costOfRevenue": 1620500000,
    "grossProfit": 440900000,
    "grossProfitRatio": 0.2138837683,
    "researchAndDevelopmentExpenses": 0,
    "generalAndAdministrativeExpenses": 104500000,
    "sellingAndMarketingExpenses": 66500000,
    "sellingGeneralAndAdministrativeExpenses": 171000000,
    "otherExpenses": 80800000,
    "operatingExpenses": 251800000,
    "costAndExpenses": 1872300000,
    "interestIncome": 0,
    "interestExpense": 13100000,
    "depreciationAndAmortization": 80700000,
    "ebitda": 269900000,
    "ebitdaratio": 0.1309304356,
    "operatingIncome": 189100000,
    "operatingIncomeRatio": 0.0917337732,
    "totalOtherIncomeExpensesNet": -13100000,
    "incomeBeforeTax": 176000000,
    "incomeBeforeTaxRatio": 0.0853788687,
    "incomeTaxExpense": 7100000,
    "netIncome": 166200000,
    "netIncomeRatio": 0.0806248181,
    "eps": 1.34,
    "epsdiluted": 1.32,
    "weightedAverageShsOut": 123800000,
    "weightedAverageShsOutDil": 125800000,
    "link": "https://www.sec.gov/Archives/edgar/data/940944/000094094418000061/0000940944-18-000061-index.htm",
    "finalLink": "https://www.sec.gov/Archives/edgar/data/940944/000094094418000061/q1fy1910-q.htm"
  },
  {
    "date": "2018-05-27",
    "symbol": "DRI",
    "reportedCurrency": "USD",
    "cik": "0000940944",
    "fillingDate": "2018-07-20",
    "acceptedDate": "2018-07-20 16:55:06",
    "calendarYear": "2018",
    "period": "Q4",
    "revenue": 2134100000,
    "costOfRevenue": 1648500000,
    "grossProfit": 485600000,
    "grossProfitRatio": 0.2275432267,
    "researchAndDevelopmentExpenses": 0,
    "generalAndAdministrativeExpenses": 102800000,
    "sellingAndMarketingExpenses": 69300000,
    "sellingGeneralAndAdministrativeExpenses": 172100000,
    "otherExpenses": 83500000,
    "operatingExpenses": 255600000,
    "costAndExpenses": 1904100000,
    "interestIncome": 0,
    "interestExpense": 13200000,
    "depreciationAndAmortization": 79000000,
    "ebitda": 310900000,
    "ebitdaratio": 0.1456820205,
    "operatingIncome": 230000000,
    "operatingIncomeRatio": 0.1077737688,
    "totalOtherIncomeExpensesNet": -13200000,
    "incomeBeforeTax": 216800000,
    "incomeBeforeTaxRatio": 0.1015884916,
    "incomeTaxExpense": 41400000,
    "netIncome": 174500000,
    "netIncomeRatio": 0.0817674898,
    "eps": 1.41,
    "epsdiluted": 1.39,
    "weightedAverageShsOut": 123600000,
    "weightedAverageShsOutDil": 125500000,
    "link": "https://www.sec.gov/Archives/edgar/data/940944/000094094418000050/0000940944-18-000050-index.htm",
    "finalLink": "https://www.sec.gov/Archives/edgar/data/940944/000094094418000050/dri-201810xk.htm"
  },
  {
    "date": "2018-02-25",
    "symbol": "DRI",
    "reportedCurrency": "USD",
    "cik": "0000940944",
    "fillingDate": "2018-04-03",
    "acceptedDate": "2018-04-03 17:00:28",
    "calendarYear": "2018",
    "period": "Q3",
    "revenue": 2128400000,
    "costOfRevenue": 1647100000,
    "grossProfit": 481300000,
    "grossProfitRatio": 0.226132306,
    "researchAndDevelopmentExpenses": 0,
    "generalAndAdministrativeExpenses": 110100000,
    "sellingAndMarketingExpenses": 58900000,
    "sellingGeneralAndAdministrativeExpenses": 169000000,
    "otherExpenses": 78900000,
    "operatingExpenses": 247900000,
    "costAndExpenses": 1895000000,
    "interestIncome": 0,
    "interestExpense": 117300000,
    "depreciationAndAmortization": 79200000,
    "ebitda": 312300000,
    "ebitdaratio": 0.146729938,
    "operatingIncome": 233400000,
    "operatingIncomeRatio": 0.1096598384,
    "totalOtherIncomeExpensesNet": -117400000,
    "incomeBeforeTax": 116000000,
    "incomeBeforeTaxRatio": 0.0545010336,
    "incomeTaxExpense": -102500000,
    "netIncome": 217800000,
    "netIncomeRatio": 0.102330389,
    "eps": 1.76,
    "epsdiluted": 1.73,
    "weightedAverageShsOut": 123600000,
    "weightedAverageShsOutDil": 125700000,
    "link": "https://www.sec.gov/Archives/edgar/data/940944/000094094418000038/0000940944-18-000038-index.htm",
    "finalLink": "https://www.sec.gov/Archives/edgar/data/940944/000094094418000038/q3fy1810-q.htm"
  },
  {
    "date": "2017-11-26",
    "symbol": "DRI",
    "reportedCurrency": "USD",
    "cik": "0000940944",
    "fillingDate": "2018-01-03",
    "acceptedDate": "2018-01-03 17:00:12",
    "calendarYear": "2018",
    "period": "Q2",
    "revenue": 1881500000,
    "costOfRevenue": 1516800000,
    "grossProfit": 364700000,
    "grossProfitRatio": 0.1938347064,
    "researchAndDevelopmentExpenses": 0,
    "generalAndAdministrativeExpenses": 98900000,
    "sellingAndMarketingExpenses": 58100000,
    "sellingGeneralAndAdministrativeExpenses": 157000000,
    "otherExpenses": 78800000,
    "operatingExpenses": 235800000,
    "costAndExpenses": 1752600000,
    "interestIncome": 0,
    "interestExpense": 15500000,
    "depreciationAndAmortization": 78800000,
    "ebitda": 207700000,
    "ebitdaratio": 0.1103906458,
    "operatingIncome": 128900000,
    "operatingIncomeRatio": 0.0685091682,
    "totalOtherIncomeExpensesNet": -15500000,
    "incomeBeforeTax": 113400000,
    "incomeBeforeTaxRatio": 0.0602710603,
    "incomeTaxExpense": 24800000,
    "netIncome": 84700000,
    "netIncomeRatio": 0.0450172735,
    "eps": 0.69,
    "epsdiluted": 0.67,
    "weightedAverageShsOut": 123600000,
    "weightedAverageShsOutDil": 125500000,
    "link": "https://www.sec.gov/Archives/edgar/data/940944/000094094418000003/0000940944-18-000003-index.htm",
    "finalLink": "https://www.sec.gov/Archives/edgar/data/940944/000094094418000003/q2fy1810-q.htm"
  },
  {
    "date": "2017-08-27",
    "symbol": "DRI",
    "reportedCurrency": "USD",
    "cik": "0000940944",
    "fillingDate": "2017-10-03",
    "acceptedDate": "2017-10-03 13:12:18",
    "calendarYear": "2018",
    "period": "Q1",
    "revenue": 1936100000,
    "costOfRevenue": 1522300000,
    "grossProfit": 413800000,
    "grossProfitRatio": 0.2137286297,
    "researchAndDevelopmentExpenses": 0,
    "generalAndAdministrativeExpenses": 98000000,
    "sellingAndMarketingExpenses": 66000000,
    "sellingGeneralAndAdministrativeExpenses": 164000000,
    "otherExpenses": 75300000,
    "operatingExpenses": 239300000,
    "costAndExpenses": 1761600000,
    "interestIncome": 0,
    "interestExpense": 15000000,
    "depreciationAndAmortization": 76100000,
    "ebitda": 249800000,
    "ebitdaratio": 0.1290222612,
    "operatingIncome": 174500000,
    "operatingIncomeRatio": 0.0901296421,
    "totalOtherIncomeExpensesNet": -15000000,
    "incomeBeforeTax": 159500000,
    "incomeBeforeTaxRatio": 0.0823821084,
    "incomeTaxExpense": 38200000,
    "netIncome": 119000000,
    "netIncomeRatio": 0.0614637674,
    "eps": 0.95,
    "epsdiluted": 0.93,
    "weightedAverageShsOut": 125200000,
    "weightedAverageShsOutDil": 127300000,
    "link": "https://www.sec.gov/Archives/edgar/data/940944/000094094417000044/0000940944-17-000044-index.htm",
    "finalLink": "https://www.sec.gov/Archives/edgar/data/940944/000094094417000044/q1fy1810-q.htm"
  },
  {
    "date": "2017-05-28",
    "symbol": "DRI",
    "reportedCurrency": "USD",
    "cik": "0000940944",
    "fillingDate": "2017-07-21",
    "acceptedDate": "2017-07-21 17:22:26",
    "calendarYear": "2017",
    "period": "Q4",
    "revenue": 1934600000,
    "costOfRevenue": 1496400000,
    "grossProfit": 438200000,
    "grossProfitRatio": 0.2265067714,
    "researchAndDevelopmentExpenses": 0,
    "generalAndAdministrativeExpenses": 133300000,
    "sellingAndMarketingExpenses": 64300000,
    "sellingGeneralAndAdministrativeExpenses": 197600000,
    "otherExpenses": 70400000,
    "operatingExpenses": 268000000,
    "costAndExpenses": 1764400000,
    "interestIncome": 0,
    "interestExpense": 11500000,
    "depreciationAndAmortization": 70400000,
    "ebitda": 250300000,
    "ebitdaratio": 0.1293807505,
    "operatingIncome": 170200000,
    "operatingIncomeRatio": 0.0879768428,
    "totalOtherIncomeExpensesNet": -11500000,
    "incomeBeforeTax": 158700000,
    "incomeBeforeTaxRatio": 0.0820324615,
    "incomeTaxExpense": 33300000,
    "netIncome": 123800000,
    "netIncomeRatio": 0.0639925566,
    "eps": 0.99,
    "epsdiluted": 0.98,
    "weightedAverageShsOut": 125000000,
    "weightedAverageShsOutDil": 126600000,
    "link": "https://www.sec.gov/Archives/edgar/data/940944/000094094417000027/0000940944-17-000027-index.htm",
    "finalLink": "https://www.sec.gov/Archives/edgar/data/940944/000094094417000027/dri-201710xk.htm"
  },
  {
    "date": "2017-02-26",
    "symbol": "DRI",
    "reportedCurrency": "USD",
    "cik": "0000940944",
    "fillingDate": "2017-04-04",
    "acceptedDate": "2017-04-04 16:24:06",
    "calendarYear": "2017",
    "period": "Q3",
    "revenue": 1878700000,
    "costOfRevenue": 1440200000,
    "grossProfit": 438500000,
    "grossProfitRatio": 0.2334060787,
    "researchAndDevelopmentExpenses": 0,
    "generalAndAdministrativeExpenses": 87200000,
    "sellingAndMarketingExpenses": 54600000,
    "sellingGeneralAndAdministrativeExpenses": 141800000,
    "otherExpenses": 67200000,
    "operatingExpenses": 209000000,
    "costAndExpenses": 1649200000,
    "interestIncome": 0,
    "interestExpense": 9300000,
    "depreciationAndAmortization": 67900000,
    "ebitda": 296700000,
    "ebitdaratio": 0.1579283547,
    "operatingIncome": 229500000,
    "operatingIncomeRatio": 0.1221589397,
    "totalOtherIncomeExpensesNet": -9300000,
    "incomeBeforeTax": 220200000,
    "incomeBeforeTaxRatio": 0.1172087081,
    "incomeTaxExpense": 53900000,
    "netIncome": 165600000,
    "netIncomeRatio": 0.0881460584,
    "eps": 1.33,
    "epsdiluted": 1.32,
    "weightedAverageShsOut": 124100000,
    "weightedAverageShsOutDil": 125900000,
    "link": "https://www.sec.gov/Archives/edgar/data/940944/000094094417000009/0000940944-17-000009-index.htm",
    "finalLink": "https://www.sec.gov/Archives/edgar/data/940944/000094094417000009/q3fy1710-q.htm"
  },
  {
    "date": "2016-11-27",
    "symbol": "DRI",
    "reportedCurrency": "USD",
    "cik": "0000940944",
    "fillingDate": "2017-01-04",
    "acceptedDate": "2017-01-04 16:31:22",
    "calendarYear": "2017",
    "period": "Q2",
    "revenue": 1642500000,
    "costOfRevenue": 1321500000,
    "grossProfit": 321000000,
    "grossProfitRatio": 0.19543379,
    "researchAndDevelopmentExpenses": 0,
    "generalAndAdministrativeExpenses": 79500000,
    "sellingAndMarketingExpenses": 57100000,
    "sellingGeneralAndAdministrativeExpenses": 136600000,
    "otherExpenses": 67900000,
    "operatingExpenses": 204500000,
    "costAndExpenses": 1526000000,
    "interestIncome": 0,
    "interestExpense": 9500000,
    "depreciationAndAmortization": 67800000,
    "ebitda": 184400000,
    "ebitdaratio": 0.1122678843,
    "operatingIncome": 116500000,
    "operatingIncomeRatio": 0.0709284627,
    "totalOtherIncomeExpensesNet": -9500000,
    "incomeBeforeTax": 107000000,
    "incomeBeforeTaxRatio": 0.0651445967,
    "incomeTaxExpense": 27300000,
    "netIncome": 79500000,
    "netIncomeRatio": 0.0484018265,
    "eps": 0.65,
    "epsdiluted": 0.64,
    "weightedAverageShsOut": 123100000,
    "weightedAverageShsOutDil": 124900000,
    "link": "https://www.sec.gov/Archives/edgar/data/940944/000094094417000002/0000940944-17-000002-index.htm",
    "finalLink": "https://www.sec.gov/Archives/edgar/data/940944/000094094417000002/q2fy1710-q.htm"
  },
  {
    "date": "2016-08-28",
    "symbol": "DRI",
    "reportedCurrency": "USD",
    "cik": "0000940944",
    "fillingDate": "2016-10-05",
    "acceptedDate": "2016-10-05 14:52:13",
    "calendarYear": "2017",
    "period": "Q1",
    "revenue": 1714400000,
    "costOfRevenue": 1342700000,
    "grossProfit": 371700000,
    "grossProfitRatio": 0.216810546,
    "researchAndDevelopmentExpenses": 0,
    "generalAndAdministrativeExpenses": 87700000,
    "sellingAndMarketingExpenses": 63700000,
    "sellingGeneralAndAdministrativeExpenses": 151400000,
    "otherExpenses": 59000000,
    "operatingExpenses": 210400000,
    "costAndExpenses": 1553100000,
    "interestIncome": 0,
    "interestExpense": 9900000,
    "depreciationAndAmortization": 66800000,
    "ebitda": 220300000,
    "ebitdaratio": 0.1284997667,
    "operatingIncome": 161300000,
    "operatingIncomeRatio": 0.0940853943,
    "totalOtherIncomeExpensesNet": -9900000,
    "incomeBeforeTax": 151400000,
    "incomeBeforeTaxRatio": 0.0883107793,
    "incomeTaxExpense": 40300000,
    "netIncome": 110200000,
    "netIncomeRatio": 0.0642790481,
    "eps": 0.88,
    "epsdiluted": 0.87,
    "weightedAverageShsOut": 124900000,
    "weightedAverageShsOutDil": 126700000,
    "link": "https://www.sec.gov/Archives/edgar/data/940944/000094094416000132/0000940944-16-000132-index.htm",
    "finalLink": "https://www.sec.gov/Archives/edgar/data/940944/000094094416000132/q1fy1710-q.htm"
  },
  {
    "date": "2016-05-29",
    "symbol": "DRI",
    "reportedCurrency": "USD",
    "cik": "0000940944",
    "fillingDate": "2016-07-25",
    "acceptedDate": "2016-07-25 17:16:16",
    "calendarYear": "2016",
    "period": "Q4",
    "revenue": 1790200000,
    "costOfRevenue": 1382300000,
    "grossProfit": 407900000,
    "grossProfitRatio": 0.2278516367,
    "researchAndDevelopmentExpenses": 0,
    "generalAndAdministrativeExpenses": 90700000,
    "sellingAndMarketingExpenses": 63400000,
    "sellingGeneralAndAdministrativeExpenses": 154100000,
    "otherExpenses": 68700000,
    "operatingExpenses": 222800000,
    "costAndExpenses": 1605100000,
    "interestIncome": 0,
    "interestExpense": 0,
    "depreciationAndAmortization": 66800000,
    "ebitda": 249100000,
    "ebitdaratio": 0.1391464641,
    "operatingIncome": 185100000,
    "operatingIncomeRatio": 0.1033962686,
    "totalOtherIncomeExpensesNet": -9700000,
    "incomeBeforeTax": 175400000,
    "incomeBeforeTaxRatio": 0.0979778796,
    "incomeTaxExpense": 35000000,
    "netIncome": 139600000,
    "netIncomeRatio": 0.077980114,
    "eps": 1.1,
    "epsdiluted": 1.09,
    "weightedAverageShsOut": 126400000,
    "weightedAverageShsOutDil": 128200000,
    "link": "https://www.sec.gov/Archives/edgar/data/940944/000094094416000116/0000940944-16-000116-index.htm",
    "finalLink": "https://www.sec.gov/Archives/edgar/data/940944/000094094416000116/dri-201610xk.htm"
  },
  {
    "date": "2016-02-28",
    "symbol": "DRI",
    "reportedCurrency": "USD",
    "cik": "0000940944",
    "fillingDate": "2016-04-06",
    "acceptedDate": "2016-04-06 17:10:03",
    "calendarYear": "2016",
    "period": "Q3",
    "revenue": 1847500000,
    "costOfRevenue": 1415500000,
    "grossProfit": 432000000,
    "grossProfitRatio": 0.2338294993,
    "researchAndDevelopmentExpenses": 0,
    "generalAndAdministrativeExpenses": 95200000,
    "sellingAndMarketingExpenses": 50700000,
    "sellingGeneralAndAdministrativeExpenses": 145900000,
    "otherExpenses": 64900000,
    "operatingExpenses": 210800000,
    "costAndExpenses": 1626300000,
    "interestIncome": 0,
    "interestExpense": 0,
    "depreciationAndAmortization": 67000000,
    "ebitda": 286100000,
    "ebitdaratio": 0.1548579161,
    "operatingIncome": 221200000,
    "operatingIncomeRatio": 0.119729364,
    "totalOtherIncomeExpensesNet": -83100000,
    "incomeBeforeTax": 138100000,
    "incomeBeforeTaxRatio": 0.0747496617,
    "incomeTaxExpense": 29900000,
    "netIncome": 105800000,
    "netIncomeRatio": 0.0572665765,
    "eps": 0.83,
    "epsdiluted": 0.82,
    "weightedAverageShsOut": 127600000,
    "weightedAverageShsOutDil": 129400000,
    "link": "https://www.sec.gov/Archives/edgar/data/940944/000094094416000101/0000940944-16-000101-index.htm",
    "finalLink": "https://www.sec.gov/Archives/edgar/data/940944/000094094416000101/q3fy1610-q.htm"
  },
  {
    "date": "2015-11-29",
    "symbol": "DRI",
    "reportedCurrency": "USD",
    "cik": "0000940944",
    "fillingDate": "2016-01-06",
    "acceptedDate": "2016-01-06 17:15:36",
    "calendarYear": "2016",
    "period": "Q2",
    "revenue": 1608800000,
    "costOfRevenue": 1283900000,
    "grossProfit": 324900000,
    "grossProfitRatio": 0.2019517653,
    "researchAndDevelopmentExpenses": 0,
    "generalAndAdministrativeExpenses": 101900000,
    "sellingAndMarketingExpenses": 58300000,
    "sellingGeneralAndAdministrativeExpenses": 160200000,
    "otherExpenses": 83000000,
    "operatingExpenses": 243200000,
    "costAndExpenses": 1527100000,
    "interestIncome": 0,
    "interestExpense": 0,
    "depreciationAndAmortization": 75300000,
    "ebitda": 164700000,
    "ebitdaratio": 0.1023744406,
    "operatingIncome": 81700000,
    "operatingIncomeRatio": 0.0507831924,
    "totalOtherIncomeExpensesNet": -57300000,
    "incomeBeforeTax": 24400000,
    "incomeBeforeTaxRatio": 0.0151665838,
    "incomeTaxExpense": -5700000,
    "netIncome": 43200000,
    "netIncomeRatio": 0.0268523123,
    "eps": 0.34,
    "epsdiluted": 0.33,
    "weightedAverageShsOut": 128100000,
    "weightedAverageShsOutDil": 129900000,
    "link": "https://www.sec.gov/Archives/edgar/data/940944/000094094416000090/0000940944-16-000090-index.htm",
    "finalLink": "https://www.sec.gov/Archives/edgar/data/940944/000094094416000090/q2fy1610-q.htm"
  },
  {
    "date": "2015-08-30",
    "symbol": "DRI",
    "reportedCurrency": "USD",
    "cik": "0000940944",
    "fillingDate": "2015-10-02",
    "acceptedDate": "2015-10-02 17:16:09",
    "calendarYear": "2016",
    "period": "Q1",
    "revenue": 1687000000,
    "costOfRevenue": 1310700000,
    "grossProfit": 376300000,
    "grossProfitRatio": 0.2230586841,
    "researchAndDevelopmentExpenses": 0,
    "generalAndAdministrativeExpenses": 97100000,
    "sellingAndMarketingExpenses": 65600000,
    "sellingGeneralAndAdministrativeExpenses": 162700000,
    "otherExpenses": 79400000,
    "operatingExpenses": 242100000,
    "costAndExpenses": 1552800000,
    "interestIncome": 0,
    "interestExpense": 0,
    "depreciationAndAmortization": 81100000,
    "ebitda": 213600000,
    "ebitdaratio": 0.1266152934,
    "operatingIncome": 134200000,
    "operatingIncomeRatio": 0.0795494961,
    "totalOtherIncomeExpensesNet": -22400000,
    "incomeBeforeTax": 111800000,
    "incomeBeforeTaxRatio": 0.0662714878,
    "incomeTaxExpense": 30800000,
    "netIncome": 86400000,
    "netIncomeRatio": 0.0512151749,
    "eps": 0.68,
    "epsdiluted": 0.67,
    "weightedAverageShsOut": 127400000,
    "weightedAverageShsOutDil": 129300000,
    "link": "https://www.sec.gov/Archives/edgar/data/940944/000094094415000068/0000940944-15-000068-index.htm",
    "finalLink": "https://www.sec.gov/Archives/edgar/data/940944/000094094415000068/q1fy1610-q.htm"
  },
  {
    "date": "2015-05-31",
    "symbol": "DRI",
    "reportedCurrency": "USD",
    "cik": "0000940944",
    "fillingDate": "2015-07-24",
    "acceptedDate": "2015-07-24 17:18:33",
    "calendarYear": "2015",
    "period": "Q4",
    "revenue": 1878300000,
    "costOfRevenue": 1446900000,
    "grossProfit": 431400000,
    "grossProfitRatio": 0.2296757706,
    "researchAndDevelopmentExpenses": 0,
    "generalAndAdministrativeExpenses": -54400000,
    "sellingAndMarketingExpenses": 243300000,
    "sellingGeneralAndAdministrativeExpenses": 188900000,
    "otherExpenses": 242500000,
    "operatingExpenses": 431400000,
    "costAndExpenses": 1878300000,
    "interestIncome": 0,
    "interestExpense": 0,
    "depreciationAndAmortization": 80900000,
    "ebitda": 181000000,
    "ebitdaratio": 0.0963637332,
    "operatingIncome": 161600000,
    "operatingIncomeRatio": 0.0860352446,
    "totalOtherIncomeExpensesNet": -35100000,
    "incomeBeforeTax": 126500000,
    "incomeBeforeTaxRatio": 0.067348134,
    "incomeTaxExpense": 8400000,
    "netIncome": 105300000,
    "netIncomeRatio": 0.0560613321,
    "eps": 0.83,
    "epsdiluted": 0.82,
    "weightedAverageShsOut": 126300000,
    "weightedAverageShsOutDil": 128400000,
    "link": "https://www.sec.gov/Archives/edgar/data/940944/000094094415000039/0000940944-15-000039-index.htm",
    "finalLink": "https://www.sec.gov/Archives/edgar/data/940944/000094094415000039/dri-201510xk.htm"
  },
  {
    "date": "2015-02-22",
    "symbol": "DRI",
    "reportedCurrency": "USD",
    "cik": "0000940944",
    "fillingDate": "2015-03-30",
    "acceptedDate": "2015-03-30 17:14:11",
    "calendarYear": "2015",
    "period": "Q3",
    "revenue": 1730900000,
    "costOfRevenue": 1342300000,
    "grossProfit": 388600000,
    "grossProfitRatio": 0.2245074817,
    "researchAndDevelopmentExpenses": 0,
    "generalAndAdministrativeExpenses": 86400000,
    "sellingAndMarketingExpenses": 51400000,
    "sellingGeneralAndAdministrativeExpenses": 137800000,
    "otherExpenses": 80400000,
    "operatingExpenses": 218200000,
    "costAndExpenses": 1560500000,
    "interestIncome": 0,
    "interestExpense": 0,
    "depreciationAndAmortization": 79600000,
    "ebitda": 250800000,
    "ebitdaratio": 0.144895719,
    "operatingIncome": 170400000,
    "operatingIncomeRatio": 0.0984458952,
    "totalOtherIncomeExpensesNet": -23300000,
    "incomeBeforeTax": 147100000,
    "incomeBeforeTaxRatio": 0.08498469,
    "incomeTaxExpense": 18700000,
    "netIncome": 133800000,
    "netIncomeRatio": 0.0773008262,
    "eps": 1.07,
    "epsdiluted": 1.05,
    "weightedAverageShsOut": 124600000,
    "weightedAverageShsOutDil": 126900000,
    "link": "https://www.sec.gov/Archives/edgar/data/940944/000094094415000015/0000940944-15-000015-index.htm",
    "finalLink": "https://www.sec.gov/Archives/edgar/data/940944/000094094415000015/q3fy1510-q.htm"
  },
  {
    "date": "2014-11-23",
    "symbol": "DRI",
    "reportedCurrency": "USD",
    "cik": "0000940944",
    "fillingDate": "2014-12-31",
    "acceptedDate": "2014-12-31 16:45:18",
    "calendarYear": "2015",
    "period": "Q2",
    "revenue": 1559000000,
    "costOfRevenue": 1269700000,
    "grossProfit": 289300000,
    "grossProfitRatio": 0.1855676716,
    "researchAndDevelopmentExpenses": 0,
    "generalAndAdministrativeExpenses": 128900000,
    "sellingAndMarketingExpenses": 61900000,
    "sellingGeneralAndAdministrativeExpenses": 190800000,
    "otherExpenses": 119400000,
    "operatingExpenses": 310200000,
    "costAndExpenses": 1579900000,
    "interestIncome": 0,
    "interestExpense": 0,
    "depreciationAndAmortization": 80100000,
    "ebitda": 98500000,
    "ebitdaratio": 0.0631815266,
    "operatingIncome": -20900000,
    "operatingIncomeRatio": -0.0134060295,
    "totalOtherIncomeExpensesNet": -33700000,
    "incomeBeforeTax": -54600000,
    "incomeBeforeTaxRatio": -0.0350224503,
    "incomeTaxExpense": -23800000,
    "netIncome": -32800000,
    "netIncomeRatio": -0.0210391276,
    "eps": -0.26,
    "epsdiluted": -0.26,
    "weightedAverageShsOut": 127700000,
    "weightedAverageShsOutDil": 127700000,
    "link": "https://www.sec.gov/Archives/edgar/data/940944/000094094414000155/0000940944-14-000155-index.htm",
    "finalLink": "https://www.sec.gov/Archives/edgar/data/940944/000094094414000155/q2fy1510-q.htm"
  },
  {
    "date": "2014-08-24",
    "symbol": "DRI",
    "reportedCurrency": "USD",
    "cik": "0000940944",
    "fillingDate": "2014-10-03",
    "acceptedDate": "2014-10-03 16:45:03",
    "calendarYear": "2015",
    "period": "Q1",
    "revenue": 1595800000,
    "costOfRevenue": 1282600000,
    "grossProfit": 313200000,
    "grossProfitRatio": 0.1962651961,
    "researchAndDevelopmentExpenses": 0,
    "generalAndAdministrativeExpenses": 95400000,
    "sellingAndMarketingExpenses": 64500000,
    "sellingGeneralAndAdministrativeExpenses": 159900000,
    "otherExpenses": 85700000,
    "operatingExpenses": 245600000,
    "costAndExpenses": 1528200000,
    "interestIncome": 0,
    "interestExpense": 0,
    "depreciationAndAmortization": 78700000,
    "ebitda": 153300000,
    "ebitdaratio": 0.0960646698,
    "operatingIncome": 67600000,
    "operatingIncomeRatio": 0.0423611981,
    "totalOtherIncomeExpensesNet": -111300000,
    "incomeBeforeTax": -43700000,
    "incomeBeforeTaxRatio": -0.027384384,
    "incomeTaxExpense": -24400000,
    "netIncome": 503200000,
    "netIncomeRatio": 0.3153277353,
    "eps": -0.15,
    "epsdiluted": -0.15,
    "weightedAverageShsOut": 132200000,
    "weightedAverageShsOutDil": 132200000,
    "link": "https://www.sec.gov/Archives/edgar/data/940944/000094094414000129/0000940944-14-000129-index.htm",
    "finalLink": "https://www.sec.gov/Archives/edgar/data/940944/000094094414000129/q1fy1510-q.htm"
  },
  {
    "date": "2014-05-25",
    "symbol": "DRI",
    "reportedCurrency": "USD",
    "cik": "0000940944",
    "fillingDate": "2014-07-18",
    "acceptedDate": "2014-07-18 16:49:09",
    "calendarYear": "2014",
    "period": "Q4",
    "revenue": 1650000000,
    "costOfRevenue": 1316100000,
    "grossProfit": 333900000,
    "grossProfitRatio": 0.2023636364,
    "researchAndDevelopmentExpenses": 0,
    "generalAndAdministrativeExpenses": -81400000,
    "sellingAndMarketingExpenses": 252300000,
    "sellingGeneralAndAdministrativeExpenses": 170900000,
    "otherExpenses": -145900000,
    "operatingExpenses": 25000000,
    "costAndExpenses": 1341100000,
    "interestIncome": 600000,
    "interestExpense": 0,
    "depreciationAndAmortization": 78400000,
    "ebitda": 147200000,
    "ebitdaratio": 0.0892121212,
    "operatingIncome": 68200000,
    "operatingIncomeRatio": 0.0413333333,
    "totalOtherIncomeExpensesNet": -34300000,
    "incomeBeforeTax": 33900000,
    "incomeBeforeTaxRatio": 0.0205454545,
    "incomeTaxExpense": -14500000,
    "netIncome": 86500000,
    "netIncomeRatio": 0.0524242424,
    "eps": 0.6500000000000004,
    "epsdiluted": 0.6499999999999999,
    "weightedAverageShsOut": 131000000,
    "weightedAverageShsOutDil": 133200000,
    "link": null,
    "finalLink": null
  },
  {
    "date": "2014-02-23",
    "symbol": "DRI",
    "reportedCurrency": "USD",
    "cik": "0000940944",
    "fillingDate": "2014-03-31",
    "acceptedDate": "2014-03-31 16:15:51",
    "calendarYear": "2014",
    "period": "Q3",
    "revenue": 1618500000,
    "costOfRevenue": 1265800000,
    "grossProfit": 352700000,
    "grossProfitRatio": 0.2179178251,
    "researchAndDevelopmentExpenses": 0,
    "generalAndAdministrativeExpenses": 154200000,
    "sellingAndMarketingExpenses": 0,
    "sellingGeneralAndAdministrativeExpenses": 154200000,
    "otherExpenses": 198500000,
    "operatingExpenses": 352700000,
    "costAndExpenses": 1618500000,
    "interestIncome": 0,
    "interestExpense": 0,
    "depreciationAndAmortization": 76300000,
    "ebitda": 198500000,
    "ebitdaratio": 0.1226444238,
    "operatingIncome": 122200000,
    "operatingIncomeRatio": 0.075502008,
    "totalOtherIncomeExpensesNet": -33100000,
    "incomeBeforeTax": 89100000,
    "incomeBeforeTaxRatio": 0.0550509731,
    "incomeTaxExpense": 2500000,
    "netIncome": 109700000,
    "netIncomeRatio": 0.0677788075,
    "eps": 0.84,
    "epsdiluted": 0.82,
    "weightedAverageShsOut": 131300000,
    "weightedAverageShsOutDil": 133400000,
    "link": "https://www.sec.gov/Archives/edgar/data/940944/000094094414000018/0000940944-14-000018-index.htm",
    "finalLink": "https://www.sec.gov/Archives/edgar/data/940944/000094094414000018/q3fy1410-q.htm"
  },
  {
    "date": "2013-11-24",
    "symbol": "DRI",
    "reportedCurrency": "USD",
    "cik": "0000940944",
    "fillingDate": "2014-01-02",
    "acceptedDate": "2014-01-02 16:49:51",
    "calendarYear": "2014",
    "period": "Q2",
    "revenue": 1485600000,
    "costOfRevenue": 1200500000,
    "grossProfit": 285100000,
    "grossProfitRatio": 0.191908993,
    "researchAndDevelopmentExpenses": 0,
    "generalAndAdministrativeExpenses": 174700000,
    "sellingAndMarketingExpenses": 0,
    "sellingGeneralAndAdministrativeExpenses": 174700000,
    "otherExpenses": 110400000,
    "operatingExpenses": 285100000,
    "costAndExpenses": 1485600000,
    "interestIncome": 0,
    "interestExpense": 0,
    "depreciationAndAmortization": 75500000,
    "ebitda": 110400000,
    "ebitdaratio": 0.0743134087,
    "operatingIncome": 34900000,
    "operatingIncomeRatio": 0.0234921917,
    "totalOtherIncomeExpensesNet": -33100000,
    "incomeBeforeTax": 1800000,
    "incomeBeforeTaxRatio": 0.0012116317,
    "incomeTaxExpense": -4200000,
    "netIncome": 19800000,
    "netIncomeRatio": 0.0133279483,
    "eps": 0.15,
    "epsdiluted": 0.15,
    "weightedAverageShsOut": 130600000,
    "weightedAverageShsOutDil": 132800000,
    "link": "https://www.sec.gov/Archives/edgar/data/940944/000094094414000002/0000940944-14-000002-index.htm",
    "finalLink": "https://www.sec.gov/Archives/edgar/data/940944/000094094414000002/q2fy1410-q.htm"
  },
  {
    "date": "2013-08-25",
    "symbol": "DRI",
    "reportedCurrency": "USD",
    "cik": "0000940944",
    "fillingDate": "2013-09-30",
    "acceptedDate": "2013-09-30 13:23:40",
    "calendarYear": "2014",
    "period": "Q1",
    "revenue": 1531500000,
    "costOfRevenue": 1208100000,
    "grossProfit": 323400000,
    "grossProfitRatio": 0.211165524,
    "researchAndDevelopmentExpenses": 0,
    "generalAndAdministrativeExpenses": 165600000,
    "sellingAndMarketingExpenses": 0,
    "sellingGeneralAndAdministrativeExpenses": 165600000,
    "otherExpenses": 157800000,
    "operatingExpenses": 323400000,
    "costAndExpenses": 1531500000,
    "interestIncome": 0,
    "interestExpense": 0,
    "depreciationAndAmortization": 74200000,
    "ebitda": 157800000,
    "ebitdaratio": 0.103036239,
    "operatingIncome": 83600000,
    "operatingIncomeRatio": 0.0545870062,
    "totalOtherIncomeExpensesNet": -33800000,
    "incomeBeforeTax": 49800000,
    "incomeBeforeTaxRatio": 0.0325171401,
    "incomeTaxExpense": 7600000,
    "netIncome": 70200000,
    "netIncomeRatio": 0.0458374143,
    "eps": 0.54,
    "epsdiluted": 0.53,
    "weightedAverageShsOut": 130200000,
    "weightedAverageShsOutDil": 132600000,
    "link": "https://www.sec.gov/Archives/edgar/data/940944/000094094413000045/0000940944-13-000045-index.htm",
    "finalLink": "https://www.sec.gov/Archives/edgar/data/940944/000094094413000045/q1fy1410-q.htm"
  },
  {
    "date": "2013-05-26",
    "symbol": "DRI",
    "reportedCurrency": "USD",
    "cik": "0000940944",
    "fillingDate": "2013-07-19",
    "acceptedDate": "2013-07-19 16:11:40",
    "calendarYear": "2013",
    "period": "Q4",
    "revenue": 2298900000,
    "costOfRevenue": 1790200000,
    "grossProfit": 508700000,
    "grossProfitRatio": 0.2212797425,
    "researchAndDevelopmentExpenses": 0,
    "generalAndAdministrativeExpenses": 213700000,
    "sellingAndMarketingExpenses": 0,
    "sellingGeneralAndAdministrativeExpenses": 213700000,
    "otherExpenses": 295000000,
    "operatingExpenses": 508700000,
    "costAndExpenses": 2298900000,
    "interestIncome": 0,
    "interestExpense": 0,
    "depreciationAndAmortization": 102000000,
    "ebitda": 295900000,
    "ebitdaratio": 0.1287137327,
    "operatingIncome": 193000000,
    "operatingIncomeRatio": 0.083953195,
    "totalOtherIncomeExpensesNet": -33200000,
    "incomeBeforeTax": 159800000,
    "incomeBeforeTaxRatio": 0.0695115055,
    "incomeTaxExpense": 26500000,
    "netIncome": 133100000,
    "netIncomeRatio": 0.0578972552,
    "eps": 1.03,
    "epsdiluted": 1.01,
    "weightedAverageShsOut": 129800000,
    "weightedAverageShsOutDil": 132200000,
    "link": "https://www.sec.gov/Archives/edgar/data/940944/000094094413000027/0000940944-13-000027-index.htm",
    "finalLink": "https://www.sec.gov/Archives/edgar/data/940944/000094094413000027/dri-201310xk.htm"
  },
  {
    "date": "2013-02-24",
    "symbol": "DRI",
    "reportedCurrency": "USD",
    "cik": "0000940944",
    "fillingDate": "2013-04-01",
    "acceptedDate": "2013-04-01 12:09:10",
    "calendarYear": "2013",
    "period": "Q3",
    "revenue": 2258200000,
    "costOfRevenue": 1752300000,
    "grossProfit": 505900000,
    "grossProfitRatio": 0.2240279869,
    "researchAndDevelopmentExpenses": 0,
    "generalAndAdministrativeExpenses": 199800000,
    "sellingAndMarketingExpenses": 0,
    "sellingGeneralAndAdministrativeExpenses": 199800000,
    "otherExpenses": 306100000,
    "operatingExpenses": 505900000,
    "costAndExpenses": 2258200000,
    "interestIncome": 0,
    "interestExpense": 0,
    "depreciationAndAmortization": 101000000,
    "ebitda": 306100000,
    "ebitdaratio": 0.1355504384,
    "operatingIncome": 205100000,
    "operatingIncomeRatio": 0.0908245505,
    "totalOtherIncomeExpensesNet": -31900000,
    "incomeBeforeTax": 173200000,
    "incomeBeforeTaxRatio": 0.0766982552,
    "incomeTaxExpense": 38700000,
    "netIncome": 134400000,
    "netIncomeRatio": 0.059516429,
    "eps": 1.04,
    "epsdiluted": 1.02,
    "weightedAverageShsOut": 129300000,
    "weightedAverageShsOutDil": 131500000,
    "link": "https://www.sec.gov/Archives/edgar/data/940944/000094094413000016/0000940944-13-000016-index.htm",
    "finalLink": "https://www.sec.gov/Archives/edgar/data/940944/000094094413000016/dri2242013-10xq.htm"
  },
  {
    "date": "2012-11-25",
    "symbol": "DRI",
    "reportedCurrency": "USD",
    "cik": "0000940944",
    "fillingDate": "2013-01-02",
    "acceptedDate": "2013-01-02 16:28:30",
    "calendarYear": "2013",
    "period": "Q2",
    "revenue": 1960000000,
    "costOfRevenue": 1568700000,
    "grossProfit": 391300000,
    "grossProfitRatio": 0.1996428571,
    "researchAndDevelopmentExpenses": 0,
    "generalAndAdministrativeExpenses": 216100000,
    "sellingAndMarketingExpenses": 0,
    "sellingGeneralAndAdministrativeExpenses": 216100000,
    "otherExpenses": 175200000,
    "operatingExpenses": 391300000,
    "costAndExpenses": 1960000000,
    "interestIncome": 0,
    "interestExpense": 0,
    "depreciationAndAmortization": 99200000,
    "ebitda": 175200000,
    "ebitdaratio": 0.0893877551,
    "operatingIncome": 76000000,
    "operatingIncomeRatio": 0.0387755102,
    "totalOtherIncomeExpensesNet": -32900000,
    "incomeBeforeTax": 43100000,
    "incomeBeforeTaxRatio": 0.0219897959,
    "incomeTaxExpense": 9400000,
    "netIncome": 33600000,
    "netIncomeRatio": 0.0171428571,
    "eps": 0.26,
    "epsdiluted": 0.26,
    "weightedAverageShsOut": 128800000,
    "weightedAverageShsOutDil": 131700000,
    "link": "https://www.sec.gov/Archives/edgar/data/940944/000094094413000002/0000940944-13-000002-index.htm",
    "finalLink": "https://www.sec.gov/Archives/edgar/data/940944/000094094413000002/dri11252012-10xq.htm"
  },
  {
    "date": "2012-08-26",
    "symbol": "DRI",
    "reportedCurrency": "USD",
    "cik": "0000940944",
    "fillingDate": "2012-09-28",
    "acceptedDate": "2012-09-28 11:57:18",
    "calendarYear": "2013",
    "period": "Q1",
    "revenue": 2034800000,
    "costOfRevenue": 1549800000,
    "grossProfit": 485000000,
    "grossProfitRatio": 0.2383526637,
    "researchAndDevelopmentExpenses": 0,
    "generalAndAdministrativeExpenses": 218200000,
    "sellingAndMarketingExpenses": 0,
    "sellingGeneralAndAdministrativeExpenses": 218200000,
    "otherExpenses": 266800000,
    "operatingExpenses": 485000000,
    "costAndExpenses": 2034800000,
    "interestIncome": 0,
    "interestExpense": 0,
    "depreciationAndAmortization": 92600000,
    "ebitda": 266800000,
    "ebitdaratio": 0.1311185374,
    "operatingIncome": 174200000,
    "operatingIncomeRatio": 0.0856103794,
    "totalOtherIncomeExpensesNet": -27900000,
    "incomeBeforeTax": 146300000,
    "incomeBeforeTaxRatio": 0.0718989581,
    "incomeTaxExpense": 35300000,
    "netIncome": 110800000,
    "netIncomeRatio": 0.054452526,
    "eps": 0.86,
    "epsdiluted": 0.85,
    "weightedAverageShsOut": 128100000,
    "weightedAverageShsOutDil": 131000000,
    "link": "https://www.sec.gov/Archives/edgar/data/940944/000094094412000062/0000940944-12-000062-index.htm",
    "finalLink": "https://www.sec.gov/Archives/edgar/data/940944/000094094412000062/dri8262012-10xq.htm"
  },
  {
    "date": "2012-05-27",
    "symbol": "DRI",
    "reportedCurrency": "USD",
    "cik": "0000940944",
    "fillingDate": "2012-07-20",
    "acceptedDate": "2012-07-20 17:00:04",
    "calendarYear": "2012",
    "period": "Q4",
    "revenue": 2065500000,
    "costOfRevenue": 1568900000,
    "grossProfit": 496600000,
    "grossProfitRatio": 0.240426047,
    "researchAndDevelopmentExpenses": 0,
    "generalAndAdministrativeExpenses": 178500000,
    "sellingAndMarketingExpenses": 0,
    "sellingGeneralAndAdministrativeExpenses": 178500000,
    "otherExpenses": 318100000,
    "operatingExpenses": 496600000,
    "costAndExpenses": 2065500000,
    "interestIncome": 0,
    "interestExpense": 0,
    "depreciationAndAmortization": 90300000,
    "ebitda": 319000000,
    "ebitdaratio": 0.1544420237,
    "operatingIncome": 227800000,
    "operatingIncomeRatio": 0.1102880658,
    "totalOtherIncomeExpensesNet": -27100000,
    "incomeBeforeTax": 200700000,
    "incomeBeforeTaxRatio": 0.097167756,
    "incomeTaxExpense": 49200000,
    "netIncome": 151200000,
    "netIncomeRatio": 0.0732026144,
    "eps": 1.18,
    "epsdiluted": 1.15,
    "weightedAverageShsOut": 128500000,
    "weightedAverageShsOutDil": 131600000,
    "link": "https://www.sec.gov/Archives/edgar/data/940944/000094094412000031/0000940944-12-000031-index.htm",
    "finalLink": "https://www.sec.gov/Archives/edgar/data/940944/000094094412000031/dri-201210xk.htm"
  },
  {
    "date": "2012-02-26",
    "symbol": "DRI",
    "reportedCurrency": "USD",
    "cik": "0000940944",
    "fillingDate": "2012-04-02",
    "acceptedDate": "2012-04-02 14:34:44",
    "calendarYear": "2012",
    "period": "Q3",
    "revenue": 2159700000,
    "costOfRevenue": 1627300000,
    "grossProfit": 532400000,
    "grossProfitRatio": 0.2465157198,
    "researchAndDevelopmentExpenses": 0,
    "generalAndAdministrativeExpenses": 198000000,
    "sellingAndMarketingExpenses": 0,
    "sellingGeneralAndAdministrativeExpenses": 198000000,
    "otherExpenses": 334400000,
    "operatingExpenses": 532400000,
    "costAndExpenses": 2159700000,
    "interestIncome": 0,
    "interestExpense": 0,
    "depreciationAndAmortization": 89000000,
    "ebitda": 334500000,
    "ebitdaratio": 0.1548826226,
    "operatingIncome": 245500000,
    "operatingIncomeRatio": 0.1136731954,
    "totalOtherIncomeExpensesNet": -27700000,
    "incomeBeforeTax": 217800000,
    "incomeBeforeTaxRatio": 0.1008473399,
    "incomeTaxExpense": 53700000,
    "netIncome": 164100000,
    "netIncomeRatio": 0.0759827754,
    "eps": 1.28,
    "epsdiluted": 1.25,
    "weightedAverageShsOut": 128000000,
    "weightedAverageShsOutDil": 130900000,
    "link": "https://www.sec.gov/Archives/edgar/data/940944/000094094412000015/0000940944-12-000015-index.htm",
    "finalLink": "https://www.sec.gov/Archives/edgar/data/940944/000094094412000015/dri2262012-10xq.htm"
  },
  {
    "date": "2011-11-27",
    "symbol": "DRI",
    "reportedCurrency": "USD",
    "cik": "0000940944",
    "fillingDate": "2012-01-03",
    "acceptedDate": "2012-01-03 15:45:43",
    "calendarYear": "2012",
    "period": "Q2",
    "revenue": 1831500000,
    "costOfRevenue": 1460600000,
    "grossProfit": 370900000,
    "grossProfitRatio": 0.2025116025,
    "researchAndDevelopmentExpenses": 0,
    "generalAndAdministrativeExpenses": 187400000,
    "sellingAndMarketingExpenses": 0,
    "sellingGeneralAndAdministrativeExpenses": 187400000,
    "otherExpenses": 85800000,
    "operatingExpenses": 273200000,
    "costAndExpenses": 1733800000,
    "interestIncome": 0,
    "interestExpense": 0,
    "depreciationAndAmortization": 85700000,
    "ebitda": 183500000,
    "ebitdaratio": 0.1001911002,
    "operatingIncome": 97700000,
    "operatingIncomeRatio": 0.0533442533,
    "totalOtherIncomeExpensesNet": -25200000,
    "incomeBeforeTax": 72500000,
    "incomeBeforeTaxRatio": 0.0395850396,
    "incomeTaxExpense": 18400000,
    "netIncome": 53700000,
    "netIncomeRatio": 0.0293202293,
    "eps": 0.41,
    "epsdiluted": 0.4,
    "weightedAverageShsOut": 130300000,
    "weightedAverageShsOutDil": 133200000,
    "link": "https://www.sec.gov/Archives/edgar/data/940944/000094094412000002/0000940944-12-000002-index.htm",
    "finalLink": "https://www.sec.gov/Archives/edgar/data/940944/000094094412000002/dri11272011-10xq.htm"
  },
  {
    "date": "2011-08-28",
    "symbol": "DRI",
    "reportedCurrency": "USD",
    "cik": "0000940944",
    "fillingDate": "2011-09-30",
    "acceptedDate": "2011-09-30 14:44:06",
    "calendarYear": "2012",
    "period": "Q1",
    "revenue": 1942000000,
    "costOfRevenue": 1506400000,
    "grossProfit": 435600000,
    "grossProfitRatio": 0.2243048404,
    "researchAndDevelopmentExpenses": 0,
    "generalAndAdministrativeExpenses": 182800000,
    "sellingAndMarketingExpenses": 0,
    "sellingGeneralAndAdministrativeExpenses": 182800000,
    "otherExpenses": 252800000,
    "operatingExpenses": 435600000,
    "costAndExpenses": 1942000000,
    "interestIncome": 0,
    "interestExpense": 0,
    "depreciationAndAmortization": 84100000,
    "ebitda": 252800000,
    "ebitdaratio": 0.1301750772,
    "operatingIncome": 168700000,
    "operatingIncomeRatio": 0.086869207,
    "totalOtherIncomeExpensesNet": -21700000,
    "incomeBeforeTax": 147000000,
    "incomeBeforeTaxRatio": 0.0756951596,
    "incomeTaxExpense": 40200000,
    "netIncome": 106600000,
    "netIncomeRatio": 0.0548918641,
    "eps": 0.8,
    "epsdiluted": 0.78,
    "weightedAverageShsOut": 133800000,
    "weightedAverageShsOutDil": 137200000,
    "link": "https://www.sec.gov/Archives/edgar/data/940944/000094094411000010/0000940944-11-000010-index.htm",
    "finalLink": "https://www.sec.gov/Archives/edgar/data/940944/000094094411000010/dri8282011-10xq.htm"
  },
  {
    "date": "2011-05-29",
    "symbol": "DRI",
    "reportedCurrency": "USD",
    "cik": "0000940944",
    "fillingDate": "2011-07-22",
    "acceptedDate": "2011-07-22 16:29:23",
    "calendarYear": "2011",
    "period": "Q4",
    "revenue": 1990400000,
    "costOfRevenue": 1514200000,
    "grossProfit": 476200000,
    "grossProfitRatio": 0.2392483923,
    "researchAndDevelopmentExpenses": 0,
    "generalAndAdministrativeExpenses": 0,
    "sellingAndMarketingExpenses": 0,
    "sellingGeneralAndAdministrativeExpenses": 182100000,
    "otherExpenses": 294100000,
    "operatingExpenses": 476200000,
    "costAndExpenses": 1990400000,
    "interestIncome": 0,
    "interestExpense": 0,
    "depreciationAndAmortization": 81600000,
    "ebitda": 290300000,
    "ebitdaratio": 0.1458500804,
    "operatingIncome": 212500000,
    "operatingIncomeRatio": 0.1067624598,
    "totalOtherIncomeExpensesNet": -26200000,
    "incomeBeforeTax": 186300000,
    "incomeBeforeTaxRatio": 0.0935992765,
    "incomeTaxExpense": 48400000,
    "netIncome": 137500000,
    "netIncomeRatio": 0.0690815916,
    "eps": 0.99,
    "epsdiluted": 0.99,
    "weightedAverageShsOut": 134700000,
    "weightedAverageShsOutDil": 138900000,
    "link": "https://www.sec.gov/Archives/edgar/data/940944/000119312511194810/0001193125-11-194810-index.htm",
    "finalLink": "https://www.sec.gov/Archives/edgar/data/940944/000119312511194810/d10k.htm"
  },
  {
    "date": "2011-02-27",
    "symbol": "DRI",
    "reportedCurrency": "USD",
    "cik": "0000940944",
    "fillingDate": "2011-04-04",
    "acceptedDate": "2011-04-04 16:49:43",
    "calendarYear": "2011",
    "period": "Q3",
    "revenue": 1976800000,
    "costOfRevenue": 1478400000,
    "grossProfit": 498400000,
    "grossProfitRatio": 0.2521246459,
    "researchAndDevelopmentExpenses": 0,
    "generalAndAdministrativeExpenses": 194800000,
    "sellingAndMarketingExpenses": 0,
    "sellingGeneralAndAdministrativeExpenses": 194800000,
    "otherExpenses": 303600000,
    "operatingExpenses": 498400000,
    "costAndExpenses": 1976800000,
    "interestIncome": 0,
    "interestExpense": 0,
    "depreciationAndAmortization": 80500000,
    "ebitda": 303600000,
    "ebitdaratio": 0.1535815459,
    "operatingIncome": 223100000,
    "operatingIncomeRatio": 0.1128591663,
    "totalOtherIncomeExpensesNet": -24000000,
    "incomeBeforeTax": 199100000,
    "incomeBeforeTaxRatio": 0.1007183327,
    "incomeTaxExpense": 47400000,
    "netIncome": 151200000,
    "netIncomeRatio": 0.0764872521,
    "eps": 1.11,
    "epsdiluted": 1.08,
    "weightedAverageShsOut": 136400000,
    "weightedAverageShsOutDil": 140000000,
    "link": "https://www.sec.gov/Archives/edgar/data/940944/000119312511088201/0001193125-11-088201-index.htm",
    "finalLink": "https://www.sec.gov/Archives/edgar/data/940944/000119312511088201/d10q.htm"
  },
  {
    "date": "2010-11-28",
    "symbol": "DRI",
    "reportedCurrency": "USD",
    "cik": "0000940944",
    "fillingDate": "2011-01-05",
    "acceptedDate": "2011-01-05 16:07:31",
    "calendarYear": "2011",
    "period": "Q2",
    "revenue": 1726200000,
    "costOfRevenue": 1341500000,
    "grossProfit": 384700000,
    "grossProfitRatio": 0.2228594601,
    "researchAndDevelopmentExpenses": 0,
    "generalAndAdministrativeExpenses": 0,
    "sellingAndMarketingExpenses": 0,
    "sellingGeneralAndAdministrativeExpenses": 180000000,
    "otherExpenses": 78000000,
    "operatingExpenses": 258000000,
    "costAndExpenses": 1599500000,
    "interestIncome": 0,
    "interestExpense": 0,
    "depreciationAndAmortization": 77200000,
    "ebitda": 204700000,
    "ebitdaratio": 0.1185841733,
    "operatingIncome": 126700000,
    "operatingIncomeRatio": 0.0733982157,
    "totalOtherIncomeExpensesNet": -23500000,
    "incomeBeforeTax": 103200000,
    "incomeBeforeTaxRatio": 0.0597844977,
    "incomeTaxExpense": 27400000,
    "netIncome": 74500000,
    "netIncomeRatio": 0.0431583826,
    "eps": 0.54,
    "epsdiluted": 0.53,
    "weightedAverageShsOut": 137600000,
    "weightedAverageShsOutDil": 141200000,
    "link": "https://www.sec.gov/Archives/edgar/data/940944/000119312511002059/0001193125-11-002059-index.htm",
    "finalLink": "https://www.sec.gov/Archives/edgar/data/940944/000119312511002059/d10q.htm"
  },
  {
    "date": "2010-08-29",
    "symbol": "DRI",
    "reportedCurrency": "USD",
    "cik": "0000940944",
    "fillingDate": "2010-10-05",
    "acceptedDate": "2010-10-05 16:17:51",
    "calendarYear": "2011",
    "period": "Q1",
    "revenue": 1806700000,
    "costOfRevenue": 1365400000,
    "grossProfit": 441300000,
    "grossProfitRatio": 0.244257486,
    "researchAndDevelopmentExpenses": 0,
    "generalAndAdministrativeExpenses": 0,
    "sellingAndMarketingExpenses": 0,
    "sellingGeneralAndAdministrativeExpenses": 180900000,
    "otherExpenses": 260400000,
    "operatingExpenses": 441300000,
    "costAndExpenses": 1806700000,
    "interestIncome": 0,
    "interestExpense": 0,
    "depreciationAndAmortization": 77500000,
    "ebitda": 261200000,
    "ebitdaratio": 0.1445729784,
    "operatingIncome": 183700000,
    "operatingIncomeRatio": 0.1016770908,
    "totalOtherIncomeExpensesNet": -24600000,
    "incomeBeforeTax": 159100000,
    "incomeBeforeTaxRatio": 0.0880611059,
    "incomeTaxExpense": 45800000,
    "netIncome": 113100000,
    "netIncomeRatio": 0.062600321,
    "eps": 0.82,
    "epsdiluted": 0.8,
    "weightedAverageShsOut": 138600000,
    "weightedAverageShsOutDil": 141700000,
    "link": "https://www.sec.gov/Archives/edgar/data/940944/000119312510223874/0001193125-10-223874-index.htm",
    "finalLink": "https://www.sec.gov/Archives/edgar/data/940944/000119312510223874/d10q.htm"
  },
  {
    "date": "2010-05-30",
    "symbol": "DRI",
    "reportedCurrency": "USD",
    "cik": "0000940944",
    "fillingDate": "2010-07-23",
    "acceptedDate": "2010-07-23 16:45:51",
    "calendarYear": "2010",
    "period": "Q4",
    "revenue": 1863800000,
    "costOfRevenue": 1425600000,
    "grossProfit": 438200000,
    "grossProfitRatio": 0.2351110634,
    "researchAndDevelopmentExpenses": 0,
    "generalAndAdministrativeExpenses": 0,
    "sellingAndMarketingExpenses": 0,
    "sellingGeneralAndAdministrativeExpenses": 173800000,
    "otherExpenses": 264400000,
    "operatingExpenses": 438200000,
    "costAndExpenses": 1863800000,
    "interestIncome": 0,
    "interestExpense": 0,
    "depreciationAndAmortization": 76100000,
    "ebitda": 259500000,
    "ebitdaratio": 0.1392316772,
    "operatingIncome": 188300000,
    "operatingIncomeRatio": 0.1010301534,
    "totalOtherIncomeExpensesNet": -31100000,
    "incomeBeforeTax": 157200000,
    "incomeBeforeTaxRatio": 0.0843438137,
    "incomeTaxExpense": 41200000,
    "netIncome": 115600000,
    "netIncomeRatio": 0.0620238223,
    "eps": 0.8,
    "epsdiluted": 0.8,
    "weightedAverageShsOut": 140200000,
    "weightedAverageShsOutDil": 144000000,
    "link": "https://www.sec.gov/Archives/edgar/data/940944/000119312510165061/0001193125-10-165061-index.htm",
    "finalLink": "https://www.sec.gov/Archives/edgar/data/940944/000119312510165061/d10k.htm"
  },
  {
    "date": "2010-02-28",
    "symbol": "DRI",
    "reportedCurrency": "USD",
    "cik": "0000940944",
    "fillingDate": "2010-04-02",
    "acceptedDate": "2010-04-02 15:02:13",
    "calendarYear": "2010",
    "period": "Q3",
    "revenue": 1874000000,
    "costOfRevenue": 1430200000,
    "grossProfit": 443800000,
    "grossProfitRatio": 0.2368196371,
    "researchAndDevelopmentExpenses": 0,
    "generalAndAdministrativeExpenses": 0,
    "sellingAndMarketingExpenses": 0,
    "sellingGeneralAndAdministrativeExpenses": 169500000,
    "otherExpenses": 274300000,
    "operatingExpenses": 443800000,
    "costAndExpenses": 1874000000,
    "interestIncome": 0,
    "interestExpense": 0,
    "depreciationAndAmortization": 76500000,
    "ebitda": 274300000,
    "ebitdaratio": 0.1463713981,
    "operatingIncome": 196200000,
    "operatingIncomeRatio": 0.1046958378,
    "totalOtherIncomeExpensesNet": -20800000,
    "incomeBeforeTax": 175400000,
    "incomeBeforeTaxRatio": 0.0935965848,
    "incomeTaxExpense": 40600000,
    "netIncome": 134300000,
    "netIncomeRatio": 0.0716648879,
    "eps": 0.96,
    "epsdiluted": 0.94,
    "weightedAverageShsOut": 139300000,
    "weightedAverageShsOutDil": 142300000,
    "link": "https://www.sec.gov/Archives/edgar/data/940944/000119312510075874/0001193125-10-075874-index.htm",
    "finalLink": "https://www.sec.gov/Archives/edgar/data/940944/000119312510075874/d10q.htm"
  },
  {
    "date": "2009-11-29",
    "symbol": "DRI",
    "reportedCurrency": "USD",
    "cik": "0000940944",
    "fillingDate": "2010-01-06",
    "acceptedDate": "2010-01-06 17:06:36",
    "calendarYear": "2010",
    "period": "Q2",
    "revenue": 1641300000,
    "costOfRevenue": 1292400000,
    "grossProfit": 348900000,
    "grossProfitRatio": 0.2125753976,
    "researchAndDevelopmentExpenses": 0,
    "generalAndAdministrativeExpenses": 0,
    "sellingAndMarketingExpenses": 0,
    "sellingGeneralAndAdministrativeExpenses": 169900000,
    "otherExpenses": 179000000,
    "operatingExpenses": 348900000,
    "costAndExpenses": 1641300000,
    "interestIncome": 0,
    "interestExpense": 0,
    "depreciationAndAmortization": 74700000,
    "ebitda": 179900000,
    "ebitdaratio": 0.1096082374,
    "operatingIncome": 105200000,
    "operatingIncomeRatio": 0.064095534,
    "totalOtherIncomeExpensesNet": -24500000,
    "incomeBeforeTax": 80700000,
    "incomeBeforeTaxRatio": 0.0491683422,
    "incomeTaxExpense": 19500000,
    "netIncome": 60300000,
    "netIncomeRatio": 0.0367391702,
    "eps": 0.43,
    "epsdiluted": 0.43,
    "weightedAverageShsOut": 139000000,
    "weightedAverageShsOutDil": 141700000,
    "link": "https://www.sec.gov/Archives/edgar/data/940944/000119312510002084/0001193125-10-002084-index.htm",
    "finalLink": "https://www.sec.gov/Archives/edgar/data/940944/000119312510002084/d10q.htm"
  },
  {
    "date": "2009-08-30",
    "symbol": "DRI",
    "reportedCurrency": "USD",
    "cik": "0000940944",
    "fillingDate": "2009-10-08",
    "acceptedDate": "2009-10-08 16:44:24",
    "calendarYear": "2010",
    "period": "Q1",
    "revenue": 1734000000,
    "costOfRevenue": 1335700000,
    "grossProfit": 398300000,
    "grossProfitRatio": 0.2297001153,
    "researchAndDevelopmentExpenses": 0,
    "generalAndAdministrativeExpenses": 0,
    "sellingAndMarketingExpenses": 0,
    "sellingGeneralAndAdministrativeExpenses": 171400000,
    "otherExpenses": 226900000,
    "operatingExpenses": 398300000,
    "costAndExpenses": 1734000000,
    "interestIncome": 0,
    "interestExpense": 0,
    "depreciationAndAmortization": 73600000,
    "ebitda": 227600000,
    "ebitdaratio": 0.1312572088,
    "operatingIncome": 154000000,
    "operatingIncomeRatio": 0.0888119954,
    "totalOtherIncomeExpensesNet": -23700000,
    "incomeBeforeTax": 130300000,
    "incomeBeforeTaxRatio": 0.0751441753,
    "incomeTaxExpense": 35300000,
    "netIncome": 94300000,
    "netIncomeRatio": 0.0543829296,
    "eps": 0.68,
    "epsdiluted": 0.67,
    "weightedAverageShsOut": 138700000,
    "weightedAverageShsOutDil": 141300000,
    "link": "https://www.sec.gov/Archives/edgar/data/940944/000119312509205666/0001193125-09-205666-index.htm",
    "finalLink": "https://www.sec.gov/Archives/edgar/data/940944/000119312509205666/d10q.htm"
  },
  {
    "date": "2009-05-31",
    "symbol": "DRI",
    "reportedCurrency": "USD",
    "cik": "0000940944",
    "fillingDate": "2009-07-24",
    "acceptedDate": "2009-07-24 17:08:10",
    "calendarYear": "2009",
    "period": "Q4",
    "revenue": 1975600000,
    "costOfRevenue": 1508500000,
    "grossProfit": 467100000,
    "grossProfitRatio": 0.2364345009,
    "researchAndDevelopmentExpenses": 0,
    "generalAndAdministrativeExpenses": 0,
    "sellingAndMarketingExpenses": 0,
    "sellingGeneralAndAdministrativeExpenses": 188700000,
    "otherExpenses": 84600000,
    "operatingExpenses": 273300000,
    "costAndExpenses": 1781800000,
    "interestIncome": 0,
    "interestExpense": 0,
    "depreciationAndAmortization": 69900000,
    "ebitda": 267300000,
    "ebitdaratio": 0.1353006682,
    "operatingIncome": 193800000,
    "operatingIncomeRatio": 0.0980967807,
    "totalOtherIncomeExpensesNet": -26700000,
    "incomeBeforeTax": 167100000,
    "incomeBeforeTaxRatio": 0.0845818992,
    "incomeTaxExpense": 44400000,
    "netIncome": 123000000,
    "netIncomeRatio": 0.0622595667,
    "eps": 0.87,
    "epsdiluted": 0.87,
    "weightedAverageShsOut": 137400000,
    "weightedAverageShsOutDil": 141300000,
    "link": "https://www.sec.gov/Archives/edgar/data/940944/000119312509155014/0001193125-09-155014-index.htm",
    "finalLink": "https://www.sec.gov/Archives/edgar/data/940944/000119312509155014/d10k.htm"
  },
  {
    "date": "2009-02-22",
    "symbol": "DRI",
    "reportedCurrency": "USD",
    "cik": "0000940944",
    "fillingDate": "2009-03-26",
    "acceptedDate": "2009-03-26 15:59:32",
    "calendarYear": "2009",
    "period": "Q3",
    "revenue": 1798900000,
    "costOfRevenue": 1394000000,
    "grossProfit": 404900000,
    "grossProfitRatio": 0.2250819946,
    "researchAndDevelopmentExpenses": 0,
    "generalAndAdministrativeExpenses": 0,
    "sellingAndMarketingExpenses": 0,
    "sellingGeneralAndAdministrativeExpenses": 159700000,
    "otherExpenses": 71200000,
    "operatingExpenses": 230900000,
    "costAndExpenses": 1624900000,
    "interestIncome": 0,
    "interestExpense": 0,
    "depreciationAndAmortization": 71200000,
    "ebitda": 245200000,
    "ebitdaratio": 0.13630552,
    "operatingIncome": 174000000,
    "operatingIncomeRatio": 0.0967257769,
    "totalOtherIncomeExpensesNet": -25500000,
    "incomeBeforeTax": 148500000,
    "incomeBeforeTaxRatio": 0.0825504475,
    "incomeTaxExpense": 40400000,
    "netIncome": 107500000,
    "netIncomeRatio": 0.0597587415,
    "eps": 0.79,
    "epsdiluted": 0.78,
    "weightedAverageShsOut": 136100000,
    "weightedAverageShsOutDil": 138600000,
    "link": "https://www.sec.gov/Archives/edgar/data/940944/000119312509064204/0001193125-09-064204-index.htm",
    "finalLink": "https://www.sec.gov/Archives/edgar/data/940944/000119312509064204/d10q.htm"
  },
  {
    "date": "2008-11-23",
    "symbol": "DRI",
    "reportedCurrency": "USD",
    "cik": "0000940944",
    "fillingDate": "2009-01-02",
    "acceptedDate": "2009-01-02 16:30:15",
    "calendarYear": "2009",
    "period": "Q2",
    "revenue": 1668900000,
    "costOfRevenue": 1341300000,
    "grossProfit": 327600000,
    "grossProfitRatio": 0.1962969621,
    "researchAndDevelopmentExpenses": 0,
    "generalAndAdministrativeExpenses": 0,
    "sellingAndMarketingExpenses": 0,
    "sellingGeneralAndAdministrativeExpenses": 146700000,
    "otherExpenses": 70600000,
    "operatingExpenses": 217300000,
    "costAndExpenses": 1558600000,
    "interestIncome": 0,
    "interestExpense": 0,
    "depreciationAndAmortization": 70500000,
    "ebitda": 180900000,
    "ebitdaratio": 0.108394751,
    "operatingIncome": 110300000,
    "operatingIncomeRatio": 0.0660914375,
    "totalOtherIncomeExpensesNet": -27800000,
    "incomeBeforeTax": 82500000,
    "incomeBeforeTaxRatio": 0.0494337588,
    "incomeTaxExpense": 24000000,
    "netIncome": 59700000,
    "netIncomeRatio": 0.0357720654,
    "eps": 0.44,
    "epsdiluted": 0.43,
    "weightedAverageShsOut": 137000000,
    "weightedAverageShsOutDil": 139400000,
    "link": "https://www.sec.gov/Archives/edgar/data/940944/000119312509000374/0001193125-09-000374-index.htm",
    "finalLink": "https://www.sec.gov/Archives/edgar/data/940944/000119312509000374/d10q.htm"
  },
  {
    "date": "2008-08-24",
    "symbol": "DRI",
    "reportedCurrency": "USD",
    "cik": "0000940944",
    "fillingDate": "2008-09-24",
    "acceptedDate": "2008-09-24 17:05:55",
    "calendarYear": "2009",
    "period": "Q1",
    "revenue": 1774200000,
    "costOfRevenue": 1393100000,
    "grossProfit": 381100000,
    "grossProfitRatio": 0.2148010371,
    "researchAndDevelopmentExpenses": 0,
    "generalAndAdministrativeExpenses": 0,
    "sellingAndMarketingExpenses": 0,
    "sellingGeneralAndAdministrativeExpenses": 170500000,
    "otherExpenses": 68800000,
    "operatingExpenses": 239300000,
    "costAndExpenses": 1632400000,
    "interestIncome": 0,
    "interestExpense": 0,
    "depreciationAndAmortization": 68800000,
    "ebitda": 210600000,
    "ebitdaratio": 0.1187013865,
    "operatingIncome": 141800000,
    "operatingIncomeRatio": 0.0799233457,
    "totalOtherIncomeExpensesNet": -27400000,
    "incomeBeforeTax": 114400000,
    "incomeBeforeTaxRatio": 0.0644797655,
    "incomeTaxExpense": 32000000,
    "netIncome": 82100000,
    "netIncomeRatio": 0.0462743772,
    "eps": 0.59,
    "epsdiluted": 0.58,
    "weightedAverageShsOut": 139000000,
    "weightedAverageShsOutDil": 142800000,
    "link": "https://www.sec.gov/Archives/edgar/data/940944/000119312508200633/0001193125-08-200633-index.htm",
    "finalLink": "https://www.sec.gov/Archives/edgar/data/940944/000119312508200633/d10q.htm"
  },
  {
    "date": "2008-05-25",
    "symbol": "DRI",
    "reportedCurrency": "USD",
    "cik": "0000940944",
    "fillingDate": "2008-07-17",
    "acceptedDate": "2008-07-17 15:19:45",
    "calendarYear": "2008",
    "period": "Q4",
    "revenue": 1825600000,
    "costOfRevenue": 1418600000,
    "grossProfit": 407000000,
    "grossProfitRatio": 0.2229404032,
    "researchAndDevelopmentExpenses": 0,
    "generalAndAdministrativeExpenses": 0,
    "sellingAndMarketingExpenses": 0,
    "sellingGeneralAndAdministrativeExpenses": 165500000,
    "otherExpenses": 68100000,
    "operatingExpenses": 233600000,
    "costAndExpenses": 1652200000,
    "interestIncome": 0,
    "interestExpense": 0,
    "depreciationAndAmortization": 68300000,
    "ebitda": 241700000,
    "ebitdaratio": 0.1323948291,
    "operatingIncome": 173400000,
    "operatingIncomeRatio": 0.0949824715,
    "totalOtherIncomeExpensesNet": -26700000,
    "incomeBeforeTax": 146700000,
    "incomeBeforeTaxRatio": 0.0803571429,
    "incomeTaxExpense": 43400000,
    "netIncome": 101800000,
    "netIncomeRatio": 0.055762489,
    "eps": 0.71,
    "epsdiluted": 0.71,
    "weightedAverageShsOut": 138300000,
    "weightedAverageShsOutDil": 143200000,
    "link": "https://www.sec.gov/Archives/edgar/data/940944/000119312508152760/0001193125-08-152760-index.htm",
    "finalLink": "https://www.sec.gov/Archives/edgar/data/940944/000119312508152760/d10k.htm"
  },
  {
    "date": "2008-02-24",
    "symbol": "DRI",
    "reportedCurrency": "USD",
    "cik": "0000940944",
    "fillingDate": "2008-03-28",
    "acceptedDate": "2008-03-28 15:31:07",
    "calendarYear": "2008",
    "period": "Q3",
    "revenue": 1811400000,
    "costOfRevenue": 1398200000,
    "grossProfit": 413200000,
    "grossProfitRatio": 0.2281108535,
    "researchAndDevelopmentExpenses": 0,
    "generalAndAdministrativeExpenses": 0,
    "sellingAndMarketingExpenses": 0,
    "sellingGeneralAndAdministrativeExpenses": 162800000,
    "otherExpenses": 66700000,
    "operatingExpenses": 229500000,
    "costAndExpenses": 1627700000,
    "interestIncome": 0,
    "interestExpense": 0,
    "depreciationAndAmortization": 68200000,
    "ebitda": 251900000,
    "ebitdaratio": 0.1390637076,
    "operatingIncome": 183700000,
    "operatingIncomeRatio": 0.1014132715,
    "totalOtherIncomeExpensesNet": -26800000,
    "incomeBeforeTax": 156900000,
    "incomeBeforeTaxRatio": 0.0866180855,
    "incomeTaxExpense": 41300000,
    "netIncome": 126000000,
    "netIncomeRatio": 0.0695594568,
    "eps": 0.9,
    "epsdiluted": 0.88,
    "weightedAverageShsOut": 140400000,
    "weightedAverageShsOutDil": 143700000,
    "link": "https://www.sec.gov/Archives/edgar/data/940944/000119312508069022/0001193125-08-069022-index.htm",
    "finalLink": "https://www.sec.gov/Archives/edgar/data/940944/000119312508069022/d10q.htm"
  },
  {
    "date": "2007-11-25",
    "symbol": "DRI",
    "reportedCurrency": "USD",
    "cik": "0000940944",
    "fillingDate": "2008-01-04",
    "acceptedDate": "2008-01-04 14:45:41",
    "calendarYear": "2008",
    "period": "Q2",
    "revenue": 1522000000,
    "costOfRevenue": 1209500000,
    "grossProfit": 312500000,
    "grossProfitRatio": 0.2053219448,
    "researchAndDevelopmentExpenses": 0,
    "generalAndAdministrativeExpenses": 0,
    "sellingAndMarketingExpenses": 0,
    "sellingGeneralAndAdministrativeExpenses": 170400000,
    "otherExpenses": 60300000,
    "operatingExpenses": 230700000,
    "costAndExpenses": 1440200000,
    "interestIncome": 0,
    "interestExpense": 0,
    "depreciationAndAmortization": 60500000,
    "ebitda": 142300000,
    "ebitdaratio": 0.0934954008,
    "operatingIncome": 81800000,
    "operatingIncomeRatio": 0.0537450723,
    "totalOtherIncomeExpensesNet": -22600000,
    "incomeBeforeTax": 59200000,
    "incomeBeforeTaxRatio": 0.0388961892,
    "incomeTaxExpense": 15100000,
    "netIncome": 43500000,
    "netIncomeRatio": 0.0285808147,
    "eps": 0.31,
    "epsdiluted": 0.3,
    "weightedAverageShsOut": 142000000,
    "weightedAverageShsOutDil": 146900000,
    "link": "https://www.sec.gov/Archives/edgar/data/940944/000119312508001573/0001193125-08-001573-index.htm",
    "finalLink": "https://www.sec.gov/Archives/edgar/data/940944/000119312508001573/d10q.htm"
  },
  {
    "date": "2007-08-26",
    "symbol": "DRI",
    "reportedCurrency": "USD",
    "cik": "0000940944",
    "fillingDate": "2007-09-28",
    "acceptedDate": "2007-09-28 15:50:45",
    "calendarYear": "2008",
    "period": "Q1",
    "revenue": 1467500000,
    "costOfRevenue": 1112300000,
    "grossProfit": 355200000,
    "grossProfitRatio": 0.242044293,
    "researchAndDevelopmentExpenses": 0,
    "generalAndAdministrativeExpenses": 0,
    "sellingAndMarketingExpenses": 0,
    "sellingGeneralAndAdministrativeExpenses": 143000000,
    "otherExpenses": 50600000,
    "operatingExpenses": 193600000,
    "costAndExpenses": 1305900000,
    "interestIncome": 0,
    "interestExpense": 0,
    "depreciationAndAmortization": 51000000,
    "ebitda": 212600000,
    "ebitdaratio": 0.1448722317,
    "operatingIncome": 161600000,
    "operatingIncomeRatio": 0.1101192504,
    "totalOtherIncomeExpensesNet": -9700000,
    "incomeBeforeTax": 151900000,
    "incomeBeforeTaxRatio": 0.1035093697,
    "incomeTaxExpense": 45300000,
    "netIncome": 105900000,
    "netIncomeRatio": 0.0721635434,
    "eps": 0.75,
    "epsdiluted": 0.72,
    "weightedAverageShsOut": 140800000,
    "weightedAverageShsOutDil": 146200000,
    "link": "https://www.sec.gov/Archives/edgar/data/940944/000119312507209942/0001193125-07-209942-index.htm",
    "finalLink": "https://www.sec.gov/Archives/edgar/data/940944/000119312507209942/d10q.htm"
  },
  {
    "date": "2007-05-27",
    "symbol": "DRI",
    "reportedCurrency": "USD",
    "cik": "0000940944",
    "fillingDate": "2007-07-19",
    "acceptedDate": "2007-07-19 17:08:40",
    "calendarYear": "2007",
    "period": "Q4",
    "revenue": 1183000000,
    "costOfRevenue": 875500000,
    "grossProfit": 307500000,
    "grossProfitRatio": 0.2599323753,
    "researchAndDevelopmentExpenses": 0,
    "generalAndAdministrativeExpenses": 0,
    "sellingAndMarketingExpenses": 0,
    "sellingGeneralAndAdministrativeExpenses": 110100000,
    "otherExpenses": 30200000,
    "operatingExpenses": 140300000,
    "costAndExpenses": 1015800000,
    "interestIncome": 0,
    "interestExpense": 0,
    "depreciationAndAmortization": 30500000,
    "ebitda": 197700000,
    "ebitdaratio": 0.1671174979,
    "operatingIncome": 167200000,
    "operatingIncomeRatio": 0.1413355875,
    "totalOtherIncomeExpensesNet": 9500000,
    "incomeBeforeTax": 176700000,
    "incomeBeforeTaxRatio": 0.1493660186,
    "incomeTaxExpense": 56200000,
    "netIncome": -55200000,
    "netIncomeRatio": -0.0466610313,
    "eps": -0.39,
    "epsdiluted": -0.38,
    "weightedAverageShsOut": 140400000,
    "weightedAverageShsOutDil": 145900000,
    "link": "https://www.sec.gov/Archives/edgar/data/940944/000119312507158244/0001193125-07-158244-index.htm",
    "finalLink": "https://www.sec.gov/Archives/edgar/data/940944/000119312507158244/d10k.htm"
  },
  {
    "date": "2007-02-25",
    "symbol": "DRI",
    "reportedCurrency": "USD",
    "cik": "0000940944",
    "fillingDate": "2007-03-29",
    "acceptedDate": "2007-03-29 14:13:11",
    "calendarYear": "2007",
    "period": "Q3",
    "revenue": 1449500000,
    "costOfRevenue": 1097700000,
    "grossProfit": 351800000,
    "grossProfitRatio": 0.2427043808,
    "researchAndDevelopmentExpenses": 0,
    "generalAndAdministrativeExpenses": 0,
    "sellingAndMarketingExpenses": 0,
    "sellingGeneralAndAdministrativeExpenses": 134400000,
    "otherExpenses": 49800000,
    "operatingExpenses": 184200000,
    "costAndExpenses": 1281900000,
    "interestIncome": 0,
    "interestExpense": 0,
    "depreciationAndAmortization": 71000000,
    "ebitda": 238600000,
    "ebitdaratio": 0.1646084857,
    "operatingIncome": 167600000,
    "operatingIncomeRatio": 0.115626078,
    "totalOtherIncomeExpensesNet": -10200000,
    "incomeBeforeTax": 157400000,
    "incomeBeforeTaxRatio": 0.1085891687,
    "incomeTaxExpense": 39700000,
    "netIncome": 106400000,
    "netIncomeRatio": 0.0734046223,
    "eps": 0.74,
    "epsdiluted": 0.72,
    "weightedAverageShsOut": 142900000,
    "weightedAverageShsOutDil": 148300000,
    "link": "https://www.sec.gov/Archives/edgar/data/940944/000119312507068488/0001193125-07-068488-index.htm",
    "finalLink": "https://www.sec.gov/Archives/edgar/data/940944/000119312507068488/d10q.htm"
  },
  {
    "date": "2006-11-26",
    "symbol": "DRI",
    "reportedCurrency": "USD",
    "cik": "0000940944",
    "fillingDate": "2007-01-04",
    "acceptedDate": "2007-01-04 17:00:18",
    "calendarYear": "2007",
    "period": "Q2",
    "revenue": 1298100000,
    "costOfRevenue": 1008000000,
    "grossProfit": 290100000,
    "grossProfitRatio": 0.2234804715,
    "researchAndDevelopmentExpenses": 0,
    "generalAndAdministrativeExpenses": 0,
    "sellingAndMarketingExpenses": 0,
    "sellingGeneralAndAdministrativeExpenses": 133400000,
    "otherExpenses": 49800000,
    "operatingExpenses": 183200000,
    "costAndExpenses": 1191200000,
    "interestIncome": 0,
    "interestExpense": 0,
    "depreciationAndAmortization": 50300000,
    "ebitda": 157200000,
    "ebitdaratio": 0.1211000693,
    "operatingIncome": 106900000,
    "operatingIncomeRatio": 0.0823511286,
    "totalOtherIncomeExpensesNet": -10300000,
    "incomeBeforeTax": 96600000,
    "incomeBeforeTaxRatio": 0.0744164548,
    "incomeTaxExpense": 29000000,
    "netIncome": 61700000,
    "netIncomeRatio": 0.0475310069,
    "eps": 0.42,
    "epsdiluted": 0.41,
    "weightedAverageShsOut": 145300000,
    "weightedAverageShsOutDil": 150700000,
    "link": "https://www.sec.gov/Archives/edgar/data/940944/000116923207000031/0001169232-07-000031-index.htm",
    "finalLink": "https://www.sec.gov/Archives/edgar/data/940944/000116923207000031/d70358_10-q.txt"
  },
  {
    "date": "2006-08-27",
    "symbol": "DRI",
    "reportedCurrency": "USD",
    "cik": "0000940944",
    "fillingDate": "2006-10-04",
    "acceptedDate": "2006-10-04 17:24:59",
    "calendarYear": "2007",
    "period": "Q1",
    "revenue": 1359600000,
    "costOfRevenue": 1026300000,
    "grossProfit": 333300000,
    "grossProfitRatio": 0.2451456311,
    "researchAndDevelopmentExpenses": 0,
    "generalAndAdministrativeExpenses": 0,
    "sellingAndMarketingExpenses": 0,
    "sellingGeneralAndAdministrativeExpenses": 133700000,
    "otherExpenses": 49900000,
    "operatingExpenses": 183600000,
    "costAndExpenses": 1209900000,
    "interestIncome": 0,
    "interestExpense": 0,
    "depreciationAndAmortization": 50300000,
    "ebitda": 200000000,
    "ebitdaratio": 0.1471020888,
    "operatingIncome": 149700000,
    "operatingIncomeRatio": 0.1101059135,
    "totalOtherIncomeExpensesNet": -10300000,
    "incomeBeforeTax": 139400000,
    "incomeBeforeTaxRatio": 0.1025301559,
    "incomeTaxExpense": 46100000,
    "netIncome": 88500000,
    "netIncomeRatio": 0.0650926743,
    "eps": 0.61,
    "epsdiluted": 0.59,
    "weightedAverageShsOut": 144900000,
    "weightedAverageShsOutDil": 150300000,
    "link": "https://www.sec.gov/Archives/edgar/data/940944/000094094406000150/0000940944-06-000150-index.htm",
    "finalLink": "https://www.sec.gov/Archives/edgar/data/940944/000094094406000150/form10q_100406.htm"
  },
  {
    "date": "2006-05-28",
    "symbol": "DRI",
    "reportedCurrency": "USD",
    "cik": "0000940944",
    "fillingDate": "2006-07-28",
    "acceptedDate": "2006-07-28 17:26:35",
    "calendarYear": "2006",
    "period": "Q4",
    "revenue": 1512199000,
    "costOfRevenue": 1169184000,
    "grossProfit": 343015000,
    "grossProfitRatio": 0.2268319183,
    "researchAndDevelopmentExpenses": 0,
    "generalAndAdministrativeExpenses": 0,
    "sellingAndMarketingExpenses": 0,
    "sellingGeneralAndAdministrativeExpenses": 132178000,
    "otherExpenses": 66146000,
    "operatingExpenses": 198324000,
    "costAndExpenses": 1367508000,
    "interestIncome": 0,
    "interestExpense": 0,
    "depreciationAndAmortization": 60375000,
    "ebitda": 214740000,
    "ebitdaratio": 0.1420051197,
    "operatingIncome": 144691000,
    "operatingIncomeRatio": 0.0956825127,
    "totalOtherIncomeExpensesNet": -10175000,
    "incomeBeforeTax": 134516000,
    "incomeBeforeTaxRatio": 0.0889539009,
    "incomeTaxExpense": 42210000,
    "netIncome": 92306000,
    "netIncomeRatio": 0.061040908,
    "eps": 0.6,
    "epsdiluted": 0.6,
    "weightedAverageShsOut": 146400000,
    "weightedAverageShsOutDil": 153800000,
    "link": "https://www.sec.gov/Archives/edgar/data/940944/000094094406000099/0000940944-06-000099-index.htm",
    "finalLink": "https://www.sec.gov/Archives/edgar/data/940944/000094094406000099/form10k_2006.htm"
  },
  {
    "date": "2006-02-26",
    "symbol": "DRI",
    "reportedCurrency": "USD",
    "cik": "0000940944",
    "fillingDate": "2006-04-06",
    "acceptedDate": "2006-04-06 16:41:57",
    "calendarYear": "2006",
    "period": "Q3",
    "revenue": 1474181000,
    "costOfRevenue": 1129664000,
    "grossProfit": 344517000,
    "grossProfitRatio": 0.2337006107,
    "researchAndDevelopmentExpenses": 0,
    "generalAndAdministrativeExpenses": 0,
    "sellingAndMarketingExpenses": 0,
    "sellingGeneralAndAdministrativeExpenses": 138984000,
    "otherExpenses": 56085000,
    "operatingExpenses": 195069000,
    "costAndExpenses": 1324733000,
    "interestIncome": 0,
    "interestExpense": 0,
    "depreciationAndAmortization": 62012000,
    "ebitda": 211460000,
    "ebitdaratio": 0.1434423588,
    "operatingIncome": 149448000,
    "operatingIncomeRatio": 0.101376968,
    "totalOtherIncomeExpensesNet": -10312000,
    "incomeBeforeTax": 139136000,
    "incomeBeforeTaxRatio": 0.0943818975,
    "incomeTaxExpense": 33818000,
    "netIncome": 105318000,
    "netIncomeRatio": 0.0714417022,
    "eps": 0.7,
    "epsdiluted": 0.67,
    "weightedAverageShsOut": 149400000,
    "weightedAverageShsOutDil": 156900000,
    "link": "https://www.sec.gov/Archives/edgar/data/940944/000094094406000024/0000940944-06-000024-index.htm",
    "finalLink": "https://www.sec.gov/Archives/edgar/data/940944/000094094406000024/form10q_040606.txt"
  },
  {
    "date": "2005-11-27",
    "symbol": "DRI",
    "reportedCurrency": "USD",
    "cik": "0000940944",
    "fillingDate": "2006-01-05",
    "acceptedDate": "2006-01-05 16:55:22",
    "calendarYear": "2006",
    "period": "Q2",
    "revenue": 1325093000,
    "costOfRevenue": 1045612000,
    "grossProfit": 279481000,
    "grossProfitRatio": 0.2109142528,
    "researchAndDevelopmentExpenses": 0,
    "generalAndAdministrativeExpenses": 0,
    "sellingAndMarketingExpenses": 0,
    "sellingGeneralAndAdministrativeExpenses": 130887000,
    "otherExpenses": 54761000,
    "operatingExpenses": 185648000,
    "costAndExpenses": 1231260000,
    "interestIncome": 0,
    "interestExpense": 0,
    "depreciationAndAmortization": 55670000,
    "ebitda": 149503000,
    "ebitdaratio": 0.1128245338,
    "operatingIncome": 93833000,
    "operatingIncomeRatio": 0.0708123883,
    "totalOtherIncomeExpensesNet": -12964000,
    "incomeBeforeTax": 80869000,
    "incomeBeforeTaxRatio": 0.061028924,
    "incomeTaxExpense": 25812000,
    "netIncome": 55057000,
    "netIncomeRatio": 0.0415495365,
    "eps": 0.37,
    "epsdiluted": 0.35,
    "weightedAverageShsOut": 149600000,
    "weightedAverageShsOutDil": 156200000,
    "link": "https://www.sec.gov/Archives/edgar/data/940944/000094094406000002/0000940944-06-000002-index.htm",
    "finalLink": "https://www.sec.gov/Archives/edgar/data/940944/000094094406000002/form10q_010506.txt"
  },
  {
    "date": "2005-08-28",
    "symbol": "DRI",
    "reportedCurrency": "USD",
    "cik": "0000940944",
    "fillingDate": "2005-10-05",
    "acceptedDate": "2005-10-05 15:11:27",
    "calendarYear": "2006",
    "period": "Q1",
    "revenue": 1409167000,
    "costOfRevenue": 1083048000,
    "grossProfit": 326119000,
    "grossProfitRatio": 0.2314267933,
    "researchAndDevelopmentExpenses": 0,
    "generalAndAdministrativeExpenses": 0,
    "sellingAndMarketingExpenses": 0,
    "sellingGeneralAndAdministrativeExpenses": 133035000,
    "otherExpenses": 54138000,
    "operatingExpenses": 187173000,
    "costAndExpenses": 1270221000,
    "interestIncome": 0,
    "interestExpense": 0,
    "depreciationAndAmortization": 55030000,
    "ebitda": 193976000,
    "ebitdaratio": 0.1376529538,
    "operatingIncome": 138946000,
    "operatingIncomeRatio": 0.0986015142,
    "totalOtherIncomeExpensesNet": -10948000,
    "incomeBeforeTax": 127998000,
    "incomeBeforeTaxRatio": 0.0908323854,
    "incomeTaxExpense": 42484000,
    "netIncome": 85514000,
    "netIncomeRatio": 0.0606840779,
    "eps": 0.56,
    "epsdiluted": 0.53,
    "weightedAverageShsOut": 153300000,
    "weightedAverageShsOutDil": 160400000,
    "link": "https://www.sec.gov/Archives/edgar/data/940944/000094094405000202/0000940944-05-000202-index.htm",
    "finalLink": "https://www.sec.gov/Archives/edgar/data/940944/000094094405000202/form10q_100505.txt"
  },
  {
    "date": "2005-05-29",
    "symbol": "DRI",
    "reportedCurrency": "USD",
    "cik": "0000940944",
    "fillingDate": "2005-07-29",
    "acceptedDate": "2005-07-29 16:50:27",
    "calendarYear": "2005",
    "period": "Q4",
    "revenue": 1394214000,
    "costOfRevenue": 1077096000,
    "grossProfit": 317118000,
    "grossProfitRatio": 0.2274528874,
    "researchAndDevelopmentExpenses": 0,
    "generalAndAdministrativeExpenses": 0,
    "sellingAndMarketingExpenses": 0,
    "sellingGeneralAndAdministrativeExpenses": 125625000,
    "otherExpenses": 59111000,
    "operatingExpenses": 184736000,
    "costAndExpenses": 1261832000,
    "interestIncome": 0,
    "interestExpense": 0,
    "depreciationAndAmortization": 57460000,
    "ebitda": 194391000,
    "ebitdaratio": 0.1394269459,
    "operatingIncome": 132382000,
    "operatingIncomeRatio": 0.0949509903,
    "totalOtherIncomeExpensesNet": -10743000,
    "incomeBeforeTax": 121639000,
    "incomeBeforeTaxRatio": 0.0872455735,
    "incomeTaxExpense": 37650000,
    "netIncome": 83989000,
    "netIncomeRatio": 0.0602411108,
    "eps": 0.52,
    "epsdiluted": 0.52,
    "weightedAverageShsOut": 155200000,
    "weightedAverageShsOutDil": 162000000,
    "link": "https://www.sec.gov/Archives/edgar/data/940944/000094094405000153/0000940944-05-000153-index.htm",
    "finalLink": "https://www.sec.gov/Archives/edgar/data/940944/000094094405000153/form10k_72905.txt"
  },
  {
    "date": "2005-02-27",
    "symbol": "DRI",
    "reportedCurrency": "USD",
    "cik": "0000940944",
    "fillingDate": "2005-04-07",
    "acceptedDate": "2005-04-07 17:19:16",
    "calendarYear": "2005",
    "period": "Q3",
    "revenue": 1375879000,
    "costOfRevenue": 1055441000,
    "grossProfit": 320438000,
    "grossProfitRatio": 0.2328969335,
    "researchAndDevelopmentExpenses": 0,
    "generalAndAdministrativeExpenses": 0,
    "sellingAndMarketingExpenses": 0,
    "sellingGeneralAndAdministrativeExpenses": 126488000,
    "otherExpenses": 52721000,
    "operatingExpenses": 179209000,
    "costAndExpenses": 1234650000,
    "interestIncome": 0,
    "interestExpense": 0,
    "depreciationAndAmortization": 55665000,
    "ebitda": 196894000,
    "ebitdaratio": 0.1431041538,
    "operatingIncome": 141229000,
    "operatingIncomeRatio": 0.102646381,
    "totalOtherIncomeExpensesNet": -10405000,
    "incomeBeforeTax": 130824000,
    "incomeBeforeTaxRatio": 0.0950839427,
    "incomeTaxExpense": 38194000,
    "netIncome": 92630000,
    "netIncomeRatio": 0.0673242342,
    "eps": 0.59,
    "epsdiluted": 0.56,
    "weightedAverageShsOut": 157300000,
    "weightedAverageShsOutDil": 164500000,
    "link": "https://www.sec.gov/Archives/edgar/data/940944/000094094405000063/0000940944-05-000063-index.htm",
    "finalLink": "https://www.sec.gov/Archives/edgar/data/940944/000094094405000063/form10q_3q2005.txt"
  },
  {
    "date": "2004-11-28",
    "symbol": "DRI",
    "reportedCurrency": "USD",
    "cik": "0000940944",
    "fillingDate": "2005-01-07",
    "acceptedDate": "2005-01-07 15:01:32",
    "calendarYear": "2005",
    "period": "Q2",
    "revenue": 1229373000,
    "costOfRevenue": 971037000,
    "grossProfit": 258336000,
    "grossProfitRatio": 0.2101363866,
    "researchAndDevelopmentExpenses": 0,
    "generalAndAdministrativeExpenses": 0,
    "sellingAndMarketingExpenses": 0,
    "sellingGeneralAndAdministrativeExpenses": 130785000,
    "otherExpenses": 53176000,
    "operatingExpenses": 183961000,
    "costAndExpenses": 1154998000,
    "interestIncome": 0,
    "interestExpense": 0,
    "depreciationAndAmortization": 55824000,
    "ebitda": 130199000,
    "ebitdaratio": 0.1059068322,
    "operatingIncome": 74375000,
    "operatingIncomeRatio": 0.0604983191,
    "totalOtherIncomeExpensesNet": -11007000,
    "incomeBeforeTax": 63368000,
    "incomeBeforeTaxRatio": 0.0515449746,
    "incomeTaxExpense": 20393000,
    "netIncome": 42975000,
    "netIncomeRatio": 0.0349568439,
    "eps": 0.27,
    "epsdiluted": 0.26,
    "weightedAverageShsOut": 156800000,
    "weightedAverageShsOutDil": 163400000,
    "link": "https://www.sec.gov/Archives/edgar/data/940944/000094094405000016/0000940944-05-000016-index.htm",
    "finalLink": "https://www.sec.gov/Archives/edgar/data/940944/000094094405000016/form10q_2qtr2005.txt"
  },
  {
    "date": "2004-08-29",
    "symbol": "DRI",
    "reportedCurrency": "USD",
    "cik": "0000940944",
    "fillingDate": "2004-10-07",
    "acceptedDate": "2004-10-07 17:10:59",
    "calendarYear": "2005",
    "period": "Q1",
    "revenue": 1278644000,
    "costOfRevenue": 992254000,
    "grossProfit": 286390000,
    "grossProfitRatio": 0.2239794657,
    "researchAndDevelopmentExpenses": 0,
    "generalAndAdministrativeExpenses": 0,
    "sellingAndMarketingExpenses": 0,
    "sellingGeneralAndAdministrativeExpenses": 114580000,
    "otherExpenses": 52760000,
    "operatingExpenses": 167340000,
    "costAndExpenses": 1159594000,
    "interestIncome": 0,
    "interestExpense": 0,
    "depreciationAndAmortization": 55311000,
    "ebitda": 174361000,
    "ebitdaratio": 0.1363639919,
    "operatingIncome": 119050000,
    "operatingIncomeRatio": 0.0931064471,
    "totalOtherIncomeExpensesNet": -10964000,
    "incomeBeforeTax": 108086000,
    "incomeBeforeTaxRatio": 0.0845317383,
    "incomeTaxExpense": 37074000,
    "netIncome": 71012000,
    "netIncomeRatio": 0.0555369595,
    "eps": 0.45,
    "epsdiluted": 0.44,
    "weightedAverageShsOut": 157600000,
    "weightedAverageShsOutDil": 163200000,
    "link": "https://www.sec.gov/Archives/edgar/data/940944/000094094404000153/0000940944-04-000153-index.htm",
    "finalLink": "https://www.sec.gov/Archives/edgar/data/940944/000094094404000153/form10q_100704.txt"
  },
  {
    "date": "2004-05-30",
    "symbol": "DRI",
    "reportedCurrency": "USD",
    "cik": "0000940944",
    "fillingDate": "2004-08-12",
    "acceptedDate": "2004-08-12 17:23:54",
    "calendarYear": "2004",
    "period": "Q4",
    "revenue": 1359171000,
    "costOfRevenue": 1050751000,
    "grossProfit": 308420000,
    "grossProfitRatio": 0.2269177315,
    "researchAndDevelopmentExpenses": 0,
    "generalAndAdministrativeExpenses": 0,
    "sellingAndMarketingExpenses": 0,
    "sellingGeneralAndAdministrativeExpenses": 124596000,
    "otherExpenses": 96092000,
    "operatingExpenses": 220688000,
    "costAndExpenses": 1271439000,
    "interestIncome": 0,
    "interestExpense": 0,
    "depreciationAndAmortization": 61823000,
    "ebitda": 191423000,
    "ebitdaratio": 0.140838055,
    "operatingIncome": 87732000,
    "operatingIncomeRatio": 0.0645481694,
    "totalOtherIncomeExpensesNet": -11349000,
    "incomeBeforeTax": 76383000,
    "incomeBeforeTaxRatio": 0.0561982267,
    "incomeTaxExpense": 22667000,
    "netIncome": 53716000,
    "netIncomeRatio": 0.0395211493,
    "eps": 0.32,
    "epsdiluted": 0.32,
    "weightedAverageShsOut": 160200000,
    "weightedAverageShsOutDil": 166900000,
    "link": "https://www.sec.gov/Archives/edgar/data/940944/000094094404000109/0000940944-04-000109-index.htm",
    "finalLink": "https://www.sec.gov/Archives/edgar/data/940944/000094094404000109/fy04_10k.txt"
  },
  {
    "date": "2004-02-22",
    "symbol": "DRI",
    "reportedCurrency": "USD",
    "cik": "0000940944",
    "fillingDate": "2004-04-06",
    "acceptedDate": "2004-04-06 17:21:04",
    "calendarYear": "2004",
    "period": "Q3",
    "revenue": 1241952000,
    "costOfRevenue": 953873000,
    "grossProfit": 288079000,
    "grossProfitRatio": 0.2319566296,
    "researchAndDevelopmentExpenses": 0,
    "generalAndAdministrativeExpenses": 0,
    "sellingAndMarketingExpenses": 0,
    "sellingGeneralAndAdministrativeExpenses": 113552000,
    "otherExpenses": 52179000,
    "operatingExpenses": 165731000,
    "costAndExpenses": 1119604000,
    "interestIncome": 0,
    "interestExpense": 0,
    "depreciationAndAmortization": 54675000,
    "ebitda": 177023000,
    "ebitdaratio": 0.1425361045,
    "operatingIncome": 122348000,
    "operatingIncomeRatio": 0.0985126639,
    "totalOtherIncomeExpensesNet": -10944000,
    "incomeBeforeTax": 111404000,
    "incomeBeforeTaxRatio": 0.0897007292,
    "incomeTaxExpense": 34316000,
    "netIncome": 77088000,
    "netIncomeRatio": 0.0620700317,
    "eps": 0.47,
    "epsdiluted": 0.45,
    "weightedAverageShsOut": 164200000,
    "weightedAverageShsOutDil": 170100000,
    "link": "https://www.sec.gov/Archives/edgar/data/940944/000094094404000029/0000940944-04-000029-index.htm",
    "finalLink": "https://www.sec.gov/Archives/edgar/data/940944/000094094404000029/form10q_040604.txt"
  },
  {
    "date": "2003-11-23",
    "symbol": "DRI",
    "reportedCurrency": "USD",
    "cik": "0000940944",
    "fillingDate": "2004-01-06",
    "acceptedDate": "2004-01-06 17:13:11",
    "calendarYear": "2004",
    "period": "Q2",
    "revenue": 1142543000,
    "costOfRevenue": 914762000,
    "grossProfit": 227781000,
    "grossProfitRatio": 0.199363175,
    "researchAndDevelopmentExpenses": 0,
    "generalAndAdministrativeExpenses": 0,
    "sellingAndMarketingExpenses": 0,
    "sellingGeneralAndAdministrativeExpenses": 120320000,
    "otherExpenses": 52048000,
    "operatingExpenses": 172368000,
    "costAndExpenses": 1087130000,
    "interestIncome": 0,
    "interestExpense": 0,
    "depreciationAndAmortization": 53557000,
    "ebitda": 108970000,
    "ebitdaratio": 0.0953749662,
    "operatingIncome": 55413000,
    "operatingIncomeRatio": 0.0484997064,
    "totalOtherIncomeExpensesNet": -10725000,
    "incomeBeforeTax": 44688000,
    "incomeBeforeTaxRatio": 0.0391127511,
    "incomeTaxExpense": 14635000,
    "netIncome": 30053000,
    "netIncomeRatio": 0.0263036052,
    "eps": 0.18,
    "epsdiluted": 0.18,
    "weightedAverageShsOut": 164900000,
    "weightedAverageShsOutDil": 171000000,
    "link": "https://www.sec.gov/Archives/edgar/data/940944/000094094404000004/0000940944-04-000004-index.htm",
    "finalLink": "https://www.sec.gov/Archives/edgar/data/940944/000094094404000004/form10q_010604.txt"
  },
  {
    "date": "2003-08-24",
    "symbol": "DRI",
    "reportedCurrency": "USD",
    "cik": "0000940944",
    "fillingDate": "2003-10-07",
    "acceptedDate": "2003-10-07 16:45:06",
    "calendarYear": "2004",
    "period": "Q1",
    "revenue": 1259689000,
    "costOfRevenue": 979870000,
    "grossProfit": 279819000,
    "grossProfitRatio": 0.2221333996,
    "researchAndDevelopmentExpenses": 0,
    "generalAndAdministrativeExpenses": 0,
    "sellingAndMarketingExpenses": 0,
    "sellingGeneralAndAdministrativeExpenses": 113641000,
    "otherExpenses": 51553000,
    "operatingExpenses": 165194000,
    "costAndExpenses": 1145064000,
    "interestIncome": 0,
    "interestExpense": 0,
    "depreciationAndAmortization": 53397000,
    "ebitda": 168022000,
    "ebitdaratio": 0.1333837161,
    "operatingIncome": 114625000,
    "operatingIncomeRatio": 0.090994682,
    "totalOtherIncomeExpensesNet": -10641000,
    "incomeBeforeTax": 103984000,
    "incomeBeforeTaxRatio": 0.0825473589,
    "incomeTaxExpense": 35390000,
    "netIncome": 68594000,
    "netIncomeRatio": 0.054453123,
    "eps": 0.42,
    "epsdiluted": 0.4,
    "weightedAverageShsOut": 164700000,
    "weightedAverageShsOutDil": 170500000,
    "link": "https://www.sec.gov/Archives/edgar/data/940944/000094094403000210/0000940944-03-000210-index.htm",
    "finalLink": "https://www.sec.gov/Archives/edgar/data/940944/000094094403000210/form10q_100703.txt"
  },
  {
    "date": "2003-05-25",
    "symbol": "DRI",
    "reportedCurrency": "USD",
    "cik": "0000940944",
    "fillingDate": "2003-08-22",
    "acceptedDate": "2003-08-22 08:50:18",
    "calendarYear": "2003",
    "period": "Q4",
    "revenue": 1227492000,
    "costOfRevenue": 956276000,
    "grossProfit": 271216000,
    "grossProfitRatio": 0.2209513382,
    "researchAndDevelopmentExpenses": 0,
    "generalAndAdministrativeExpenses": 0,
    "sellingAndMarketingExpenses": 0,
    "sellingGeneralAndAdministrativeExpenses": 119558000,
    "otherExpenses": 51514000,
    "operatingExpenses": 171072000,
    "costAndExpenses": 1127348000,
    "interestIncome": 0,
    "interestExpense": 0,
    "depreciationAndAmortization": 53596000,
    "ebitda": 153239000,
    "ebitdaratio": 0.1248391028,
    "operatingIncome": 100144000,
    "operatingIncomeRatio": 0.0815842384,
    "totalOtherIncomeExpensesNet": -10946000,
    "incomeBeforeTax": 89198000,
    "incomeBeforeTaxRatio": 0.0726668687,
    "incomeTaxExpense": 28088000,
    "netIncome": 61110000,
    "netIncomeRatio": 0.0497844385,
    "eps": 0.35,
    "epsdiluted": 0.35,
    "weightedAverageShsOut": 167900000,
    "weightedAverageShsOutDil": 173400000,
    "link": "https://www.sec.gov/Archives/edgar/data/940944/000094094403000176/0000940944-03-000176-index.htm",
    "finalLink": "https://www.sec.gov/Archives/edgar/data/940944/000094094403000176/fy03_10k.txt"
  },
  {
    "date": "2003-02-23",
    "symbol": "DRI",
    "reportedCurrency": "USD",
    "cik": "0000940944",
    "fillingDate": "2003-04-09",
    "acceptedDate": "2003-04-09 16:47:24",
    "calendarYear": "2003",
    "period": "Q3",
    "revenue": 1181383000,
    "costOfRevenue": 920322000,
    "grossProfit": 261061000,
    "grossProfitRatio": 0.2209791405,
    "researchAndDevelopmentExpenses": 0,
    "generalAndAdministrativeExpenses": 0,
    "sellingAndMarketingExpenses": 0,
    "sellingGeneralAndAdministrativeExpenses": 108935000,
    "otherExpenses": 48132000,
    "operatingExpenses": 157067000,
    "costAndExpenses": 1077389000,
    "interestIncome": 0,
    "interestExpense": 0,
    "depreciationAndAmortization": 49908000,
    "ebitda": 153902000,
    "ebitdaratio": 0.1302727397,
    "operatingIncome": 103994000,
    "operatingIncomeRatio": 0.0880273375,
    "totalOtherIncomeExpensesNet": -10669000,
    "incomeBeforeTax": 93325000,
    "incomeBeforeTaxRatio": 0.0789963966,
    "incomeTaxExpense": 31539000,
    "netIncome": 61786000,
    "netIncomeRatio": 0.0522997199,
    "eps": 0.36,
    "epsdiluted": 0.35,
    "weightedAverageShsOut": 170700000,
    "weightedAverageShsOutDil": 177500000,
    "link": "https://www.sec.gov/Archives/edgar/data/940944/000094094403000046/0000940944-03-000046-index.htm",
    "finalLink": "https://www.sec.gov/Archives/edgar/data/940944/000094094403000046/form10q_022303.txt"
  },
  {
    "date": "2002-11-24",
    "symbol": "DRI",
    "reportedCurrency": "USD",
    "cik": "0000940944",
    "fillingDate": "2003-01-08",
    "acceptedDate": "2003-01-08 15:54:50",
    "calendarYear": "2003",
    "period": "Q2",
    "revenue": 1071531000,
    "costOfRevenue": 855455000,
    "grossProfit": 216076000,
    "grossProfitRatio": 0.2016516554,
    "researchAndDevelopmentExpenses": 0,
    "generalAndAdministrativeExpenses": 0,
    "sellingAndMarketingExpenses": 0,
    "sellingGeneralAndAdministrativeExpenses": 103197000,
    "otherExpenses": 45930000,
    "operatingExpenses": 149127000,
    "costAndExpenses": 1004582000,
    "interestIncome": 0,
    "interestExpense": 0,
    "depreciationAndAmortization": 47699000,
    "ebitda": 114648000,
    "ebitdaratio": 0.1069945713,
    "operatingIncome": 66949000,
    "operatingIncomeRatio": 0.0624797603,
    "totalOtherIncomeExpensesNet": -10729000,
    "incomeBeforeTax": 56220000,
    "incomeBeforeTaxRatio": 0.0524669842,
    "incomeTaxExpense": 18742000,
    "netIncome": 37478000,
    "netIncomeRatio": 0.0349761229,
    "eps": 0.22,
    "epsdiluted": 0.21,
    "weightedAverageShsOut": 170900000,
    "weightedAverageShsOutDil": 178700000,
    "link": "https://www.sec.gov/Archives/edgar/data/940944/000094094403000002/0000940944-03-000002-index.htm",
    "finalLink": "https://www.sec.gov/Archives/edgar/data/940944/000094094403000002/form10q_010703.txt"
  },
  {
    "date": "2002-08-25",
    "symbol": "DRI",
    "reportedCurrency": "USD",
    "cik": "0000940944",
    "fillingDate": "2002-10-09",
    "acceptedDate": "2002-10-09 16:42:04",
    "calendarYear": "2003",
    "period": "Q1",
    "revenue": 1174565000,
    "costOfRevenue": 904102000,
    "grossProfit": 270463000,
    "grossProfitRatio": 0.2302665242,
    "researchAndDevelopmentExpenses": 0,
    "generalAndAdministrativeExpenses": 0,
    "sellingAndMarketingExpenses": 0,
    "sellingGeneralAndAdministrativeExpenses": 106064000,
    "otherExpenses": 45141000,
    "operatingExpenses": 151205000,
    "costAndExpenses": 1055307000,
    "interestIncome": 0,
    "interestExpense": 0,
    "depreciationAndAmortization": 46916000,
    "ebitda": 166174000,
    "ebitdaratio": 0.1414770575,
    "operatingIncome": 119258000,
    "operatingIncomeRatio": 0.1015337593,
    "totalOtherIncomeExpensesNet": -10253000,
    "incomeBeforeTax": 109005000,
    "incomeBeforeTaxRatio": 0.0928045702,
    "incomeTaxExpense": 37119000,
    "netIncome": 71886000,
    "netIncomeRatio": 0.0612022323,
    "eps": 0.42,
    "epsdiluted": 0.4,
    "weightedAverageShsOut": 171600000,
    "weightedAverageShsOutDil": 180000000,
    "link": "https://www.sec.gov/Archives/edgar/data/940944/000094094402000149/0000940944-02-000149-index.htm",
    "finalLink": "https://www.sec.gov/Archives/edgar/data/940944/000094094402000149/form10q_100702.txt"
  },
  {
    "date": "2002-05-26",
    "symbol": "DRI",
    "reportedCurrency": "USD",
    "cik": "0000940944",
    "fillingDate": "2002-08-19",
    "acceptedDate": "2002-08-19 16:55:31",
    "calendarYear": "2002",
    "period": "Q4",
    "revenue": 1139319000,
    "costOfRevenue": 880743000,
    "grossProfit": 258576000,
    "grossProfitRatio": 0.2269566294,
    "researchAndDevelopmentExpenses": 0,
    "generalAndAdministrativeExpenses": 0,
    "sellingAndMarketingExpenses": 0,
    "sellingGeneralAndAdministrativeExpenses": 96568000,
    "otherExpenses": 43094000,
    "operatingExpenses": 139662000,
    "costAndExpenses": 1020405000,
    "interestIncome": 0,
    "interestExpense": 0,
    "depreciationAndAmortization": 45563000,
    "ebitda": 164178000,
    "ebitdaratio": 0.1441018714,
    "operatingIncome": 118914000,
    "operatingIncomeRatio": 0.1043728754,
    "totalOtherIncomeExpensesNet": -10213000,
    "incomeBeforeTax": 108701000,
    "incomeBeforeTaxRatio": 0.0954087486,
    "incomeTaxExpense": 35752000,
    "netIncome": 72949000,
    "netIncomeRatio": 0.0640285995,
    "eps": 0.4,
    "epsdiluted": 0.4,
    "weightedAverageShsOut": 182200000,
    "weightedAverageShsOutDil": 182200000,
    "link": "https://www.sec.gov/Archives/edgar/data/940944/000094094402000106/0000940944-02-000106-index.htm",
    "finalLink": "https://www.sec.gov/Archives/edgar/data/940944/000094094402000106/form10kfy02.txt"
  },
  {
    "date": "2002-02-24",
    "symbol": "DRI",
    "reportedCurrency": "USD",
    "cik": "0000940944",
    "fillingDate": "2002-04-09",
    "acceptedDate": "2002-04-09 00:00:00",
    "calendarYear": "2002",
    "period": "Q3",
    "revenue": 1134388000,
    "costOfRevenue": 869347000,
    "grossProfit": 265041000,
    "grossProfitRatio": 0.2336422811,
    "researchAndDevelopmentExpenses": 0,
    "generalAndAdministrativeExpenses": 0,
    "sellingAndMarketingExpenses": 0,
    "sellingGeneralAndAdministrativeExpenses": 111284000,
    "otherExpenses": 41865000,
    "operatingExpenses": 153149000,
    "costAndExpenses": 1022496000,
    "interestIncome": 0,
    "interestExpense": 0,
    "depreciationAndAmortization": 43636000,
    "ebitda": 155528000,
    "ebitdaratio": 0.1371030018,
    "operatingIncome": 111892000,
    "operatingIncomeRatio": 0.0986364454,
    "totalOtherIncomeExpensesNet": -9116000,
    "incomeBeforeTax": 102776000,
    "incomeBeforeTaxRatio": 0.0906003942,
    "incomeTaxExpense": 36556000,
    "netIncome": 66220000,
    "netIncomeRatio": 0.0583750886,
    "eps": 0.38,
    "epsdiluted": 0.36,
    "weightedAverageShsOut": 175050000,
    "weightedAverageShsOutDil": 184500000,
    "link": "https://www.sec.gov/Archives/edgar/data/940944/000094094402000056/0000940944-02-000056-index.htm",
    "finalLink": "https://www.sec.gov/Archives/edgar/data/940944/000094094402000056/form10q_fy023rdqtr.txt"
  },
  {
    "date": "2001-11-25",
    "symbol": "DRI",
    "reportedCurrency": "USD",
    "cik": "0000940944",
    "fillingDate": "2002-01-07",
    "acceptedDate": "2002-01-07 00:00:00",
    "calendarYear": "2002",
    "period": "Q2",
    "revenue": 1013504000,
    "costOfRevenue": 803321000,
    "grossProfit": 210183000,
    "grossProfitRatio": 0.2073825066,
    "researchAndDevelopmentExpenses": 0,
    "generalAndAdministrativeExpenses": 0,
    "sellingAndMarketingExpenses": 0,
    "sellingGeneralAndAdministrativeExpenses": 106154000,
    "otherExpenses": 38792000,
    "operatingExpenses": 144946000,
    "costAndExpenses": 948267000,
    "interestIncome": 0,
    "interestExpense": 0,
    "depreciationAndAmortization": 42804000,
    "ebitda": 105772000,
    "ebitdaratio": 0.1043626863,
    "operatingIncome": 65237000,
    "operatingIncomeRatio": 0.0643677775,
    "totalOtherIncomeExpensesNet": -8982000,
    "incomeBeforeTax": 56255000,
    "incomeBeforeTaxRatio": 0.0555054543,
    "incomeTaxExpense": 19792000,
    "netIncome": 36463000,
    "netIncomeRatio": 0.0359771644,
    "eps": 0.21,
    "epsdiluted": 0.2,
    "weightedAverageShsOut": 175200000,
    "weightedAverageShsOutDil": 183000000,
    "link": "https://www.sec.gov/Archives/edgar/data/940944/000094094402000015/0000940944-02-000015-index.htm",
    "finalLink": "https://www.sec.gov/Archives/edgar/data/940944/000094094402000015/form10q_fy022ndqtr.txt"
  },
  {
    "date": "2001-08-26",
    "symbol": "DRI",
    "reportedCurrency": "USD",
    "cik": "0000940944",
    "fillingDate": "2001-10-10",
    "acceptedDate": "2001-10-10 00:00:00",
    "calendarYear": "2002",
    "period": "Q1",
    "revenue": 1081489000,
    "costOfRevenue": 831188000,
    "grossProfit": 250301000,
    "grossProfitRatio": 0.2314410965,
    "researchAndDevelopmentExpenses": 0,
    "generalAndAdministrativeExpenses": 0,
    "sellingAndMarketingExpenses": 0,
    "sellingGeneralAndAdministrativeExpenses": 106940000,
    "otherExpenses": 39510000,
    "operatingExpenses": 146450000,
    "costAndExpenses": 977638000,
    "interestIncome": 0,
    "interestExpense": 0,
    "depreciationAndAmortization": 41404000,
    "ebitda": 145255000,
    "ebitdaratio": 0.1343101964,
    "operatingIncome": 103851000,
    "operatingIncomeRatio": 0.096025942,
    "totalOtherIncomeExpensesNet": -8274000,
    "incomeBeforeTax": 95577000,
    "incomeBeforeTaxRatio": 0.0883753788,
    "incomeTaxExpense": 33421000,
    "netIncome": 62156000,
    "netIncomeRatio": 0.0574726141,
    "eps": 0.35,
    "epsdiluted": 0.34,
    "weightedAverageShsOut": 176012000,
    "weightedAverageShsOutDil": 183658000,
    "link": "https://www.sec.gov/Archives/edgar/data/940944/000094094401500098/0000940944-01-500098-index.htm",
    "finalLink": "https://www.sec.gov/Archives/edgar/data/940944/000094094401500098/form10q_fy02.txt"
  },
  {
    "date": "2001-05-27",
    "symbol": "DRI",
    "reportedCurrency": "USD",
    "cik": "0000940944",
    "fillingDate": "2001-08-16",
    "acceptedDate": "2001-08-16 00:00:00",
    "calendarYear": "2001",
    "period": "Q4",
    "revenue": 1082359000,
    "costOfRevenue": 844608000,
    "grossProfit": 237751000,
    "grossProfitRatio": 0.2196600204,
    "researchAndDevelopmentExpenses": 0,
    "generalAndAdministrativeExpenses": 0,
    "sellingAndMarketingExpenses": 0,
    "sellingGeneralAndAdministrativeExpenses": 103930000,
    "otherExpenses": 33158000,
    "operatingExpenses": 137088000,
    "costAndExpenses": 981696000,
    "interestIncome": 0,
    "interestExpense": 0,
    "depreciationAndAmortization": 40189000,
    "ebitda": 140852000,
    "ebitdaratio": 0.1301342715,
    "operatingIncome": 100663000,
    "operatingIncomeRatio": 0.0930033381,
    "totalOtherIncomeExpensesNet": -8085000,
    "incomeBeforeTax": 92578000,
    "incomeBeforeTaxRatio": 0.0855335429,
    "incomeTaxExpense": 31567000,
    "netIncome": 61011000,
    "netIncomeRatio": 0.0563685432,
    "eps": 0.33,
    "epsdiluted": 0.33,
    "weightedAverageShsOut": 176640000,
    "weightedAverageShsOutDil": 183900000,
    "link": "https://www.sec.gov/Archives/edgar/data/940944/000094094401500072/0000940944-01-500072-index.htm",
    "finalLink": "https://www.sec.gov/Archives/edgar/data/940944/000094094401500072/form10k_052701.txt"
  },
  {
    "date": "2001-02-25",
    "symbol": "DRI",
    "reportedCurrency": "USD",
    "cik": "0000940944",
    "fillingDate": "2001-04-05",
    "acceptedDate": "2001-04-05 00:00:00",
    "calendarYear": "2001",
    "period": "Q3",
    "revenue": 988635000,
    "costOfRevenue": 767284000,
    "grossProfit": 221351000,
    "grossProfitRatio": 0.2238955732,
    "researchAndDevelopmentExpenses": 0,
    "generalAndAdministrativeExpenses": 0,
    "sellingAndMarketingExpenses": 0,
    "sellingGeneralAndAdministrativeExpenses": 98455000,
    "otherExpenses": 38877000,
    "operatingExpenses": 137332000,
    "costAndExpenses": 904616000,
    "interestIncome": 0,
    "interestExpense": 0,
    "depreciationAndAmortization": 38877000,
    "ebitda": 122896000,
    "ebitdaratio": 0.1243087692,
    "operatingIncome": 84019000,
    "operatingIncomeRatio": 0.0849848529,
    "totalOtherIncomeExpensesNet": -8528000,
    "incomeBeforeTax": 75491000,
    "incomeBeforeTaxRatio": 0.076358818,
    "incomeTaxExpense": 25964000,
    "netIncome": 49527000,
    "netIncomeRatio": 0.050096345,
    "eps": 0.27,
    "epsdiluted": 0.27,
    "weightedAverageShsOut": 179700000,
    "weightedAverageShsOutDil": 186000000,
    "link": "https://www.sec.gov/Archives/edgar/data/940944/000094094401500004/0000940944-01-500004-index.htm",
    "finalLink": "https://www.sec.gov/Archives/edgar/data/940944/000094094401500004/form10q_022501.txt"
  },
  {
    "date": "2000-11-26",
    "symbol": "DRI",
    "reportedCurrency": "USD",
    "cik": "0000940944",
    "fillingDate": "2001-01-09",
    "acceptedDate": "2001-01-09 00:00:00",
    "calendarYear": "2001",
    "period": "Q2",
    "revenue": 931958000,
    "costOfRevenue": 735353000,
    "grossProfit": 196605000,
    "grossProfitRatio": 0.2109590776,
    "researchAndDevelopmentExpenses": 0,
    "generalAndAdministrativeExpenses": 0,
    "sellingAndMarketingExpenses": 0,
    "sellingGeneralAndAdministrativeExpenses": 105955000,
    "otherExpenses": 37562000,
    "operatingExpenses": 143517000,
    "costAndExpenses": 878870000,
    "interestIncome": 0,
    "interestExpense": 0,
    "depreciationAndAmortization": 37562000,
    "ebitda": 90650000,
    "ebitdaratio": 0.0972683318,
    "operatingIncome": 53088000,
    "operatingIncomeRatio": 0.0569639404,
    "totalOtherIncomeExpensesNet": -7777000,
    "incomeBeforeTax": 45311000,
    "incomeBeforeTaxRatio": 0.0486191438,
    "incomeTaxExpense": 15770000,
    "netIncome": 29541000,
    "netIncomeRatio": 0.0316977804,
    "eps": 0.17,
    "epsdiluted": 0.16,
    "weightedAverageShsOut": 179700000,
    "weightedAverageShsOutDil": 185550000,
    "link": "https://www.sec.gov/Archives/edgar/data/940944/000094094401000006/0000940944-01-000006-index.htm",
    "finalLink": "https://www.sec.gov/Archives/edgar/data/940944/000094094401000006/0000940944-01-000006-0001.txt"
  },
  {
    "date": "2000-08-27",
    "symbol": "DRI",
    "reportedCurrency": "USD",
    "cik": "0000940944",
    "fillingDate": "2000-10-10",
    "acceptedDate": "2000-10-10 00:00:00",
    "calendarYear": "2001",
    "period": "Q1",
    "revenue": 1018205000,
    "costOfRevenue": 787539000,
    "grossProfit": 230666000,
    "grossProfitRatio": 0.2265418064,
    "researchAndDevelopmentExpenses": 0,
    "generalAndAdministrativeExpenses": 0,
    "sellingAndMarketingExpenses": 0,
    "sellingGeneralAndAdministrativeExpenses": 99287000,
    "otherExpenses": 37267000,
    "operatingExpenses": 136554000,
    "costAndExpenses": 924093000,
    "interestIncome": 0,
    "interestExpense": 0,
    "depreciationAndAmortization": 37267000,
    "ebitda": 131379000,
    "ebitdaratio": 0.1290300087,
    "operatingIncome": 94112000,
    "operatingIncomeRatio": 0.0924293242,
    "totalOtherIncomeExpensesNet": -6274000,
    "incomeBeforeTax": 87838000,
    "incomeBeforeTaxRatio": 0.0862675002,
    "incomeTaxExpense": 30917000,
    "netIncome": 56921000,
    "netIncomeRatio": 0.0559032808,
    "eps": 0.31,
    "epsdiluted": 0.31,
    "weightedAverageShsOut": 182309000,
    "weightedAverageShsOutDil": 186507000,
    "link": "https://www.sec.gov/Archives/edgar/data/940944/000094094400000140/0000940944-00-000140-index.htm",
    "finalLink": "https://www.sec.gov/Archives/edgar/data/940944/000094094400000140/0000940944-00-000140-0001.txt"
  },
  {
    "date": "2000-05-28",
    "symbol": "DRI",
    "reportedCurrency": "USD",
    "cik": "0000940944",
    "fillingDate": "2000-08-21",
    "acceptedDate": "2000-08-21 00:00:00",
    "calendarYear": "2000",
    "period": "Q4",
    "revenue": 1006156000,
    "costOfRevenue": 780063000,
    "grossProfit": 226093000,
    "grossProfitRatio": 0.2247096872,
    "researchAndDevelopmentExpenses": 0,
    "generalAndAdministrativeExpenses": 0,
    "sellingAndMarketingExpenses": 0,
    "sellingGeneralAndAdministrativeExpenses": 100170000,
    "otherExpenses": 35959000,
    "operatingExpenses": 136129000,
    "costAndExpenses": 916192000,
    "interestIncome": 0,
    "interestExpense": 0,
    "depreciationAndAmortization": 35959000,
    "ebitda": 125923000,
    "ebitdaratio": 0.1251525608,
    "operatingIncome": 89964000,
    "operatingIncomeRatio": 0.0894135701,
    "totalOtherIncomeExpensesNet": 43000,
    "incomeBeforeTax": 90007000,
    "incomeBeforeTaxRatio": 0.089456307,
    "incomeTaxExpense": 32002000,
    "netIncome": 58005000,
    "netIncomeRatio": 0.0576501059,
    "eps": 0.31,
    "epsdiluted": 0.31,
    "weightedAverageShsOut": 184716000,
    "weightedAverageShsOutDil": 189300000,
    "link": "https://www.sec.gov/Archives/edgar/data/940944/000094094400000118/0000940944-00-000118-index.htm",
    "finalLink": "https://www.sec.gov/Archives/edgar/data/940944/000094094400000118/0000940944-00-000118-0001.txt"
  },
  {
    "date": "2000-02-27",
    "symbol": "DRI",
    "reportedCurrency": "USD",
    "cik": "0000940944",
    "fillingDate": "2000-04-11",
    "acceptedDate": "2000-04-11 00:00:00",
    "calendarYear": "2000",
    "period": "Q3",
    "revenue": 917500000,
    "costOfRevenue": 712700000,
    "grossProfit": 204800000,
    "grossProfitRatio": 0.2232152589,
    "researchAndDevelopmentExpenses": 0,
    "generalAndAdministrativeExpenses": 0,
    "sellingAndMarketingExpenses": 0,
    "sellingGeneralAndAdministrativeExpenses": 90900000,
    "otherExpenses": 34500000,
    "operatingExpenses": 125400000,
    "costAndExpenses": 838100000,
    "interestIncome": 0,
    "interestExpense": 0,
    "depreciationAndAmortization": 34500000,
    "ebitda": 113900000,
    "ebitdaratio": 0.1241416894,
    "operatingIncome": 79400000,
    "operatingIncomeRatio": 0.0865395095,
    "totalOtherIncomeExpensesNet": -6700000,
    "incomeBeforeTax": 72700000,
    "incomeBeforeTaxRatio": 0.0792370572,
    "incomeTaxExpense": 25800000,
    "netIncome": 46900000,
    "netIncomeRatio": 0.0511171662,
    "eps": 0.25,
    "epsdiluted": 0.24,
    "weightedAverageShsOut": 191550000,
    "weightedAverageShsOutDil": 195750000,
    "link": "https://www.sec.gov/Archives/edgar/data/940944/000094094400000046/0000940944-00-000046-index.html",
    "finalLink": "https://www.sec.gov/Archives/edgar/data/940944/000094094400000046/"
  },
  {
    "date": "1999-11-28",
    "symbol": "DRI",
    "reportedCurrency": "USD",
    "cik": "0000940944",
    "fillingDate": "2000-01-12",
    "acceptedDate": "2000-01-12 00:00:00",
    "calendarYear": "2000",
    "period": "Q2",
    "revenue": 848200000,
    "costOfRevenue": 677700000,
    "grossProfit": 170500000,
    "grossProfitRatio": 0.2010139118,
    "researchAndDevelopmentExpenses": 0,
    "generalAndAdministrativeExpenses": 0,
    "sellingAndMarketingExpenses": 0,
    "sellingGeneralAndAdministrativeExpenses": 94200000,
    "otherExpenses": 33100000,
    "operatingExpenses": 127300000,
    "costAndExpenses": 805000000,
    "interestIncome": 0,
    "interestExpense": 0,
    "depreciationAndAmortization": 33100000,
    "ebitda": 76300000,
    "ebitdaratio": 0.0899551992,
    "operatingIncome": 43200000,
    "operatingIncomeRatio": 0.0509313841,
    "totalOtherIncomeExpensesNet": -5200000,
    "incomeBeforeTax": 38000000,
    "incomeBeforeTaxRatio": 0.0448007545,
    "incomeTaxExpense": 13500000,
    "netIncome": 24500000,
    "netIncomeRatio": 0.028884697,
    "eps": 0.13,
    "epsdiluted": 0.12,
    "weightedAverageShsOut": 196200000,
    "weightedAverageShsOutDil": 201750000,
    "link": "https://www.sec.gov/Archives/edgar/data/940944/000094094400000009/0000940944-00-000009-index.html",
    "finalLink": "https://www.sec.gov/Archives/edgar/data/940944/000094094400000009/"
  },
  {
    "date": "1999-08-29",
    "symbol": "DRI",
    "reportedCurrency": "USD",
    "cik": "0000940944",
    "fillingDate": "1999-10-07",
    "acceptedDate": "1999-10-07 00:00:00",
    "calendarYear": "2000",
    "period": "Q1",
    "revenue": 929400000,
    "costOfRevenue": 724700000,
    "grossProfit": 204700000,
    "grossProfitRatio": 0.2202496234,
    "researchAndDevelopmentExpenses": 0,
    "generalAndAdministrativeExpenses": 0,
    "sellingAndMarketingExpenses": 0,
    "sellingGeneralAndAdministrativeExpenses": 94200000,
    "otherExpenses": 32800000,
    "operatingExpenses": 127000000,
    "costAndExpenses": 851700000,
    "interestIncome": 0,
    "interestExpense": 0,
    "depreciationAndAmortization": 32800000,
    "ebitda": 110500000,
    "ebitdaratio": 0.11889391,
    "operatingIncome": 77700000,
    "operatingIncomeRatio": 0.0836023241,
    "totalOtherIncomeExpensesNet": -4500000,
    "incomeBeforeTax": 73200000,
    "incomeBeforeTaxRatio": 0.0787604906,
    "incomeTaxExpense": 25900000,
    "netIncome": 47300000,
    "netIncomeRatio": 0.0508930493,
    "eps": 0.24,
    "epsdiluted": 0.23,
    "weightedAverageShsOut": 196985000,
    "weightedAverageShsOutDil": 202613000,
    "link": "https://www.sec.gov/Archives/edgar/data/940944/000094094499000096/0000940944-99-000096-index.html",
    "finalLink": "https://www.sec.gov/Archives/edgar/data/940944/000094094499000096/"
  },
  {
    "date": "1999-05-30",
    "symbol": "DRI",
    "reportedCurrency": "USD",
    "cik": "0000940944",
    "fillingDate": "1999-08-23",
    "acceptedDate": "1999-08-23 00:00:00",
    "calendarYear": "1999",
    "period": "Q4",
    "revenue": 914000000,
    "costOfRevenue": 704000000,
    "grossProfit": 210000000,
    "grossProfitRatio": 0.2297592998,
    "researchAndDevelopmentExpenses": 0,
    "generalAndAdministrativeExpenses": 0,
    "sellingAndMarketingExpenses": 0,
    "sellingGeneralAndAdministrativeExpenses": 101600000,
    "otherExpenses": 33100000,
    "operatingExpenses": 134700000,
    "costAndExpenses": 838700000,
    "interestIncome": 0,
    "interestExpense": 0,
    "depreciationAndAmortization": 33100000,
    "ebitda": 108400000,
    "ebitdaratio": 0.1185995624,
    "operatingIncome": 75300000,
    "operatingIncomeRatio": 0.0823851204,
    "totalOtherIncomeExpensesNet": 3400000,
    "incomeBeforeTax": 78700000,
    "incomeBeforeTaxRatio": 0.0861050328,
    "incomeTaxExpense": 27700000,
    "netIncome": 51000000,
    "netIncomeRatio": 0.0557986871,
    "eps": 0.25,
    "epsdiluted": 0.25,
    "weightedAverageShsOut": 201600000,
    "weightedAverageShsOutDil": 201600000,
    "link": "https://www.sec.gov/Archives/edgar/data/940944/000094094499000079/0000940944-99-000079-index.html",
    "finalLink": "https://www.sec.gov/Archives/edgar/data/940944/000094094499000079/"
  },
  {
    "date": "1999-02-28",
    "symbol": "DRI",
    "reportedCurrency": "USD",
    "cik": "0000940944",
    "fillingDate": "1999-04-13",
    "acceptedDate": "1999-04-13 00:00:00",
    "calendarYear": "1999",
    "period": "Q3",
    "revenue": 866900000,
    "costOfRevenue": 683200000,
    "grossProfit": 183700000,
    "grossProfitRatio": 0.2119044873,
    "researchAndDevelopmentExpenses": 0,
    "generalAndAdministrativeExpenses": 0,
    "sellingAndMarketingExpenses": 0,
    "sellingGeneralAndAdministrativeExpenses": 88200000,
    "otherExpenses": 32600000,
    "operatingExpenses": 120800000,
    "costAndExpenses": 804000000,
    "interestIncome": 0,
    "interestExpense": 0,
    "depreciationAndAmortization": 32600000,
    "ebitda": 95500000,
    "ebitdaratio": 0.1101626485,
    "operatingIncome": 62900000,
    "operatingIncomeRatio": 0.0725573884,
    "totalOtherIncomeExpensesNet": -4300000,
    "incomeBeforeTax": 58600000,
    "incomeBeforeTaxRatio": 0.0675971854,
    "incomeTaxExpense": 20200000,
    "netIncome": 38400000,
    "netIncomeRatio": 0.0442957665,
    "eps": 0.19,
    "epsdiluted": 0.18,
    "weightedAverageShsOut": 205611000,
    "weightedAverageShsOutDil": 213227000,
    "link": "https://www.sec.gov/Archives/edgar/data/940944/000094094499000025/0000940944-99-000025-index.html",
    "finalLink": "https://www.sec.gov/Archives/edgar/data/940944/"
  },
  {
    "date": "1998-11-29",
    "symbol": "DRI",
    "reportedCurrency": "USD",
    "cik": "0000940944",
    "fillingDate": "1999-01-12",
    "acceptedDate": "1999-01-12 00:00:00",
    "calendarYear": "1999",
    "period": "Q2",
    "revenue": 791200000,
    "costOfRevenue": 643000000,
    "grossProfit": 148200000,
    "grossProfitRatio": 0.1873104146,
    "researchAndDevelopmentExpenses": 0,
    "generalAndAdministrativeExpenses": 0,
    "sellingAndMarketingExpenses": 0,
    "sellingGeneralAndAdministrativeExpenses": 86400000,
    "otherExpenses": 32400000,
    "operatingExpenses": 118800000,
    "costAndExpenses": 761800000,
    "interestIncome": 0,
    "interestExpense": 0,
    "depreciationAndAmortization": 32500000,
    "ebitda": 61900000,
    "ebitdaratio": 0.0782355915,
    "operatingIncome": 29400000,
    "operatingIncomeRatio": 0.0371587462,
    "totalOtherIncomeExpensesNet": -4800000,
    "incomeBeforeTax": 24600000,
    "incomeBeforeTaxRatio": 0.0310920121,
    "incomeTaxExpense": 8700000,
    "netIncome": 15900000,
    "netIncomeRatio": 0.0200960566,
    "eps": 0.0734,
    "epsdiluted": 0.0734,
    "weightedAverageShsOut": 216710000,
    "weightedAverageShsOutDil": 216710000,
    "link": "https://www.sec.gov/Archives/edgar/data/940944/000094094499000004/0000940944-99-000004-index.html",
    "finalLink": "https://www.sec.gov/Archives/edgar/data/940944/"
  },
  {
    "date": "1998-08-30",
    "symbol": "DRI",
    "reportedCurrency": "USD",
    "cik": "0000940944",
    "fillingDate": "1998-10-09",
    "acceptedDate": "1998-10-09 00:00:00",
    "calendarYear": "1999",
    "period": "Q1",
    "revenue": 886100000,
    "costOfRevenue": 710000000,
    "grossProfit": 176100000,
    "grossProfitRatio": 0.1987360343,
    "researchAndDevelopmentExpenses": 0,
    "generalAndAdministrativeExpenses": 0,
    "sellingAndMarketingExpenses": 0,
    "sellingGeneralAndAdministrativeExpenses": 84800000,
    "otherExpenses": 32000000,
    "operatingExpenses": 116800000,
    "costAndExpenses": 826800000,
    "interestIncome": 0,
    "interestExpense": 0,
    "depreciationAndAmortization": 32000000,
    "ebitda": 91300000,
    "ebitdaratio": 0.1030357747,
    "operatingIncome": 59300000,
    "operatingIncomeRatio": 0.0669224692,
    "totalOtherIncomeExpensesNet": -5400000,
    "incomeBeforeTax": 53900000,
    "incomeBeforeTaxRatio": 0.0608283489,
    "incomeTaxExpense": 18700000,
    "netIncome": 35200000,
    "netIncomeRatio": 0.039724636,
    "eps": 0.17,
    "epsdiluted": 0.16,
    "weightedAverageShsOut": 211094000,
    "weightedAverageShsOutDil": 219890000,
    "link": "https://www.sec.gov/Archives/edgar/data/940944/000094094498000101/0000940944-98-000101-index.html",
    "finalLink": "https://www.sec.gov/Archives/edgar/data/940944/"
  },
  {
    "date": "1998-05-31",
    "symbol": "DRI",
    "reportedCurrency": "USD",
    "cik": "0000940944",
    "fillingDate": "1998-08-20",
    "acceptedDate": "1998-08-20 00:00:00",
    "calendarYear": "1998",
    "period": "Q4",
    "revenue": 921100000,
    "costOfRevenue": 720200000,
    "grossProfit": 200900000,
    "grossProfitRatio": 0.218108783,
    "researchAndDevelopmentExpenses": 0,
    "generalAndAdministrativeExpenses": 0,
    "sellingAndMarketingExpenses": 0,
    "sellingGeneralAndAdministrativeExpenses": 101600000,
    "otherExpenses": 33200000,
    "operatingExpenses": 134800000,
    "costAndExpenses": 855000000,
    "interestIncome": 0,
    "interestExpense": 0,
    "depreciationAndAmortization": 33200000,
    "ebitda": 99300000,
    "ebitdaratio": 0.1078058843,
    "operatingIncome": 66100000,
    "operatingIncomeRatio": 0.0717620237,
    "totalOtherIncomeExpensesNet": -5700000,
    "incomeBeforeTax": 60400000,
    "incomeBeforeTaxRatio": 0.0655737705,
    "incomeTaxExpense": 20400000,
    "netIncome": 40000000,
    "netIncomeRatio": 0.0434263381,
    "eps": 0.18,
    "epsdiluted": 0.18,
    "weightedAverageShsOut": 213143000,
    "weightedAverageShsOutDil": 218900000,
    "link": "https://www.sec.gov/Archives/edgar/data/940944/000094094498000067/0000940944-98-000067-index.html",
    "finalLink": "https://www.sec.gov/Archives/edgar/data/940944/"
  },
  {
    "date": "1998-02-22",
    "symbol": "DRI",
    "reportedCurrency": "USD",
    "cik": "0000940944",
    "fillingDate": "1998-03-27",
    "acceptedDate": "1998-03-27 00:00:00",
    "calendarYear": "1998",
    "period": "Q3",
    "revenue": 811300000,
    "costOfRevenue": 644700000,
    "grossProfit": 166600000,
    "grossProfitRatio": 0.2053494392,
    "researchAndDevelopmentExpenses": 0,
    "generalAndAdministrativeExpenses": 0,
    "sellingAndMarketingExpenses": 0,
    "sellingGeneralAndAdministrativeExpenses": 83300000,
    "otherExpenses": 33000000,
    "operatingExpenses": 116300000,
    "costAndExpenses": 761000000,
    "interestIncome": 0,
    "interestExpense": 0,
    "depreciationAndAmortization": 33000000,
    "ebitda": 83300000,
    "ebitdaratio": 0.1026747196,
    "operatingIncome": 50300000,
    "operatingIncomeRatio": 0.0619992604,
    "totalOtherIncomeExpensesNet": -5000000,
    "incomeBeforeTax": 45300000,
    "incomeBeforeTaxRatio": 0.0558363121,
    "incomeTaxExpense": 15500000,
    "netIncome": 29800000,
    "netIncomeRatio": 0.0367311722,
    "eps": 0.13,
    "epsdiluted": 0.13,
    "weightedAverageShsOut": 223388000,
    "weightedAverageShsOutDil": 223388000,
    "link": "https://www.sec.gov/Archives/edgar/data/940944/000094094498000018/0000940944-98-000018-index.html",
    "finalLink": "https://www.sec.gov/Archives/edgar/data/940944/"
  },
  {
    "date": "1997-11-23",
    "symbol": "DRI",
    "reportedCurrency": "USD",
    "cik": "0000940944",
    "fillingDate": "1997-12-18",
    "acceptedDate": "1997-12-18 00:00:00",
    "calendarYear": "1998",
    "period": "Q2",
    "revenue": 745300000,
    "costOfRevenue": 611900000,
    "grossProfit": 133400000,
    "grossProfitRatio": 0.1789883268,
    "researchAndDevelopmentExpenses": 0,
    "generalAndAdministrativeExpenses": 0,
    "sellingAndMarketingExpenses": 0,
    "sellingGeneralAndAdministrativeExpenses": 84400000,
    "otherExpenses": 32400000,
    "operatingExpenses": 116800000,
    "costAndExpenses": 728700000,
    "interestIncome": 0,
    "interestExpense": 0,
    "depreciationAndAmortization": 32400000,
    "ebitda": 49000000,
    "ebitdaratio": 0.0657453374,
    "operatingIncome": 16600000,
    "operatingIncomeRatio": 0.0222729102,
    "totalOtherIncomeExpensesNet": -4800000,
    "incomeBeforeTax": 11800000,
    "incomeBeforeTaxRatio": 0.0158325507,
    "incomeTaxExpense": 4300000,
    "netIncome": 7500000,
    "netIncomeRatio": 0.0100630619,
    "eps": 0.0334,
    "epsdiluted": 0.0334,
    "weightedAverageShsOut": 224888000,
    "weightedAverageShsOutDil": 224888000,
    "link": "https://www.sec.gov/Archives/edgar/data/940944/000094094497000143/0000940944-97-000143-index.html",
    "finalLink": "https://www.sec.gov/Archives/edgar/data/940944/"
  },
  {
    "date": "1997-08-24",
    "symbol": "DRI",
    "reportedCurrency": "USD",
    "cik": "0000940944",
    "fillingDate": "1997-10-02",
    "acceptedDate": "1997-10-02 00:00:00",
    "calendarYear": "1998",
    "period": "Q1",
    "revenue": 809300000,
    "costOfRevenue": 646800000,
    "grossProfit": 162500000,
    "grossProfitRatio": 0.2007908069,
    "researchAndDevelopmentExpenses": 0,
    "generalAndAdministrativeExpenses": 0,
    "sellingAndMarketingExpenses": 0,
    "sellingGeneralAndAdministrativeExpenses": 89200000,
    "otherExpenses": 32400000,
    "operatingExpenses": 121600000,
    "costAndExpenses": 768400000,
    "interestIncome": 0,
    "interestExpense": 0,
    "depreciationAndAmortization": 32400000,
    "ebitda": 73300000,
    "ebitdaratio": 0.0905720993,
    "operatingIncome": 40900000,
    "operatingIncomeRatio": 0.0505375015,
    "totalOtherIncomeExpensesNet": -4700000,
    "incomeBeforeTax": 36200000,
    "incomeBeforeTaxRatio": 0.0447300136,
    "incomeTaxExpense": 11800000,
    "netIncome": 24400000,
    "netIncomeRatio": 0.0301495119,
    "eps": 0.11,
    "epsdiluted": 0.11,
    "weightedAverageShsOut": 228636000,
    "weightedAverageShsOutDil": 228636000,
    "link": "https://www.sec.gov/Archives/edgar/data/940944/000094094497000117/0000940944-97-000117-index.html",
    "finalLink": "https://www.sec.gov/Archives/edgar/data/940944/"
  },
  {
    "date": "1997-05-25",
    "symbol": "DRI",
    "reportedCurrency": "USD",
    "cik": "0000940944",
    "fillingDate": "1997-08-15",
    "acceptedDate": "1997-08-15 00:00:00",
    "calendarYear": "1997",
    "period": "Q4",
    "revenue": 816600000,
    "costOfRevenue": 653500000,
    "grossProfit": 163100000,
    "grossProfitRatio": 0.1997305903,
    "researchAndDevelopmentExpenses": 0,
    "generalAndAdministrativeExpenses": 0,
    "sellingAndMarketingExpenses": 0,
    "sellingGeneralAndAdministrativeExpenses": 83700000,
    "otherExpenses": 32700000,
    "operatingExpenses": 116400000,
    "costAndExpenses": 769900000,
    "interestIncome": 0,
    "interestExpense": 0,
    "depreciationAndAmortization": 32700000,
    "ebitda": 79400000,
    "ebitdaratio": 0.0972324271,
    "operatingIncome": 46700000,
    "operatingIncomeRatio": 0.0571883419,
    "totalOtherIncomeExpensesNet": -235900000,
    "incomeBeforeTax": -189200000,
    "incomeBeforeTaxRatio": -0.2316923831,
    "incomeTaxExpense": -73200000,
    "netIncome": -116000000,
    "netIncomeRatio": -0.1420524124,
    "eps": -0.52,
    "epsdiluted": -0.51,
    "weightedAverageShsOut": 222188000,
    "weightedAverageShsOutDil": 229500000,
    "link": "https://www.sec.gov/Archives/edgar/data/940944/000094094497000096/0000940944-97-000096-index.html",
    "finalLink": "https://www.sec.gov/Archives/edgar/data/940944/"
  },
  {
    "date": "1997-02-23",
    "symbol": "DRI",
    "reportedCurrency": "USD",
    "cik": "0000940944",
    "fillingDate": "1997-03-24",
    "acceptedDate": "1997-03-24 00:00:00",
    "calendarYear": "1997",
    "period": "Q3",
    "revenue": 800800000,
    "costOfRevenue": 652300000,
    "grossProfit": 148500000,
    "grossProfitRatio": 0.1854395604,
    "researchAndDevelopmentExpenses": 0,
    "generalAndAdministrativeExpenses": 0,
    "sellingAndMarketingExpenses": 0,
    "sellingGeneralAndAdministrativeExpenses": 85200000,
    "otherExpenses": 36100000,
    "operatingExpenses": 121300000,
    "costAndExpenses": 773600000,
    "interestIncome": 0,
    "interestExpense": 0,
    "depreciationAndAmortization": 36100000,
    "ebitda": 63300000,
    "ebitdaratio": 0.079045954,
    "operatingIncome": 27200000,
    "operatingIncomeRatio": 0.033966034,
    "totalOtherIncomeExpensesNet": -5600000,
    "incomeBeforeTax": 21600000,
    "incomeBeforeTaxRatio": 0.026973027,
    "incomeTaxExpense": 5900000,
    "netIncome": 15700000,
    "netIncomeRatio": 0.0196053946,
    "eps": 0.0667,
    "epsdiluted": 0.0667,
    "weightedAverageShsOut": 235382000,
    "weightedAverageShsOutDil": 235382000,
    "link": "https://www.sec.gov/Archives/edgar/data/940944/000094094497000027/0000940944-97-000027-index.html",
    "finalLink": "https://www.sec.gov/Archives/edgar/data/940944/"
  },
  {
    "date": "1996-11-24",
    "symbol": "DRI",
    "reportedCurrency": "USD",
    "cik": "0000940944",
    "fillingDate": "1996-12-19",
    "acceptedDate": "1996-12-19 00:00:00",
    "calendarYear": "1997",
    "period": "Q2",
    "revenue": 748800000,
    "costOfRevenue": 628800000,
    "grossProfit": 120000000,
    "grossProfitRatio": 0.1602564103,
    "researchAndDevelopmentExpenses": 0,
    "generalAndAdministrativeExpenses": 0,
    "sellingAndMarketingExpenses": 0,
    "sellingGeneralAndAdministrativeExpenses": 93300000,
    "otherExpenses": 36900000,
    "operatingExpenses": 130200000,
    "costAndExpenses": 759000000,
    "interestIncome": 0,
    "interestExpense": 0,
    "depreciationAndAmortization": 36900000,
    "ebitda": 26700000,
    "ebitdaratio": 0.0356570513,
    "operatingIncome": -10200000,
    "operatingIncomeRatio": -0.0136217949,
    "totalOtherIncomeExpensesNet": -5700000,
    "incomeBeforeTax": -15900000,
    "incomeBeforeTaxRatio": -0.0212339744,
    "incomeTaxExpense": -4700000,
    "netIncome": -11200000,
    "netIncomeRatio": -0.014957265,
    "eps": -0.0467,
    "epsdiluted": -0.0467,
    "weightedAverageShsOut": 239880000,
    "weightedAverageShsOutDil": 239880000,
    "link": "https://www.sec.gov/Archives/edgar/data/940944/000094094496000073/0000940944-96-000073-index.html",
    "finalLink": "https://www.sec.gov/Archives/edgar/data/940944/"
  },
  {
    "date": "1996-08-25",
    "symbol": "DRI",
    "reportedCurrency": "USD",
    "cik": "0000940944",
    "fillingDate": "1996-12-12",
    "acceptedDate": "1996-12-12 00:00:00",
    "calendarYear": "1997",
    "period": "Q1",
    "revenue": 805600000,
    "costOfRevenue": 637600000,
    "grossProfit": 168000000,
    "grossProfitRatio": 0.2085402185,
    "researchAndDevelopmentExpenses": 0,
    "generalAndAdministrativeExpenses": 0,
    "sellingAndMarketingExpenses": 0,
    "sellingGeneralAndAdministrativeExpenses": 99100000,
    "otherExpenses": 35000000,
    "operatingExpenses": 134100000,
    "costAndExpenses": 771700000,
    "interestIncome": 0,
    "interestExpense": 0,
    "depreciationAndAmortization": 35000000,
    "ebitda": 68900000,
    "ebitdaratio": 0.0855263158,
    "operatingIncome": 33900000,
    "operatingIncomeRatio": 0.0420804369,
    "totalOtherIncomeExpensesNet": -5000000,
    "incomeBeforeTax": 28900000,
    "incomeBeforeTaxRatio": 0.0358738828,
    "incomeTaxExpense": 8400000,
    "netIncome": 20500000,
    "netIncomeRatio": 0.0254468719,
    "eps": 0.0867,
    "epsdiluted": 0.0867,
    "weightedAverageShsOut": 236420000,
    "weightedAverageShsOutDil": 236420000,
    "link": "https://www.sec.gov/Archives/edgar/data/940944/000094094496000070/0000940944-96-000070-index.html",
    "finalLink": "https://www.sec.gov/Archives/edgar/data/940944/"
  },
  {
    "date": "1996-05-26",
    "symbol": "DRI",
    "reportedCurrency": "USD",
    "cik": "0000940944",
    "fillingDate": "1996-08-16",
    "acceptedDate": "1996-08-16 00:00:00",
    "calendarYear": "1996",
    "period": "Q4",
    "revenue": 829500000,
    "costOfRevenue": 640900000,
    "grossProfit": 188600000,
    "grossProfitRatio": 0.2273658831,
    "researchAndDevelopmentExpenses": 0,
    "generalAndAdministrativeExpenses": 0,
    "sellingAndMarketingExpenses": 0,
    "sellingGeneralAndAdministrativeExpenses": 93600000,
    "otherExpenses": 35700000,
    "operatingExpenses": 129300000,
    "costAndExpenses": 770200000,
    "interestIncome": 0,
    "interestExpense": 0,
    "depreciationAndAmortization": 35700000,
    "ebitda": 95000000,
    "ebitdaratio": 0.1145268234,
    "operatingIncome": 59300000,
    "operatingIncomeRatio": 0.0714888487,
    "totalOtherIncomeExpensesNet": -5000000,
    "incomeBeforeTax": 54300000,
    "incomeBeforeTaxRatio": 0.0654611212,
    "incomeTaxExpense": 19800000,
    "netIncome": 34500000,
    "netIncomeRatio": 0.0415913201,
    "eps": 0.14,
    "epsdiluted": 0.14,
    "weightedAverageShsOut": 233883000,
    "weightedAverageShsOutDil": 242606000,
    "link": "https://www.sec.gov/Archives/edgar/data/940944/000094094496000018/0000940944-96-000018-index.html",
    "finalLink": "https://www.sec.gov/Archives/edgar/data/940944/"
  },
  {
    "date": "1996-02-29",
    "symbol": "DRI",
    "reportedCurrency": "USD",
    "cik": "0000940944",
    "fillingDate": "1996-02-29",
    "acceptedDate": "1996-02-29 00:00:00",
    "calendarYear": "1996",
    "period": "Q3",
    "revenue": 795100000,
    "costOfRevenue": 605600000,
    "grossProfit": 189500000,
    "grossProfitRatio": 0.2383348007,
    "researchAndDevelopmentExpenses": 0,
    "generalAndAdministrativeExpenses": 0,
    "sellingAndMarketingExpenses": 0,
    "sellingGeneralAndAdministrativeExpenses": 95100000,
    "otherExpenses": 32400000,
    "operatingExpenses": 127500000,
    "costAndExpenses": 733100000,
    "interestIncome": 0,
    "interestExpense": 0,
    "depreciationAndAmortization": 32400000,
    "ebitda": 94400000,
    "ebitdaratio": 0.1187272041,
    "operatingIncome": 62000000,
    "operatingIncomeRatio": 0.0779776129,
    "totalOtherIncomeExpensesNet": -5500000,
    "incomeBeforeTax": 56500000,
    "incomeBeforeTaxRatio": 0.071060244,
    "incomeTaxExpense": 20900000,
    "netIncome": 35600000,
    "netIncomeRatio": 0.0447742422,
    "eps": 0.15,
    "epsdiluted": 0.15,
    "weightedAverageShsOut": 242606000,
    "weightedAverageShsOutDil": 242606000,
    "link": null,
    "finalLink": null
  },
  {
    "date": "1995-11-30",
    "symbol": "DRI",
    "reportedCurrency": "USD",
    "cik": "0000940944",
    "fillingDate": "1995-11-30",
    "acceptedDate": "1995-11-30 00:00:00",
    "calendarYear": "1996",
    "period": "Q2",
    "revenue": 731200000,
    "costOfRevenue": 577200000,
    "grossProfit": 154000000,
    "grossProfitRatio": 0.2106126915,
    "researchAndDevelopmentExpenses": 0,
    "generalAndAdministrativeExpenses": 0,
    "sellingAndMarketingExpenses": 0,
    "sellingGeneralAndAdministrativeExpenses": 89600000,
    "otherExpenses": 33000000,
    "operatingExpenses": 122600000,
    "costAndExpenses": 699800000,
    "interestIncome": 0,
    "interestExpense": 0,
    "depreciationAndAmortization": 33000000,
    "ebitda": 64400000,
    "ebitdaratio": 0.0880743982,
    "operatingIncome": 31400000,
    "operatingIncomeRatio": 0.0429431072,
    "totalOtherIncomeExpensesNet": -5400000,
    "incomeBeforeTax": 26000000,
    "incomeBeforeTaxRatio": 0.0355579869,
    "incomeTaxExpense": 9700000,
    "netIncome": 16300000,
    "netIncomeRatio": 0.0222921225,
    "eps": 0.0667,
    "epsdiluted": 0.0667,
    "weightedAverageShsOut": 244378000,
    "weightedAverageShsOutDil": 244378000,
    "link": null,
    "finalLink": null
  }
]