[
  {
    "date": "2025-05-25",
    "symbol": "DRI",
    "reportedCurrency": "USD",
    "cik": "0000940944",
    "fillingDate": "2025-07-18",
    "acceptedDate": "2025-07-18 16:34:57",
    "calendarYear": "2025",
    "period": "FY",
    "revenue": 12076700000,
    "costOfRevenue": 9434100000,
    "grossProfit": 2642600000,
    "grossProfitRatio": 0.2188180546,
    "researchAndDevelopmentExpenses": 0,
    "generalAndAdministrativeExpenses": 520300000,
    "sellingAndMarketingExpenses": 169900000,
    "sellingGeneralAndAdministrativeExpenses": 690200000,
    "otherExpenses": 590100000,
    "operatingExpenses": 1280300000,
    "costAndExpenses": 10714400000,
    "interestIncome": 3400000,
    "interestExpense": 180400000,
    "depreciationAndAmortization": 516100000,
    "ebitda": 1881800000,
    "ebitdaratio": 0.1558207126,
    "operatingIncome": 1362300000,
    "operatingIncomeRatio": 0.1128039945,
    "totalOtherIncomeExpensesNet": -175100000,
    "incomeBeforeTax": 1187200000,
    "incomeBeforeTaxRatio": 0.0983050005,
    "incomeTaxExpense": 136200000,
    "netIncome": 1049600000,
    "netIncomeRatio": 0.0869111595,
    "eps": 8.93,
    "epsdiluted": 8.86,
    "weightedAverageShsOut": 117500000,
    "weightedAverageShsOutDil": 118400000,
    "link": "https://www.sec.gov/Archives/edgar/data/940944/000094094425000038/0000940944-25-000038-index.htm",
    "finalLink": "https://www.sec.gov/Archives/edgar/data/940944/000094094425000038/dri-20250525.htm"
  },
  {
    "date": "2024-05-26",
    "symbol": "DRI",
    "reportedCurrency": "USD",
    "cik": "0000940944",
    "fillingDate": "2024-07-19",
    "acceptedDate": "2024-07-19 16:20:34",
    "calendarYear": "2024",
    "period": "FY",
    "revenue": 11390000000,
    "costOfRevenue": 8955500000,
    "grossProfit": 2434500000,
    "grossProfitRatio": 0.2137401229,
    "researchAndDevelopmentExpenses": 0,
    "generalAndAdministrativeExpenses": 479200000,
    "sellingAndMarketingExpenses": 144500000,
    "sellingGeneralAndAdministrativeExpenses": 623700000,
    "otherExpenses": 496600000,
    "operatingExpenses": 1120300000,
    "costAndExpenses": 10075800000,
    "interestIncome": 4500000,
    "interestExpense": 139800000,
    "depreciationAndAmortization": 459900000,
    "ebitda": 1778600000,
    "ebitdaratio": 0.1561545215,
    "operatingIncome": 1314200000,
    "operatingIncomeRatio": 0.115381914,
    "totalOtherIncomeExpensesNet": -138700000,
    "incomeBeforeTax": 1175500000,
    "incomeBeforeTaxRatio": 0.1032045654,
    "incomeTaxExpense": 145000000,
    "netIncome": 1027600000,
    "netIncomeRatio": 0.0902194908,
    "eps": 8.57,
    "epsdiluted": 8.51,
    "weightedAverageShsOut": 119900000,
    "weightedAverageShsOutDil": 120800000,
    "link": "https://www.sec.gov/Archives/edgar/data/940944/000094094424000035/0000940944-24-000035-index.htm",
    "finalLink": "https://www.sec.gov/Archives/edgar/data/940944/000094094424000035/dri-20240526.htm"
  },
  {
    "date": "2023-05-28",
    "symbol": "DRI",
    "reportedCurrency": "USD",
    "cik": "0000940944",
    "fillingDate": "2023-07-21",
    "acceptedDate": "2023-07-21 15:47:14",
    "calendarYear": "2023",
    "period": "FY",
    "revenue": 10487800000,
    "costOfRevenue": 8378500000,
    "grossProfit": 2109300000,
    "grossProfitRatio": 0.2011193959,
    "researchAndDevelopmentExpenses": 0,
    "generalAndAdministrativeExpenses": 386100000,
    "sellingAndMarketingExpenses": 118300000,
    "sellingGeneralAndAdministrativeExpenses": 504400000,
    "otherExpenses": 403100000,
    "operatingExpenses": 907500000,
    "costAndExpenses": 9286000000,
    "interestIncome": 7800000,
    "interestExpense": 85100000,
    "depreciationAndAmortization": 387800000,
    "ebitda": 1597400000,
    "ebitdaratio": 0.1523103034,
    "operatingIncome": 1201800000,
    "operatingIncomeRatio": 0.1145902859,
    "totalOtherIncomeExpensesNet": -81300000,
    "incomeBeforeTax": 1120500000,
    "incomeBeforeTaxRatio": 0.1068384218,
    "incomeTaxExpense": 137000000,
    "netIncome": 981900000,
    "netIncomeRatio": 0.0936230668,
    "eps": 8.06,
    "epsdiluted": 7.99,
    "weightedAverageShsOut": 121900000,
    "weightedAverageShsOutDil": 122900000,
    "link": "https://www.sec.gov/Archives/edgar/data/940944/000094094423000037/0000940944-23-000037-index.htm",
    "finalLink": "https://www.sec.gov/Archives/edgar/data/940944/000094094423000037/dri-20230528.htm"
  },
  {
    "date": "2022-05-29",
    "symbol": "DRI",
    "reportedCurrency": "USD",
    "cik": "0000940944",
    "fillingDate": "2022-07-22",
    "acceptedDate": "2022-07-22 15:57:51",
    "calendarYear": "2022",
    "period": "FY",
    "revenue": 9630000000,
    "costOfRevenue": 7635000000,
    "grossProfit": 1995000000,
    "grossProfitRatio": 0.207165109,
    "researchAndDevelopmentExpenses": 0,
    "generalAndAdministrativeExpenses": 373200000,
    "sellingAndMarketingExpenses": 93200000,
    "sellingGeneralAndAdministrativeExpenses": 466400000,
    "otherExpenses": 366400000,
    "operatingExpenses": 832800000,
    "costAndExpenses": 8467800000,
    "interestIncome": 1900000,
    "interestExpense": 73200000,
    "depreciationAndAmortization": 368400000,
    "ebitda": 1532500000,
    "ebitdaratio": 0.1591381101,
    "operatingIncome": 1162200000,
    "operatingIncomeRatio": 0.1206853583,
    "totalOtherIncomeExpensesNet": -68700000,
    "incomeBeforeTax": 1093500000,
    "incomeBeforeTaxRatio": 0.1135514019,
    "incomeTaxExpense": 138800000,
    "netIncome": 952800000,
    "netIncomeRatio": 0.09894081,
    "eps": 7.46,
    "epsdiluted": 7.39,
    "weightedAverageShsOut": 127800000,
    "weightedAverageShsOutDil": 129000000,
    "link": "https://www.sec.gov/Archives/edgar/data/940944/000094094422000042/0000940944-22-000042-index.htm",
    "finalLink": "https://www.sec.gov/Archives/edgar/data/940944/000094094422000042/dri-20220529.htm"
  },
  {
    "date": "2021-05-30",
    "symbol": "DRI",
    "reportedCurrency": "USD",
    "cik": "0000940944",
    "fillingDate": "2021-07-23",
    "acceptedDate": "2021-07-23 16:01:04",
    "calendarYear": "2021",
    "period": "FY",
    "revenue": 7196100000,
    "costOfRevenue": 5702600000,
    "grossProfit": 1493500000,
    "grossProfitRatio": 0.2075429747,
    "researchAndDevelopmentExpenses": 0,
    "generalAndAdministrativeExpenses": 396200000,
    "sellingAndMarketingExpenses": 91100000,
    "sellingGeneralAndAdministrativeExpenses": 487300000,
    "otherExpenses": 357500000,
    "operatingExpenses": 844800000,
    "costAndExpenses": 6547400000,
    "interestIncome": 1700000,
    "interestExpense": 66000000,
    "depreciationAndAmortization": 350900000,
    "ebitda": 992600000,
    "ebitdaratio": 0.1379358264,
    "operatingIncome": 648700000,
    "operatingIncomeRatio": 0.0901460513,
    "totalOtherIncomeExpensesNet": -72200000,
    "incomeBeforeTax": 576500000,
    "incomeBeforeTaxRatio": 0.0801128389,
    "incomeTaxExpense": -55900000,
    "netIncome": 629300000,
    "netIncomeRatio": 0.0874501466,
    "eps": 4.83,
    "epsdiluted": 4.77,
    "weightedAverageShsOut": 130400000,
    "weightedAverageShsOutDil": 131800000,
    "link": "https://www.sec.gov/Archives/edgar/data/940944/000094094421000041/0000940944-21-000041-index.htm",
    "finalLink": "https://www.sec.gov/Archives/edgar/data/940944/000094094421000041/dri-20210530.htm"
  },
  {
    "date": "2020-05-31",
    "symbol": "DRI",
    "reportedCurrency": "USD",
    "cik": "0000940944",
    "fillingDate": "2020-07-24",
    "acceptedDate": "2020-07-24 16:44:20",
    "calendarYear": "2020",
    "period": "FY",
    "revenue": 7806900000,
    "costOfRevenue": 6398500000,
    "grossProfit": 1408400000,
    "grossProfitRatio": 0.180404514,
    "researchAndDevelopmentExpenses": 0,
    "generalAndAdministrativeExpenses": 376400000,
    "sellingAndMarketingExpenses": 238000000,
    "sellingGeneralAndAdministrativeExpenses": 614400000,
    "otherExpenses": 746100000,
    "operatingExpenses": 1360500000,
    "costAndExpenses": 7759000000,
    "interestIncome": 4900000,
    "interestExpense": 62200000,
    "depreciationAndAmortization": 355900000,
    "ebitda": 257100000,
    "ebitdaratio": 0.0329324059,
    "operatingIncome": 47900000,
    "operatingIncomeRatio": 0.006135598,
    "totalOtherIncomeExpensesNet": -208900000,
    "incomeBeforeTax": -161000000,
    "incomeBeforeTaxRatio": -0.0206227824,
    "incomeTaxExpense": -111800000,
    "netIncome": -52400000,
    "netIncomeRatio": -0.0067120112,
    "eps": -0.4,
    "epsdiluted": -0.4,
    "weightedAverageShsOut": 122700000,
    "weightedAverageShsOutDil": 122700000,
    "link": "https://www.sec.gov/Archives/edgar/data/940944/000094094420000046/0000940944-20-000046-index.htm",
    "finalLink": "https://www.sec.gov/Archives/edgar/data/940944/000094094420000046/dri-202010xk.htm"
  },
  {
    "date": "2019-05-26",
    "symbol": "DRI",
    "reportedCurrency": "USD",
    "cik": "0000940944",
    "fillingDate": "2019-07-19",
    "acceptedDate": "2019-07-19 17:21:00",
    "calendarYear": "2019",
    "period": "FY",
    "revenue": 8510400000,
    "costOfRevenue": 6661400000,
    "grossProfit": 1849000000,
    "grossProfitRatio": 0.2172635834,
    "researchAndDevelopmentExpenses": 0,
    "generalAndAdministrativeExpenses": 405500000,
    "sellingAndMarketingExpenses": 255300000,
    "sellingGeneralAndAdministrativeExpenses": 660800000,
    "otherExpenses": 355700000,
    "operatingExpenses": 1016500000,
    "costAndExpenses": 7677900000,
    "interestIncome": 3800000,
    "interestExpense": 54000000,
    "depreciationAndAmortization": 336700000,
    "ebitda": 1173000000,
    "ebitdaratio": 0.1378313593,
    "operatingIncome": 832500000,
    "operatingIncomeRatio": 0.097821489,
    "totalOtherIncomeExpensesNet": -50200000,
    "incomeBeforeTax": 782300000,
    "incomeBeforeTaxRatio": 0.0919228238,
    "incomeTaxExpense": 63700000,
    "netIncome": 713400000,
    "netIncomeRatio": 0.0838268472,
    "eps": 5.78,
    "epsdiluted": 5.69,
    "weightedAverageShsOut": 123500000,
    "weightedAverageShsOutDil": 125400000,
    "link": "https://www.sec.gov/Archives/edgar/data/940944/000094094419000025/0000940944-19-000025-index.htm",
    "finalLink": "https://www.sec.gov/Archives/edgar/data/940944/000094094419000025/dri-201910xk.htm"
  },
  {
    "date": "2018-05-27",
    "symbol": "DRI",
    "reportedCurrency": "USD",
    "cik": "0000940944",
    "fillingDate": "2018-07-20",
    "acceptedDate": "2018-07-20 16:55:06",
    "calendarYear": "2018",
    "period": "FY",
    "revenue": 8080100000,
    "costOfRevenue": 6334700000,
    "grossProfit": 1745400000,
    "grossProfitRatio": 0.2160121781,
    "researchAndDevelopmentExpenses": 0,
    "generalAndAdministrativeExpenses": 409800000,
    "sellingAndMarketingExpenses": 252300000,
    "sellingGeneralAndAdministrativeExpenses": 662100000,
    "otherExpenses": 316500000,
    "operatingExpenses": 978600000,
    "costAndExpenses": 7313300000,
    "interestIncome": 800000,
    "interestExpense": 161900000,
    "depreciationAndAmortization": 313100000,
    "ebitda": 1080700000,
    "ebitdaratio": 0.1337483447,
    "operatingIncome": 766800000,
    "operatingIncomeRatio": 0.0948998156,
    "totalOtherIncomeExpensesNet": -161100000,
    "incomeBeforeTax": 605700000,
    "incomeBeforeTaxRatio": 0.0749619435,
    "incomeTaxExpense": 1900000,
    "netIncome": 596000000,
    "netIncomeRatio": 0.0737614633,
    "eps": 4.81,
    "epsdiluted": 4.73,
    "weightedAverageShsOut": 124000000,
    "weightedAverageShsOutDil": 126000000,
    "link": "https://www.sec.gov/Archives/edgar/data/940944/000094094418000050/0000940944-18-000050-index.htm",
    "finalLink": "https://www.sec.gov/Archives/edgar/data/940944/000094094418000050/dri-201810xk.htm"
  },
  {
    "date": "2017-05-28",
    "symbol": "DRI",
    "reportedCurrency": "USD",
    "cik": "0000940944",
    "fillingDate": "2017-07-21",
    "acceptedDate": "2017-07-21 17:22:26",
    "calendarYear": "2017",
    "period": "FY",
    "revenue": 7170200000,
    "costOfRevenue": 5600800000,
    "grossProfit": 1569400000,
    "grossProfitRatio": 0.2188781345,
    "researchAndDevelopmentExpenses": 0,
    "generalAndAdministrativeExpenses": 387700000,
    "sellingAndMarketingExpenses": 239700000,
    "sellingGeneralAndAdministrativeExpenses": 627400000,
    "otherExpenses": 264500000,
    "operatingExpenses": 891900000,
    "costAndExpenses": 6492700000,
    "interestIncome": 1300000,
    "interestExpense": 41500000,
    "depreciationAndAmortization": 272900000,
    "ebitda": 951700000,
    "ebitdaratio": 0.1327299099,
    "operatingIncome": 677500000,
    "operatingIncomeRatio": 0.0944882988,
    "totalOtherIncomeExpensesNet": -40200000,
    "incomeBeforeTax": 637300000,
    "incomeBeforeTaxRatio": 0.0888817606,
    "incomeTaxExpense": 154800000,
    "netIncome": 479100000,
    "netIncomeRatio": 0.0668182199,
    "eps": 3.85,
    "epsdiluted": 3.8,
    "weightedAverageShsOut": 124300000,
    "weightedAverageShsOutDil": 126000000,
    "link": "https://www.sec.gov/Archives/edgar/data/940944/000094094417000027/0000940944-17-000027-index.htm",
    "finalLink": "https://www.sec.gov/Archives/edgar/data/940944/000094094417000027/dri-201710xk.htm"
  },
  {
    "date": "2016-05-29",
    "symbol": "DRI",
    "reportedCurrency": "USD",
    "cik": "0000940944",
    "fillingDate": "2016-07-25",
    "acceptedDate": "2016-07-25 17:16:16",
    "calendarYear": "2016",
    "period": "FY",
    "revenue": 6933500000,
    "costOfRevenue": 5392400000,
    "grossProfit": 1541100000,
    "grossProfitRatio": 0.2222686955,
    "researchAndDevelopmentExpenses": 0,
    "generalAndAdministrativeExpenses": 384900000,
    "sellingAndMarketingExpenses": 238000000,
    "sellingGeneralAndAdministrativeExpenses": 622900000,
    "otherExpenses": 296000000,
    "operatingExpenses": 918900000,
    "costAndExpenses": 6311300000,
    "interestIncome": 1100000,
    "interestExpense": 173600000,
    "depreciationAndAmortization": 290200000,
    "ebitda": 913500000,
    "ebitdaratio": 0.1317516406,
    "operatingIncome": 622200000,
    "operatingIncomeRatio": 0.0897382274,
    "totalOtherIncomeExpensesNet": -172500000,
    "incomeBeforeTax": 449700000,
    "incomeBeforeTaxRatio": 0.0648590178,
    "incomeTaxExpense": 90000000,
    "netIncome": 375000000,
    "netIncomeRatio": 0.0540852383,
    "eps": 2.94,
    "epsdiluted": 2.9,
    "weightedAverageShsOut": 127400000,
    "weightedAverageShsOutDil": 129300000,
    "link": "https://www.sec.gov/Archives/edgar/data/940944/000094094416000116/0000940944-16-000116-index.htm",
    "finalLink": "https://www.sec.gov/Archives/edgar/data/940944/000094094416000116/dri-201610xk.htm"
  },
  {
    "date": "2015-05-31",
    "symbol": "DRI",
    "reportedCurrency": "USD",
    "cik": "0000940944",
    "fillingDate": "2015-07-24",
    "acceptedDate": "2015-07-24 17:18:33",
    "calendarYear": "2015",
    "period": "FY",
    "revenue": 6764000000,
    "costOfRevenue": 5341500000,
    "grossProfit": 1422500000,
    "grossProfitRatio": 0.2103045535,
    "researchAndDevelopmentExpenses": 0,
    "generalAndAdministrativeExpenses": 430200000,
    "sellingAndMarketingExpenses": 243300000,
    "sellingGeneralAndAdministrativeExpenses": 673500000,
    "otherExpenses": 381400000,
    "operatingExpenses": 1054900000,
    "costAndExpenses": 6396400000,
    "interestIncome": 600000,
    "interestExpense": 192900000,
    "depreciationAndAmortization": 319300000,
    "ebitda": 687500000,
    "ebitdaratio": 0.1016410408,
    "operatingIncome": 367600000,
    "operatingIncomeRatio": 0.0543465405,
    "totalOtherIncomeExpensesNet": -192300000,
    "incomeBeforeTax": 175300000,
    "incomeBeforeTaxRatio": 0.0259166174,
    "incomeTaxExpense": -21100000,
    "netIncome": 709500000,
    "netIncomeRatio": 0.1048935541,
    "eps": 5.56,
    "epsdiluted": 5.47,
    "weightedAverageShsOut": 127700000,
    "weightedAverageShsOutDil": 129700000,
    "link": "https://www.sec.gov/Archives/edgar/data/940944/000094094415000039/0000940944-15-000039-index.htm",
    "finalLink": "https://www.sec.gov/Archives/edgar/data/940944/000094094415000039/dri-201510xk.htm"
  },
  {
    "date": "2014-05-25",
    "symbol": "DRI",
    "reportedCurrency": "USD",
    "cik": "0000940944",
    "fillingDate": "2014-07-18",
    "acceptedDate": "2014-07-18 16:49:09",
    "calendarYear": "2014",
    "period": "FY",
    "revenue": 6285600000,
    "costOfRevenue": 4990500000,
    "grossProfit": 1295100000,
    "grossProfitRatio": 0.2060423826,
    "researchAndDevelopmentExpenses": 0,
    "generalAndAdministrativeExpenses": 413100000,
    "sellingAndMarketingExpenses": 252300000,
    "sellingGeneralAndAdministrativeExpenses": 665400000,
    "otherExpenses": 320800000,
    "operatingExpenses": 986200000,
    "costAndExpenses": 5976700000,
    "interestIncome": 600000,
    "interestExpense": 134900000,
    "depreciationAndAmortization": 304400000,
    "ebitda": 613900000,
    "ebitdaratio": 0.0976676849,
    "operatingIncome": 308900000,
    "operatingIncomeRatio": 0.0491440753,
    "totalOtherIncomeExpensesNet": -134300000,
    "incomeBeforeTax": 174600000,
    "incomeBeforeTaxRatio": 0.0277777778,
    "incomeTaxExpense": -8600000,
    "netIncome": 286200000,
    "netIncomeRatio": 0.045532646,
    "eps": 2.18,
    "epsdiluted": 2.15,
    "weightedAverageShsOut": 131000000,
    "weightedAverageShsOutDil": 133200000,
    "link": "https://www.sec.gov/Archives/edgar/data/940944/000094094414000064/0000940944-14-000064-index.htm",
    "finalLink": "https://www.sec.gov/Archives/edgar/data/940944/000094094414000064/dri-201410xk.htm"
  },
  {
    "date": "2013-05-26",
    "symbol": "DRI",
    "reportedCurrency": "USD",
    "cik": "0000940944",
    "fillingDate": "2013-07-19",
    "acceptedDate": "2013-07-19 16:11:40",
    "calendarYear": "2013",
    "period": "FY",
    "revenue": 5921000000,
    "costOfRevenue": 4616600000,
    "grossProfit": 1304400000,
    "grossProfitRatio": 0.2203006249,
    "researchAndDevelopmentExpenses": 0,
    "generalAndAdministrativeExpenses": 384100000,
    "sellingAndMarketingExpenses": 241100000,
    "sellingGeneralAndAdministrativeExpenses": 625200000,
    "otherExpenses": 279200000,
    "operatingExpenses": 904400000,
    "costAndExpenses": 5521000000,
    "interestIncome": 900000,
    "interestExpense": 126900000,
    "depreciationAndAmortization": 278300000,
    "ebitda": 679200000,
    "ebitdaratio": 0.114710353,
    "operatingIncome": 400000000,
    "operatingIncomeRatio": 0.0675561561,
    "totalOtherIncomeExpensesNet": -126000000,
    "incomeBeforeTax": 274000000,
    "incomeBeforeTaxRatio": 0.0462759669,
    "incomeTaxExpense": 36700000,
    "netIncome": 411900000,
    "netIncomeRatio": 0.0695659517,
    "eps": 3.19,
    "epsdiluted": 3.13,
    "weightedAverageShsOut": 129000000,
    "weightedAverageShsOutDil": 131600000,
    "link": "https://www.sec.gov/Archives/edgar/data/940944/000094094413000027/0000940944-13-000027-index.htm",
    "finalLink": "https://www.sec.gov/Archives/edgar/data/940944/000094094413000027/dri-201310xk.htm"
  },
  {
    "date": "2012-05-27",
    "symbol": "DRI",
    "reportedCurrency": "USD",
    "cik": "0000940944",
    "fillingDate": "2012-07-20",
    "acceptedDate": "2012-07-20 17:00:04",
    "calendarYear": "2012",
    "period": "FY",
    "revenue": 5327100000,
    "costOfRevenue": 4088300000,
    "grossProfit": 1238800000,
    "grossProfitRatio": 0.2325467891,
    "researchAndDevelopmentExpenses": 0,
    "generalAndAdministrativeExpenses": 540100000,
    "sellingAndMarketingExpenses": 0,
    "sellingGeneralAndAdministrativeExpenses": 540100000,
    "otherExpenses": 698700000,
    "operatingExpenses": 1238800000,
    "costAndExpenses": 5327100000,
    "interestIncome": 900000,
    "interestExpense": 103000000,
    "depreciationAndAmortization": 241300000,
    "ebitda": 699400000,
    "ebitdaratio": 0.1312909463,
    "operatingIncome": 457400000,
    "operatingIncomeRatio": 0.0858628522,
    "totalOtherIncomeExpensesNet": -102300000,
    "incomeBeforeTax": 355100000,
    "incomeBeforeTaxRatio": 0.0666591579,
    "incomeTaxExpense": 75900000,
    "netIncome": 475500000,
    "netIncomeRatio": 0.0892605733,
    "eps": 3.65,
    "epsdiluted": 3.57,
    "weightedAverageShsOut": 130100000,
    "weightedAverageShsOutDil": 133200000,
    "link": "https://www.sec.gov/Archives/edgar/data/940944/000094094412000031/0000940944-12-000031-index.htm",
    "finalLink": "https://www.sec.gov/Archives/edgar/data/940944/000094094412000031/dri-201210xk.htm"
  },
  {
    "date": "2011-05-29",
    "symbol": "DRI",
    "reportedCurrency": "USD",
    "cik": "0000940944",
    "fillingDate": "2011-07-22",
    "acceptedDate": "2011-07-22 16:29:23",
    "calendarYear": "2011",
    "period": "FY",
    "revenue": 7500200000,
    "costOfRevenue": 5699500000,
    "grossProfit": 1800700000,
    "grossProfitRatio": 0.240086931,
    "researchAndDevelopmentExpenses": 0,
    "generalAndAdministrativeExpenses": 742700000,
    "sellingAndMarketingExpenses": 0,
    "sellingGeneralAndAdministrativeExpenses": 742700000,
    "otherExpenses": 312100000,
    "operatingExpenses": 1054800000,
    "costAndExpenses": 6754300000,
    "interestIncome": 900000,
    "interestExpense": 94500000,
    "depreciationAndAmortization": 316800000,
    "ebitda": 1058900000,
    "ebitdaratio": 0.1411829018,
    "operatingIncome": 745900000,
    "operatingIncomeRatio": 0.0994506813,
    "totalOtherIncomeExpensesNet": -98300000,
    "incomeBeforeTax": 647600000,
    "incomeBeforeTaxRatio": 0.0863443642,
    "incomeTaxExpense": 168900000,
    "netIncome": 476300000,
    "netIncomeRatio": 0.0635049732,
    "eps": 3.48,
    "epsdiluted": 3.39,
    "weightedAverageShsOut": 136800000,
    "weightedAverageShsOutDil": 140300000,
    "link": "https://www.sec.gov/Archives/edgar/data/940944/000119312511194810/0001193125-11-194810-index.htm",
    "finalLink": "https://www.sec.gov/Archives/edgar/data/940944/000119312511194810/d10k.htm"
  },
  {
    "date": "2010-05-30",
    "symbol": "DRI",
    "reportedCurrency": "USD",
    "cik": "0000940944",
    "fillingDate": "2010-07-23",
    "acceptedDate": "2010-07-23 16:45:51",
    "calendarYear": "2010",
    "period": "FY",
    "revenue": 7113100000,
    "costOfRevenue": 5484000000,
    "grossProfit": 1629100000,
    "grossProfitRatio": 0.2290281312,
    "researchAndDevelopmentExpenses": 0,
    "generalAndAdministrativeExpenses": 0,
    "sellingAndMarketingExpenses": 0,
    "sellingGeneralAndAdministrativeExpenses": 684500000,
    "otherExpenses": 300900000,
    "operatingExpenses": 985400000,
    "costAndExpenses": 6469400000,
    "interestIncome": 1300000,
    "interestExpense": 95200000,
    "depreciationAndAmortization": 300900000,
    "ebitda": 939700000,
    "ebitdaratio": 0.1321083634,
    "operatingIncome": 643700000,
    "operatingIncomeRatio": 0.0904950022,
    "totalOtherIncomeExpensesNet": -100100000,
    "incomeBeforeTax": 543600000,
    "incomeBeforeTaxRatio": 0.0764223756,
    "incomeTaxExpense": 136600000,
    "netIncome": 404500000,
    "netIncomeRatio": 0.0568669075,
    "eps": 2.9,
    "epsdiluted": 2.84,
    "weightedAverageShsOut": 139300000,
    "weightedAverageShsOutDil": 142400000,
    "link": "https://www.sec.gov/Archives/edgar/data/940944/000119312510165061/0001193125-10-165061-index.htm",
    "finalLink": "https://www.sec.gov/Archives/edgar/data/940944/000119312510165061/d10k.htm"
  },
  {
    "date": "2009-05-31",
    "symbol": "DRI",
    "reportedCurrency": "USD",
    "cik": "0000940944",
    "fillingDate": "2009-07-24",
    "acceptedDate": "2009-07-24 17:08:10",
    "calendarYear": "2009",
    "period": "FY",
    "revenue": 7217500000,
    "costOfRevenue": 5636900000,
    "grossProfit": 1580600000,
    "grossProfitRatio": 0.2189954971,
    "researchAndDevelopmentExpenses": 0,
    "generalAndAdministrativeExpenses": 0,
    "sellingAndMarketingExpenses": 0,
    "sellingGeneralAndAdministrativeExpenses": 665600000,
    "otherExpenses": 295100000,
    "operatingExpenses": 960700000,
    "costAndExpenses": 6597600000,
    "interestIncome": 900000,
    "interestExpense": 108300000,
    "depreciationAndAmortization": 283100000,
    "ebitda": 903900000,
    "ebitdaratio": 0.1252372705,
    "operatingIncome": 619900000,
    "operatingIncomeRatio": 0.0858884655,
    "totalOtherIncomeExpensesNet": -107400000,
    "incomeBeforeTax": 512500000,
    "incomeBeforeTaxRatio": 0.0710079667,
    "incomeTaxExpense": 140700000,
    "netIncome": 372200000,
    "netIncomeRatio": 0.0515691029,
    "eps": 2.71,
    "epsdiluted": 2.65,
    "weightedAverageShsOut": 137400000,
    "weightedAverageShsOutDil": 140400000,
    "link": "https://www.sec.gov/Archives/edgar/data/940944/000119312509155014/0001193125-09-155014-index.htm",
    "finalLink": "https://www.sec.gov/Archives/edgar/data/940944/000119312509155014/d10k.htm"
  },
  {
    "date": "2008-05-25",
    "symbol": "DRI",
    "reportedCurrency": "USD",
    "cik": "0000940944",
    "fillingDate": "2008-07-17",
    "acceptedDate": "2008-07-17 15:19:45",
    "calendarYear": "2008",
    "period": "FY",
    "revenue": 6626500000,
    "costOfRevenue": 5138700000,
    "grossProfit": 1487800000,
    "grossProfitRatio": 0.2245227496,
    "researchAndDevelopmentExpenses": 0,
    "generalAndAdministrativeExpenses": 0,
    "sellingAndMarketingExpenses": 0,
    "sellingGeneralAndAdministrativeExpenses": 641700000,
    "otherExpenses": 245700000,
    "operatingExpenses": 887400000,
    "costAndExpenses": 6026100000,
    "interestIncome": 1200000,
    "interestExpense": 86900000,
    "depreciationAndAmortization": 245700000,
    "ebitda": 847300000,
    "ebitdaratio": 0.127865389,
    "operatingIncome": 600400000,
    "operatingIncomeRatio": 0.0906059006,
    "totalOtherIncomeExpensesNet": -85700000,
    "incomeBeforeTax": 514700000,
    "incomeBeforeTaxRatio": 0.0776729797,
    "incomeTaxExpense": 145200000,
    "netIncome": 377200000,
    "netIncomeRatio": 0.0569229608,
    "eps": 2.69,
    "epsdiluted": 2.6,
    "weightedAverageShsOut": 140400000,
    "weightedAverageShsOutDil": 145100000,
    "link": "https://www.sec.gov/Archives/edgar/data/940944/000119312508152760/0001193125-08-152760-index.htm",
    "finalLink": "https://www.sec.gov/Archives/edgar/data/940944/000119312508152760/d10k.htm"
  },
  {
    "date": "2007-05-27",
    "symbol": "DRI",
    "reportedCurrency": "USD",
    "cik": "0000940944",
    "fillingDate": "2007-07-19",
    "acceptedDate": "2007-07-19 17:08:40",
    "calendarYear": "2007",
    "period": "FY",
    "revenue": 5567100000,
    "costOfRevenue": 4258800000,
    "grossProfit": 1308300000,
    "grossProfitRatio": 0.2350056582,
    "researchAndDevelopmentExpenses": 0,
    "generalAndAdministrativeExpenses": 0,
    "sellingAndMarketingExpenses": 0,
    "sellingGeneralAndAdministrativeExpenses": 537000000,
    "otherExpenses": 200400000,
    "operatingExpenses": 737400000,
    "costAndExpenses": 4996200000,
    "interestIncome": 0,
    "interestExpense": 40700000,
    "depreciationAndAmortization": 202100000,
    "ebitda": 773000000,
    "ebitdaratio": 0.1388514667,
    "operatingIncome": 570900000,
    "operatingIncomeRatio": 0.1025489034,
    "totalOtherIncomeExpensesNet": -40100000,
    "incomeBeforeTax": 530800000,
    "incomeBeforeTaxRatio": 0.0953458713,
    "incomeTaxExpense": 153700000,
    "netIncome": 201400000,
    "netIncomeRatio": 0.0361768246,
    "eps": 1.4,
    "epsdiluted": 1.35,
    "weightedAverageShsOut": 143400000,
    "weightedAverageShsOutDil": 148800000,
    "link": "https://www.sec.gov/Archives/edgar/data/940944/000119312507158244/0001193125-07-158244-index.htm",
    "finalLink": "https://www.sec.gov/Archives/edgar/data/940944/000119312507158244/d10k.htm"
  },
  {
    "date": "2006-05-28",
    "symbol": "DRI",
    "reportedCurrency": "USD",
    "cik": "0000940944",
    "fillingDate": "2006-07-28",
    "acceptedDate": "2006-07-28 17:26:35",
    "calendarYear": "2006",
    "period": "FY",
    "revenue": 5353600000,
    "costOfRevenue": 4098500000,
    "grossProfit": 1255100000,
    "grossProfitRatio": 0.2344403766,
    "researchAndDevelopmentExpenses": 0,
    "generalAndAdministrativeExpenses": 0,
    "sellingAndMarketingExpenses": 0,
    "sellingGeneralAndAdministrativeExpenses": 506100000,
    "otherExpenses": 197000000,
    "operatingExpenses": 703100000,
    "costAndExpenses": 4801600000,
    "interestIncome": 0,
    "interestExpense": 47000000,
    "depreciationAndAmortization": 200000000,
    "ebitda": 752000000,
    "ebitdaratio": 0.1404662283,
    "operatingIncome": 552000000,
    "operatingIncomeRatio": 0.1031081889,
    "totalOtherIncomeExpensesNet": -43900000,
    "incomeBeforeTax": 508100000,
    "incomeBeforeTaxRatio": 0.0949080992,
    "incomeTaxExpense": 156300000,
    "netIncome": 338200000,
    "netIncomeRatio": 0.0631724447,
    "eps": 2.26,
    "epsdiluted": 2.16,
    "weightedAverageShsOut": 149700000,
    "weightedAverageShsOutDil": 156900000,
    "link": "https://www.sec.gov/Archives/edgar/data/940944/000094094406000099/0000940944-06-000099-index.htm",
    "finalLink": "https://www.sec.gov/Archives/edgar/data/940944/000094094406000099/form10k_2006.htm"
  },
  {
    "date": "2005-05-29",
    "symbol": "DRI",
    "reportedCurrency": "USD",
    "cik": "0000940944",
    "fillingDate": "2005-07-29",
    "acceptedDate": "2005-07-29 16:50:27",
    "calendarYear": "2005",
    "period": "FY",
    "revenue": 5278110000,
    "costOfRevenue": 4095828000,
    "grossProfit": 1182282000,
    "grossProfitRatio": 0.2239972263,
    "researchAndDevelopmentExpenses": 0,
    "generalAndAdministrativeExpenses": 0,
    "sellingAndMarketingExpenses": 0,
    "sellingGeneralAndAdministrativeExpenses": 497478000,
    "otherExpenses": 217768000,
    "operatingExpenses": 715246000,
    "costAndExpenses": 4811074000,
    "interestIncome": 0,
    "interestExpense": 44474000,
    "depreciationAndAmortization": 224260000,
    "ebitda": 695845000,
    "ebitdaratio": 0.1318360171,
    "operatingIncome": 467036000,
    "operatingIncomeRatio": 0.0884854617,
    "totalOtherIncomeExpensesNet": -43119000,
    "incomeBeforeTax": 423917000,
    "incomeBeforeTaxRatio": 0.0803160601,
    "incomeTaxExpense": 133311000,
    "netIncome": 290606000,
    "netIncomeRatio": 0.0550587237,
    "eps": 1.85,
    "epsdiluted": 1.78,
    "weightedAverageShsOut": 156700000,
    "weightedAverageShsOutDil": 163400000,
    "link": "https://www.sec.gov/Archives/edgar/data/940944/000094094405000153/0000940944-05-000153-index.htm",
    "finalLink": "https://www.sec.gov/Archives/edgar/data/940944/000094094405000153/form10k_72905.txt"
  },
  {
    "date": "2004-05-30",
    "symbol": "DRI",
    "reportedCurrency": "USD",
    "cik": "0000940944",
    "fillingDate": "2004-08-12",
    "acceptedDate": "2004-08-12 17:23:54",
    "calendarYear": "2004",
    "period": "FY",
    "revenue": 5003355000,
    "costOfRevenue": 3902939000,
    "grossProfit": 1100416000,
    "grossProfitRatio": 0.2199356232,
    "researchAndDevelopmentExpenses": 0,
    "generalAndAdministrativeExpenses": 0,
    "sellingAndMarketingExpenses": 0,
    "sellingGeneralAndAdministrativeExpenses": 472109000,
    "otherExpenses": 251872000,
    "operatingExpenses": 723981000,
    "costAndExpenses": 4626920000,
    "interestIncome": 0,
    "interestExpense": 0,
    "depreciationAndAmortization": 217603000,
    "ebitda": 635906000,
    "ebitdaratio": 0.1270959186,
    "operatingIncome": 376435000,
    "operatingIncomeRatio": 0.0752365163,
    "totalOtherIncomeExpensesNet": -43659000,
    "incomeBeforeTax": 332776000,
    "incomeBeforeTaxRatio": 0.0665105714,
    "incomeTaxExpense": 105603000,
    "netIncome": 227173000,
    "netIncomeRatio": 0.0454041338,
    "eps": 1.39,
    "epsdiluted": 1.34,
    "weightedAverageShsOut": 163500000,
    "weightedAverageShsOutDil": 169700000,
    "link": "https://www.sec.gov/Archives/edgar/data/940944/000094094404000109/0000940944-04-000109-index.htm",
    "finalLink": "https://www.sec.gov/Archives/edgar/data/940944/000094094404000109/fy04_10k.txt"
  },
  {
    "date": "2003-05-25",
    "symbol": "DRI",
    "reportedCurrency": "USD",
    "cik": "0000940944",
    "fillingDate": "2003-08-22",
    "acceptedDate": "2003-08-22 08:50:18",
    "calendarYear": "2003",
    "period": "FY",
    "revenue": 4654971000,
    "costOfRevenue": 3647907000,
    "grossProfit": 1007064000,
    "grossProfitRatio": 0.216341627,
    "researchAndDevelopmentExpenses": 0,
    "generalAndAdministrativeExpenses": 0,
    "sellingAndMarketingExpenses": 0,
    "sellingGeneralAndAdministrativeExpenses": 431722000,
    "otherExpenses": 195142000,
    "operatingExpenses": 626864000,
    "costAndExpenses": 4274771000,
    "interestIncome": 0,
    "interestExpense": 0,
    "depreciationAndAmortization": 198119000,
    "ebitda": 582243000,
    "ebitdaratio": 0.125079834,
    "operatingIncome": 380200000,
    "operatingIncomeRatio": 0.0816761264,
    "totalOtherIncomeExpensesNet": -42597000,
    "incomeBeforeTax": 337603000,
    "incomeBeforeTaxRatio": 0.0725252639,
    "incomeTaxExpense": 111624000,
    "netIncome": 225979000,
    "netIncomeRatio": 0.0485457374,
    "eps": 1.33,
    "epsdiluted": 1.27,
    "weightedAverageShsOut": 170300000,
    "weightedAverageShsOutDil": 177400000,
    "link": "https://www.sec.gov/Archives/edgar/data/940944/000094094403000176/0000940944-03-000176-index.htm",
    "finalLink": "https://www.sec.gov/Archives/edgar/data/940944/000094094403000176/fy03_10k.txt"
  },
  {
    "date": "2002-05-26",
    "symbol": "DRI",
    "reportedCurrency": "USD",
    "cik": "0000940944",
    "fillingDate": "2002-08-19",
    "acceptedDate": "2002-08-19 16:55:31",
    "calendarYear": "2002",
    "period": "FY",
    "revenue": 4366911000,
    "costOfRevenue": 3383607000,
    "grossProfit": 983304000,
    "grossProfitRatio": 0.2251715228,
    "researchAndDevelopmentExpenses": 0,
    "generalAndAdministrativeExpenses": 0,
    "sellingAndMarketingExpenses": 0,
    "sellingGeneralAndAdministrativeExpenses": 420149000,
    "otherExpenses": 163261000,
    "operatingExpenses": 583410000,
    "costAndExpenses": 3967017000,
    "interestIncome": 0,
    "interestExpense": 0,
    "depreciationAndAmortization": 173407000,
    "ebitda": 570733000,
    "ebitdaratio": 0.1306949008,
    "operatingIncome": 399894000,
    "operatingIncomeRatio": 0.0915736547,
    "totalOtherIncomeExpensesNet": -36585000,
    "incomeBeforeTax": 363309000,
    "incomeBeforeTaxRatio": 0.0831958792,
    "incomeTaxExpense": 125521000,
    "netIncome": 237788000,
    "netIncomeRatio": 0.0544522203,
    "eps": 1.36,
    "epsdiluted": 1.3,
    "weightedAverageShsOut": 174700000,
    "weightedAverageShsOutDil": 183500000,
    "link": "https://www.sec.gov/Archives/edgar/data/940944/000094094402000106/0000940944-02-000106-index.htm",
    "finalLink": "https://www.sec.gov/Archives/edgar/data/940944/000094094402000106/form10kfy02.txt"
  },
  {
    "date": "2001-05-27",
    "symbol": "DRI",
    "reportedCurrency": "USD",
    "cik": "0000940944",
    "fillingDate": "2001-08-16",
    "acceptedDate": "2001-08-16 00:00:00",
    "calendarYear": "2001",
    "period": "FY",
    "revenue": 3992419000,
    "costOfRevenue": 3124433000,
    "grossProfit": 867986000,
    "grossProfitRatio": 0.2174085435,
    "researchAndDevelopmentExpenses": 0,
    "generalAndAdministrativeExpenses": 0,
    "sellingAndMarketingExpenses": 0,
    "sellingGeneralAndAdministrativeExpenses": 389240000,
    "otherExpenses": 146864000,
    "operatingExpenses": 536104000,
    "costAndExpenses": 3660537000,
    "interestIncome": 0,
    "interestExpense": 0,
    "depreciationAndAmortization": 153895000,
    "ebitda": 485777000,
    "ebitdaratio": 0.1216748543,
    "operatingIncome": 331882000,
    "operatingIncomeRatio": 0.0831280484,
    "totalOtherIncomeExpensesNet": -30664000,
    "incomeBeforeTax": 301218000,
    "incomeBeforeTaxRatio": 0.0754474919,
    "incomeTaxExpense": 104218000,
    "netIncome": 197000000,
    "netIncomeRatio": 0.0493435183,
    "eps": 1.09,
    "epsdiluted": 1.06,
    "weightedAverageShsOut": 179610000,
    "weightedAverageShsOutDil": 185607000,
    "link": "https://www.sec.gov/Archives/edgar/data/940944/000094094401500072/0000940944-01-500072-index.htm",
    "finalLink": "https://www.sec.gov/Archives/edgar/data/940944/000094094401500072/form10k_052701.txt"
  },
  {
    "date": "2000-05-28",
    "symbol": "DRI",
    "reportedCurrency": "USD",
    "cik": "0000940944",
    "fillingDate": "2000-08-21",
    "acceptedDate": "2000-08-21 00:00:00",
    "calendarYear": "2000",
    "period": "FY",
    "revenue": 3675461000,
    "costOfRevenue": 2891592000,
    "grossProfit": 783869000,
    "grossProfitRatio": 0.2132709339,
    "researchAndDevelopmentExpenses": 0,
    "generalAndAdministrativeExpenses": 0,
    "sellingAndMarketingExpenses": 0,
    "sellingGeneralAndAdministrativeExpenses": 363041000,
    "otherExpenses": 124533000,
    "operatingExpenses": 487574000,
    "costAndExpenses": 3379166000,
    "interestIncome": 0,
    "interestExpense": 0,
    "depreciationAndAmortization": 136359000,
    "ebitda": 426723000,
    "ebitdaratio": 0.1161005381,
    "operatingIncome": 296295000,
    "operatingIncomeRatio": 0.0806143774,
    "totalOtherIncomeExpensesNet": -22388000,
    "incomeBeforeTax": 273907000,
    "incomeBeforeTaxRatio": 0.0745231687,
    "incomeTaxExpense": 97202000,
    "netIncome": 176705000,
    "netIncomeRatio": 0.0480769623,
    "eps": 0.92,
    "epsdiluted": 0.89,
    "weightedAverageShsOut": 192654000,
    "weightedAverageShsOutDil": 197751000,
    "link": "https://www.sec.gov/Archives/edgar/data/940944/000094094400000118/0000940944-00-000118-index.htm",
    "finalLink": "https://www.sec.gov/Archives/edgar/data/940944/000094094400000118/0000940944-00-000118-0001.txt"
  },
  {
    "date": "1999-05-30",
    "symbol": "DRI",
    "reportedCurrency": "USD",
    "cik": "0000940944",
    "fillingDate": "1999-08-23",
    "acceptedDate": "1999-08-23 00:00:00",
    "calendarYear": "1999",
    "period": "FY",
    "revenue": 3458100000,
    "costOfRevenue": 2740000000,
    "grossProfit": 718100000,
    "grossProfitRatio": 0.2076573841,
    "researchAndDevelopmentExpenses": 0,
    "generalAndAdministrativeExpenses": 0,
    "sellingAndMarketingExpenses": 0,
    "sellingGeneralAndAdministrativeExpenses": 360900000,
    "otherExpenses": 130200000,
    "operatingExpenses": 491100000,
    "costAndExpenses": 3231100000,
    "interestIncome": 0,
    "interestExpense": 0,
    "depreciationAndAmortization": 130200000,
    "ebitda": 357200000,
    "ebitdaratio": 0.1032937162,
    "operatingIncome": 227000000,
    "operatingIncomeRatio": 0.0656429831,
    "totalOtherIncomeExpensesNet": -11200000,
    "incomeBeforeTax": 215800000,
    "incomeBeforeTaxRatio": 0.0624042104,
    "incomeTaxExpense": 75300000,
    "netIncome": 140500000,
    "netIncomeRatio": 0.0406292473,
    "eps": 0.68,
    "epsdiluted": 0.66,
    "weightedAverageShsOut": 206514000,
    "weightedAverageShsOutDil": 212772000,
    "link": "https://www.sec.gov/Archives/edgar/data/940944/000094094499000079/0000940944-99-000079-index.html",
    "finalLink": "https://www.sec.gov/Archives/edgar/data/940944/000094094499000079/"
  },
  {
    "date": "1998-05-31",
    "symbol": "DRI",
    "reportedCurrency": "USD",
    "cik": "0000940944",
    "fillingDate": "1998-08-20",
    "acceptedDate": "1998-08-20 00:00:00",
    "calendarYear": "1998",
    "period": "FY",
    "revenue": 3287017000,
    "costOfRevenue": 2623700000,
    "grossProfit": 663317000,
    "grossProfitRatio": 0.201799078,
    "researchAndDevelopmentExpenses": 0,
    "generalAndAdministrativeExpenses": 0,
    "sellingAndMarketingExpenses": 0,
    "sellingGeneralAndAdministrativeExpenses": 358500000,
    "otherExpenses": 131000000,
    "operatingExpenses": 489500000,
    "costAndExpenses": 3113200000,
    "interestIncome": 0,
    "interestExpense": 0,
    "depreciationAndAmortization": 131000000,
    "ebitda": 304817000,
    "ebitdaratio": 0.0927336244,
    "operatingIncome": 173817000,
    "operatingIncomeRatio": 0.0528798604,
    "totalOtherIncomeExpensesNet": -20117000,
    "incomeBeforeTax": 153700000,
    "incomeBeforeTaxRatio": 0.0467597217,
    "incomeTaxExpense": 52000000,
    "netIncome": 101700000,
    "netIncomeRatio": 0.0309399069,
    "eps": 0.46,
    "epsdiluted": 0.45,
    "weightedAverageShsOut": 222500000,
    "weightedAverageShsOutDil": 227100000,
    "link": "https://www.sec.gov/Archives/edgar/data/940944/000094094498000067/0000940944-98-000067-index.html",
    "finalLink": "https://www.sec.gov/Archives/edgar/data/940944/"
  },
  {
    "date": "1997-05-25",
    "symbol": "DRI",
    "reportedCurrency": "USD",
    "cik": "0000940944",
    "fillingDate": "1997-08-15",
    "acceptedDate": "1997-08-15 00:00:00",
    "calendarYear": "1997",
    "period": "FY",
    "revenue": 3171800000,
    "costOfRevenue": 2572200000,
    "grossProfit": 599600000,
    "grossProfitRatio": 0.1890409231,
    "researchAndDevelopmentExpenses": 0,
    "generalAndAdministrativeExpenses": 0,
    "sellingAndMarketingExpenses": 0,
    "sellingGeneralAndAdministrativeExpenses": 361300000,
    "otherExpenses": 140700000,
    "operatingExpenses": 502000000,
    "costAndExpenses": 3074200000,
    "interestIncome": 0,
    "interestExpense": 0,
    "depreciationAndAmortization": 140700000,
    "ebitda": 238300000,
    "ebitdaratio": 0.0751308405,
    "operatingIncome": 97600000,
    "operatingIncomeRatio": 0.0307711709,
    "totalOtherIncomeExpensesNet": -252100000,
    "incomeBeforeTax": -154500000,
    "incomeBeforeTaxRatio": -0.0487105114,
    "incomeTaxExpense": -63500000,
    "netIncome": -91000000,
    "netIncomeRatio": -0.0286903336,
    "eps": -0.39,
    "epsdiluted": -0.39,
    "weightedAverageShsOut": 231240000,
    "weightedAverageShsOutDil": 231240000,
    "link": "https://www.sec.gov/Archives/edgar/data/940944/000094094497000096/0000940944-97-000096-index.html",
    "finalLink": "https://www.sec.gov/Archives/edgar/data/940944/"
  },
  {
    "date": "1996-05-26",
    "symbol": "DRI",
    "reportedCurrency": "USD",
    "cik": "0000940944",
    "fillingDate": "1996-08-16",
    "acceptedDate": "1996-08-16 00:00:00",
    "calendarYear": "1996",
    "period": "FY",
    "revenue": 3191800000,
    "costOfRevenue": 2471200000,
    "grossProfit": 720600000,
    "grossProfitRatio": 0.2257660254,
    "researchAndDevelopmentExpenses": 0,
    "generalAndAdministrativeExpenses": 0,
    "sellingAndMarketingExpenses": 0,
    "sellingGeneralAndAdministrativeExpenses": 373900000,
    "otherExpenses": 136500000,
    "operatingExpenses": 510400000,
    "costAndExpenses": 2981600000,
    "interestIncome": 0,
    "interestExpense": 0,
    "depreciationAndAmortization": 136500000,
    "ebitda": 346700000,
    "ebitdaratio": 0.1086220941,
    "operatingIncome": 210200000,
    "operatingIncomeRatio": 0.0658562567,
    "totalOtherIncomeExpensesNet": -96400000,
    "incomeBeforeTax": 113800000,
    "incomeBeforeTaxRatio": 0.035653863,
    "incomeTaxExpense": 39400000,
    "netIncome": 74400000,
    "netIncomeRatio": 0.0233097312,
    "eps": 0.31,
    "epsdiluted": 0.31,
    "weightedAverageShsOut": 237931000,
    "weightedAverageShsOutDil": 237931000,
    "link": "https://www.sec.gov/Archives/edgar/data/940944/000094094496000018/0000940944-96-000018-index.html",
    "finalLink": "https://www.sec.gov/Archives/edgar/data/940944/0000940944-96-000018.txt"
  },
  {
    "date": "1995-05-31",
    "symbol": "DRI",
    "reportedCurrency": "USD",
    "cik": "0000940944",
    "fillingDate": "1995-05-31",
    "acceptedDate": "1995-05-31 00:00:00",
    "calendarYear": "1995",
    "period": "FY",
    "revenue": 3163300000,
    "costOfRevenue": 2495800000,
    "grossProfit": 667500000,
    "grossProfitRatio": 0.2110138147,
    "researchAndDevelopmentExpenses": 0,
    "generalAndAdministrativeExpenses": 0,
    "sellingAndMarketingExpenses": 0,
    "sellingGeneralAndAdministrativeExpenses": 345900000,
    "otherExpenses": 135500000,
    "operatingExpenses": 481400000,
    "costAndExpenses": 2977200000,
    "interestIncome": 0,
    "interestExpense": 0,
    "depreciationAndAmortization": 135500000,
    "ebitda": 321600000,
    "ebitdaratio": 0.1016659817,
    "operatingIncome": 186100000,
    "operatingIncomeRatio": 0.0588309677,
    "totalOtherIncomeExpensesNet": -121000000,
    "incomeBeforeTax": 65100000,
    "incomeBeforeTaxRatio": 0.0205797743,
    "incomeTaxExpense": 12700000,
    "netIncome": 52400000,
    "netIncomeRatio": 0.0165649796,
    "eps": 0.22,
    "epsdiluted": 0.22,
    "weightedAverageShsOut": 236882000,
    "weightedAverageShsOutDil": 236882000,
    "link": null,
    "finalLink": null
  }
]