[
  {
    "date": "2025-06-30",
    "symbol": "DTE",
    "reportedCurrency": "USD",
    "cik": "0000936340",
    "fillingDate": "2025-07-29",
    "acceptedDate": "2025-07-29 11:06:28",
    "calendarYear": "2025",
    "period": "Q2",
    "revenue": 3419000000,
    "costOfRevenue": 2415000000,
    "grossProfit": 1004000000,
    "grossProfitRatio": 0.2936531149,
    "researchAndDevelopmentExpenses": 0,
    "generalAndAdministrativeExpenses": 0,
    "sellingAndMarketingExpenses": 0,
    "sellingGeneralAndAdministrativeExpenses": 0,
    "otherExpenses": 577000000,
    "operatingExpenses": 577000000,
    "costAndExpenses": 2992000000,
    "interestIncome": 25000000,
    "interestExpense": 256000000,
    "depreciationAndAmortization": 484000000,
    "ebitda": 970000000,
    "ebitdaratio": 0.2837086868,
    "operatingIncome": 427000000,
    "operatingIncomeRatio": 0.1248903188,
    "totalOtherIncomeExpensesNet": -197000000,
    "incomeBeforeTax": 230000000,
    "incomeBeforeTaxRatio": 0.0672711319,
    "incomeTaxExpense": 1000000,
    "netIncome": 229000000,
    "netIncomeRatio": 0.0669786487,
    "eps": 1.1,
    "epsdiluted": 1.1,
    "weightedAverageShsOut": 207000000,
    "weightedAverageShsOutDil": 207000000,
    "link": "https://www.sec.gov/Archives/edgar/data/936340/000093634025000182/0000936340-25-000182-index.htm",
    "finalLink": "https://www.sec.gov/Archives/edgar/data/28385/000093634025000182/dte-20250630.htm"
  },
  {
    "date": "2025-03-31",
    "symbol": "DTE",
    "reportedCurrency": "USD",
    "cik": "0000936340",
    "fillingDate": "2025-05-01",
    "acceptedDate": "2025-05-01 10:12:36",
    "calendarYear": "2025",
    "period": "Q1",
    "revenue": 4440000000,
    "costOfRevenue": 3227000000,
    "grossProfit": 1213000000,
    "grossProfitRatio": 0.2731981982,
    "researchAndDevelopmentExpenses": 0,
    "generalAndAdministrativeExpenses": 0,
    "sellingAndMarketingExpenses": 0,
    "sellingGeneralAndAdministrativeExpenses": 0,
    "otherExpenses": 589000000,
    "operatingExpenses": 589000000,
    "costAndExpenses": 3816000000,
    "interestIncome": 23000000,
    "interestExpense": 250000000,
    "depreciationAndAmortization": 452000000,
    "ebitda": 1129000000,
    "ebitdaratio": 0.2542792793,
    "operatingIncome": 624000000,
    "operatingIncomeRatio": 0.1405405405,
    "totalOtherIncomeExpensesNet": -197000000,
    "incomeBeforeTax": 427000000,
    "incomeBeforeTaxRatio": 0.0961711712,
    "incomeTaxExpense": -18000000,
    "netIncome": 445000000,
    "netIncomeRatio": 0.1002252252,
    "eps": 2.14,
    "epsdiluted": 2.14,
    "weightedAverageShsOut": 207000000,
    "weightedAverageShsOutDil": 207000000,
    "link": "https://www.sec.gov/Archives/edgar/data/936340/000093634025000097/0000936340-25-000097-index.htm",
    "finalLink": "https://www.sec.gov/Archives/edgar/data/28385/000093634025000097/dte-20250331.htm"
  },
  {
    "date": "2024-12-31",
    "symbol": "DTE",
    "reportedCurrency": "USD",
    "cik": "0000936340",
    "fillingDate": "2025-02-13",
    "acceptedDate": "2025-02-13 13:35:06",
    "calendarYear": "2024",
    "period": "Q4",
    "revenue": 3436000000,
    "costOfRevenue": 2285000000,
    "grossProfit": 1151000000,
    "grossProfitRatio": 0.3349825378,
    "researchAndDevelopmentExpenses": 0,
    "generalAndAdministrativeExpenses": 0,
    "sellingAndMarketingExpenses": 0,
    "sellingGeneralAndAdministrativeExpenses": 0,
    "otherExpenses": 596000000,
    "operatingExpenses": 596000000,
    "costAndExpenses": 2881000000,
    "interestIncome": 34000000,
    "interestExpense": 248000000,
    "depreciationAndAmortization": 444000000,
    "ebitda": 1014000000,
    "ebitdaratio": 0.2951105937,
    "operatingIncome": 555000000,
    "operatingIncomeRatio": 0.1615250291,
    "totalOtherIncomeExpensesNet": -233000000,
    "incomeBeforeTax": 322000000,
    "incomeBeforeTaxRatio": 0.0937136205,
    "incomeTaxExpense": 30000000,
    "netIncome": 292000000,
    "netIncomeRatio": 0.0849825378,
    "eps": 1.41,
    "epsdiluted": 1.41,
    "weightedAverageShsOut": 207171582,
    "weightedAverageShsOutDil": 207171582,
    "link": "https://www.sec.gov/Archives/edgar/data/936340/000093634025000065/0000936340-25-000065-index.htm",
    "finalLink": "https://www.sec.gov/Archives/edgar/data/28385/000093634025000065/dte-20241231.htm"
  },
  {
    "date": "2024-09-30",
    "symbol": "DTE",
    "reportedCurrency": "USD",
    "cik": "0000936340",
    "fillingDate": "2024-10-24",
    "acceptedDate": "2024-10-24 10:23:59",
    "calendarYear": "2024",
    "period": "Q3",
    "revenue": 2906000000,
    "costOfRevenue": 1832000000,
    "grossProfit": 1074000000,
    "grossProfitRatio": 0.3695801789,
    "researchAndDevelopmentExpenses": 0,
    "generalAndAdministrativeExpenses": 0,
    "sellingAndMarketingExpenses": 0,
    "sellingGeneralAndAdministrativeExpenses": 0,
    "otherExpenses": 557000000,
    "operatingExpenses": 557000000,
    "costAndExpenses": 2389000000,
    "interestIncome": 48000000,
    "interestExpense": 252000000,
    "depreciationAndAmortization": 438000000,
    "ebitda": 1046000000,
    "ebitdaratio": 0.3599449415,
    "operatingIncome": 517000000,
    "operatingIncomeRatio": 0.177907777,
    "totalOtherIncomeExpensesNet": -161000000,
    "incomeBeforeTax": 356000000,
    "incomeBeforeTaxRatio": 0.1225051617,
    "incomeTaxExpense": -121000000,
    "netIncome": 477000000,
    "netIncomeRatio": 0.1641431521,
    "eps": 2.29,
    "epsdiluted": 2.3,
    "weightedAverageShsOut": 207000000,
    "weightedAverageShsOutDil": 207000000,
    "link": "https://www.sec.gov/Archives/edgar/data/936340/000093634024000198/0000936340-24-000198-index.htm",
    "finalLink": "https://www.sec.gov/Archives/edgar/data/28385/000093634024000198/dte-20240930.htm"
  },
  {
    "date": "2024-06-30",
    "symbol": "DTE",
    "reportedCurrency": "USD",
    "cik": "0000936340",
    "fillingDate": "2024-07-25",
    "acceptedDate": "2024-07-25 09:37:18",
    "calendarYear": "2024",
    "period": "Q2",
    "revenue": 2875000000,
    "costOfRevenue": 1823000000,
    "grossProfit": 1052000000,
    "grossProfitRatio": 0.3659130435,
    "researchAndDevelopmentExpenses": 0,
    "generalAndAdministrativeExpenses": 0,
    "sellingAndMarketingExpenses": 0,
    "sellingGeneralAndAdministrativeExpenses": 0,
    "otherExpenses": 550000000,
    "operatingExpenses": 550000000,
    "costAndExpenses": 2373000000,
    "interestIncome": 36000000,
    "interestExpense": 233000000,
    "depreciationAndAmortization": 448000000,
    "ebitda": 1039000000,
    "ebitdaratio": 0.3613913043,
    "operatingIncome": 502000000,
    "operatingIncomeRatio": 0.1746086957,
    "totalOtherIncomeExpensesNet": -144000000,
    "incomeBeforeTax": 358000000,
    "incomeBeforeTaxRatio": 0.1245217391,
    "incomeTaxExpense": 36000000,
    "netIncome": 322000000,
    "netIncomeRatio": 0.112,
    "eps": 1.56,
    "epsdiluted": 1.56,
    "weightedAverageShsOut": 207000000,
    "weightedAverageShsOutDil": 207000000,
    "link": "https://www.sec.gov/Archives/edgar/data/936340/000093634024000178/0000936340-24-000178-index.htm",
    "finalLink": "https://www.sec.gov/Archives/edgar/data/28385/000093634024000178/dte-20240630.htm"
  },
  {
    "date": "2024-03-31",
    "symbol": "DTE",
    "reportedCurrency": "USD",
    "cik": "0000936340",
    "fillingDate": "2024-04-25",
    "acceptedDate": "2024-04-25 09:29:26",
    "calendarYear": "2024",
    "period": "Q1",
    "revenue": 3240000000,
    "costOfRevenue": 2179000000,
    "grossProfit": 1061000000,
    "grossProfitRatio": 0.3274691358,
    "researchAndDevelopmentExpenses": 0,
    "generalAndAdministrativeExpenses": 0,
    "sellingAndMarketingExpenses": 0,
    "sellingGeneralAndAdministrativeExpenses": 0,
    "otherExpenses": 544000000,
    "operatingExpenses": 544000000,
    "costAndExpenses": 2723000000,
    "interestIncome": 18000000,
    "interestExpense": 218000000,
    "depreciationAndAmortization": 423000000,
    "ebitda": 975000000,
    "ebitdaratio": 0.3009259259,
    "operatingIncome": 517000000,
    "operatingIncomeRatio": 0.1595679012,
    "totalOtherIncomeExpensesNet": -183000000,
    "incomeBeforeTax": 334000000,
    "incomeBeforeTaxRatio": 0.1030864198,
    "incomeTaxExpense": 21000000,
    "netIncome": 313000000,
    "netIncomeRatio": 0.0966049383,
    "eps": 1.51,
    "epsdiluted": 1.51,
    "weightedAverageShsOut": 206000000,
    "weightedAverageShsOutDil": 207000000,
    "link": "https://www.sec.gov/Archives/edgar/data/936340/000093634024000116/0000936340-24-000116-index.htm",
    "finalLink": "https://www.sec.gov/Archives/edgar/data/28385/000093634024000116/dte-20240331.htm"
  },
  {
    "date": "2023-12-31",
    "symbol": "DTE",
    "reportedCurrency": "USD",
    "cik": "0000936340",
    "fillingDate": "2024-02-08",
    "acceptedDate": "2024-02-08 10:49:21",
    "calendarYear": "2023",
    "period": "Q4",
    "revenue": 3394000000,
    "costOfRevenue": 2178000000,
    "grossProfit": 1216000000,
    "grossProfitRatio": 0.3582793164,
    "researchAndDevelopmentExpenses": 0,
    "generalAndAdministrativeExpenses": 0,
    "sellingAndMarketingExpenses": 0,
    "sellingGeneralAndAdministrativeExpenses": 0,
    "otherExpenses": 560000000,
    "operatingExpenses": 560000000,
    "costAndExpenses": 2738000000,
    "interestIncome": 12000000,
    "interestExpense": 208000000,
    "depreciationAndAmortization": 421000000,
    "ebitda": 1111000000,
    "ebitdaratio": 0.3273423689,
    "operatingIncome": 656000000,
    "operatingIncomeRatio": 0.1932822628,
    "totalOtherIncomeExpensesNet": -174000000,
    "incomeBeforeTax": 482000000,
    "incomeBeforeTaxRatio": 0.1420153212,
    "incomeTaxExpense": 63000000,
    "netIncome": 419000000,
    "netIncomeRatio": 0.1234531526,
    "eps": 2.03,
    "epsdiluted": 2.03,
    "weightedAverageShsOut": 206357070,
    "weightedAverageShsOutDil": 206357070,
    "link": "https://www.sec.gov/Archives/edgar/data/936340/000093634024000076/0000936340-24-000076-index.htm",
    "finalLink": "https://www.sec.gov/Archives/edgar/data/28385/000093634024000076/dte-20231231.htm"
  },
  {
    "date": "2023-09-30",
    "symbol": "DTE",
    "reportedCurrency": "USD",
    "cik": "0000936340",
    "fillingDate": "2023-11-01",
    "acceptedDate": "2023-11-01 13:39:11",
    "calendarYear": "2023",
    "period": "Q3",
    "revenue": 2888000000,
    "costOfRevenue": 1844000000,
    "grossProfit": 1044000000,
    "grossProfitRatio": 0.3614958449,
    "researchAndDevelopmentExpenses": 0,
    "generalAndAdministrativeExpenses": 1000000,
    "sellingAndMarketingExpenses": 0,
    "sellingGeneralAndAdministrativeExpenses": 1000000,
    "otherExpenses": 505000000,
    "operatingExpenses": 506000000,
    "costAndExpenses": 2350000000,
    "interestIncome": 15000000,
    "interestExpense": 200000000,
    "depreciationAndAmortization": 416000000,
    "ebitda": 970000000,
    "ebitdaratio": 0.3358725762,
    "operatingIncome": 538000000,
    "operatingIncomeRatio": 0.1862880886,
    "totalOtherIncomeExpensesNet": -184000000,
    "incomeBeforeTax": 354000000,
    "incomeBeforeTaxRatio": 0.1225761773,
    "incomeTaxExpense": 22000000,
    "netIncome": 332000000,
    "netIncomeRatio": 0.1149584488,
    "eps": 1.61,
    "epsdiluted": 1.61,
    "weightedAverageShsOut": 206000000,
    "weightedAverageShsOutDil": 206000000,
    "link": "https://www.sec.gov/Archives/edgar/data/936340/000093634023000189/0000936340-23-000189-index.htm",
    "finalLink": "https://www.sec.gov/Archives/edgar/data/28385/000093634023000189/dte-20230930.htm"
  },
  {
    "date": "2023-06-30",
    "symbol": "DTE",
    "reportedCurrency": "USD",
    "cik": "0000936340",
    "fillingDate": "2023-07-27",
    "acceptedDate": "2023-07-27 10:18:57",
    "calendarYear": "2023",
    "period": "Q2",
    "revenue": 2684000000,
    "costOfRevenue": 1775000000,
    "grossProfit": 909000000,
    "grossProfitRatio": 0.3386736215,
    "researchAndDevelopmentExpenses": 0,
    "generalAndAdministrativeExpenses": 5000000,
    "sellingAndMarketingExpenses": 0,
    "sellingGeneralAndAdministrativeExpenses": 5000000,
    "otherExpenses": 507000000,
    "operatingExpenses": 512000000,
    "costAndExpenses": 2287000000,
    "interestIncome": 13000000,
    "interestExpense": 192000000,
    "depreciationAndAmortization": 427000000,
    "ebitda": 854000000,
    "ebitdaratio": 0.3181818182,
    "operatingIncome": 397000000,
    "operatingIncomeRatio": 0.1479135618,
    "totalOtherIncomeExpensesNet": -162000000,
    "incomeBeforeTax": 235000000,
    "incomeBeforeTaxRatio": 0.0875558867,
    "incomeTaxExpense": 34000000,
    "netIncome": 201000000,
    "netIncomeRatio": 0.0748882265,
    "eps": 0.97,
    "epsdiluted": 0.97,
    "weightedAverageShsOut": 206000000,
    "weightedAverageShsOutDil": 206000000,
    "link": "https://www.sec.gov/Archives/edgar/data/936340/000093634023000169/0000936340-23-000169-index.htm",
    "finalLink": "https://www.sec.gov/Archives/edgar/data/28385/000093634023000169/dte-20230630.htm"
  },
  {
    "date": "2023-03-31",
    "symbol": "DTE",
    "reportedCurrency": "USD",
    "cik": "0000936340",
    "fillingDate": "2023-04-27",
    "acceptedDate": "2023-04-27 09:06:35",
    "calendarYear": "2023",
    "period": "Q1",
    "revenue": 3779000000,
    "costOfRevenue": 2621000000,
    "grossProfit": 1158000000,
    "grossProfitRatio": 0.3064302726,
    "researchAndDevelopmentExpenses": 0,
    "generalAndAdministrativeExpenses": 3000000,
    "sellingAndMarketingExpenses": 0,
    "sellingGeneralAndAdministrativeExpenses": 3000000,
    "otherExpenses": 503000000,
    "operatingExpenses": 506000000,
    "costAndExpenses": 3127000000,
    "interestIncome": 17000000,
    "interestExpense": 191000000,
    "depreciationAndAmortization": 385000000,
    "ebitda": 1071000000,
    "ebitdaratio": 0.2834083091,
    "operatingIncome": 652000000,
    "operatingIncomeRatio": 0.172532416,
    "totalOtherIncomeExpensesNet": -157000000,
    "incomeBeforeTax": 495000000,
    "incomeBeforeTaxRatio": 0.1309870336,
    "incomeTaxExpense": 50000000,
    "netIncome": 445000000,
    "netIncomeRatio": 0.1177560201,
    "eps": 2.16,
    "epsdiluted": 2.16,
    "weightedAverageShsOut": 206000000,
    "weightedAverageShsOutDil": 206000000,
    "link": "https://www.sec.gov/Archives/edgar/data/936340/000093634023000101/0000936340-23-000101-index.htm",
    "finalLink": "https://www.sec.gov/Archives/edgar/data/28385/000093634023000101/dte-20230331.htm"
  },
  {
    "date": "2022-12-31",
    "symbol": "DTE",
    "reportedCurrency": "USD",
    "cik": "0000936340",
    "fillingDate": "2023-02-23",
    "acceptedDate": "2023-02-23 15:36:32",
    "calendarYear": "2022",
    "period": "Q4",
    "revenue": 4476000000,
    "costOfRevenue": 3532000000,
    "grossProfit": 944000000,
    "grossProfitRatio": 0.2109025916,
    "researchAndDevelopmentExpenses": 0,
    "generalAndAdministrativeExpenses": 12000000,
    "sellingAndMarketingExpenses": 0,
    "sellingGeneralAndAdministrativeExpenses": 12000000,
    "otherExpenses": 470000000,
    "operatingExpenses": 482000000,
    "costAndExpenses": 4014000000,
    "interestIncome": 20000000,
    "interestExpense": 189000000,
    "depreciationAndAmortization": 391000000,
    "ebitda": 874000000,
    "ebitdaratio": 0.1952636282,
    "operatingIncome": 462000000,
    "operatingIncomeRatio": 0.1032171582,
    "totalOtherIncomeExpensesNet": -168000000,
    "incomeBeforeTax": 294000000,
    "incomeBeforeTaxRatio": 0.0656836461,
    "incomeTaxExpense": 29000000,
    "netIncome": 265000000,
    "netIncomeRatio": 0.059204647,
    "eps": 1.36,
    "epsdiluted": 1.35,
    "weightedAverageShsOut": 201862928,
    "weightedAverageShsOutDil": 202451113,
    "link": "https://www.sec.gov/Archives/edgar/data/936340/000093634023000073/0000936340-23-000073-index.htm",
    "finalLink": "https://www.sec.gov/Archives/edgar/data/28385/000093634023000073/dte-20221231.htm"
  },
  {
    "date": "2022-09-30",
    "symbol": "DTE",
    "reportedCurrency": "USD",
    "cik": "0000936340",
    "fillingDate": "2022-10-27",
    "acceptedDate": "2022-10-27 09:12:38",
    "calendarYear": "2022",
    "period": "Q3",
    "revenue": 5251000000,
    "costOfRevenue": 4225000000,
    "grossProfit": 1026000000,
    "grossProfitRatio": 0.195391354,
    "researchAndDevelopmentExpenses": 0,
    "generalAndAdministrativeExpenses": 0,
    "sellingAndMarketingExpenses": 0,
    "sellingGeneralAndAdministrativeExpenses": -5000000,
    "otherExpenses": 486000000,
    "operatingExpenses": 481000000,
    "costAndExpenses": 4706000000,
    "interestIncome": 10000000,
    "interestExpense": 171000000,
    "depreciationAndAmortization": 384000000,
    "ebitda": 948000000,
    "ebitdaratio": 0.1805370406,
    "operatingIncome": 545000000,
    "operatingIncomeRatio": 0.1037897543,
    "totalOtherIncomeExpensesNet": -152000000,
    "incomeBeforeTax": 393000000,
    "incomeBeforeTaxRatio": 0.0748428871,
    "incomeTaxExpense": 6000000,
    "netIncome": 387000000,
    "netIncomeRatio": 0.0737002476,
    "eps": 2,
    "epsdiluted": 1.99,
    "weightedAverageShsOut": 193000000,
    "weightedAverageShsOutDil": 194000000,
    "link": "https://www.sec.gov/Archives/edgar/data/936340/000093634022000205/0000936340-22-000205-index.htm",
    "finalLink": "https://www.sec.gov/Archives/edgar/data/28385/000093634022000205/dte-20220930.htm"
  },
  {
    "date": "2022-06-30",
    "symbol": "DTE",
    "reportedCurrency": "USD",
    "cik": "0000936340",
    "fillingDate": "2022-07-28",
    "acceptedDate": "2022-07-28 09:26:52",
    "calendarYear": "2022",
    "period": "Q2",
    "revenue": 4924000000,
    "costOfRevenue": 4265000000,
    "grossProfit": 659000000,
    "grossProfitRatio": 0.1338342811,
    "researchAndDevelopmentExpenses": 0,
    "generalAndAdministrativeExpenses": 0,
    "sellingAndMarketingExpenses": 0,
    "sellingGeneralAndAdministrativeExpenses": -5000000,
    "otherExpenses": 481000000,
    "operatingExpenses": 476000000,
    "costAndExpenses": 4741000000,
    "interestIncome": 8000000,
    "interestExpense": 161000000,
    "depreciationAndAmortization": 377000000,
    "ebitda": 553000000,
    "ebitdaratio": 0.1123070674,
    "operatingIncome": 183000000,
    "operatingIncomeRatio": 0.0371649066,
    "totalOtherIncomeExpensesNet": -168000000,
    "incomeBeforeTax": 15000000,
    "incomeBeforeTaxRatio": 0.0030463038,
    "incomeTaxExpense": -22000000,
    "netIncome": 37000000,
    "netIncomeRatio": 0.0075142161,
    "eps": 0.19,
    "epsdiluted": 0.19,
    "weightedAverageShsOut": 193000000,
    "weightedAverageShsOutDil": 194000000,
    "link": "https://www.sec.gov/Archives/edgar/data/936340/000093634022000177/0000936340-22-000177-index.htm",
    "finalLink": "https://www.sec.gov/Archives/edgar/data/28385/000093634022000177/dte-20220630.htm"
  },
  {
    "date": "2022-03-31",
    "symbol": "DTE",
    "reportedCurrency": "USD",
    "cik": "0000936340",
    "fillingDate": "2022-04-28",
    "acceptedDate": "2022-04-28 10:33:03",
    "calendarYear": "2022",
    "period": "Q1",
    "revenue": 4577000000,
    "costOfRevenue": 3538000000,
    "grossProfit": 1039000000,
    "grossProfitRatio": 0.2270045882,
    "researchAndDevelopmentExpenses": 0,
    "generalAndAdministrativeExpenses": 0,
    "sellingAndMarketingExpenses": 0,
    "sellingGeneralAndAdministrativeExpenses": -3000000,
    "otherExpenses": 484000000,
    "operatingExpenses": 481000000,
    "costAndExpenses": 4019000000,
    "interestIncome": 8000000,
    "interestExpense": 154000000,
    "depreciationAndAmortization": 358000000,
    "ebitda": 922000000,
    "ebitdaratio": 0.2014419926,
    "operatingIncome": 558000000,
    "operatingIncomeRatio": 0.1219139174,
    "totalOtherIncomeExpensesNet": -148000000,
    "incomeBeforeTax": 410000000,
    "incomeBeforeTaxRatio": 0.0895783264,
    "incomeTaxExpense": 16000000,
    "netIncome": 394000000,
    "netIncomeRatio": 0.0860825868,
    "eps": 2.03,
    "epsdiluted": 2.03,
    "weightedAverageShsOut": 193000000,
    "weightedAverageShsOutDil": 194000000,
    "link": "https://www.sec.gov/Archives/edgar/data/936340/000093634022000123/0000936340-22-000123-index.htm",
    "finalLink": "https://www.sec.gov/Archives/edgar/data/28385/000093634022000123/dte-20220331.htm"
  },
  {
    "date": "2021-12-31",
    "symbol": "DTE",
    "reportedCurrency": "USD",
    "cik": "0000936340",
    "fillingDate": "2022-02-10",
    "acceptedDate": "2022-02-10 10:57:57",
    "calendarYear": "2021",
    "period": "Q4",
    "revenue": 4647000000,
    "costOfRevenue": 3759000000,
    "grossProfit": 888000000,
    "grossProfitRatio": 0.1910910265,
    "researchAndDevelopmentExpenses": 0,
    "generalAndAdministrativeExpenses": 0,
    "sellingAndMarketingExpenses": 0,
    "sellingGeneralAndAdministrativeExpenses": 7000000,
    "otherExpenses": 466000000,
    "operatingExpenses": 473000000,
    "costAndExpenses": 4232000000,
    "interestIncome": 6000000,
    "interestExpense": 153000000,
    "depreciationAndAmortization": 367000000,
    "ebitda": 814000000,
    "ebitdaratio": 0.1751667743,
    "operatingIncome": 415000000,
    "operatingIncomeRatio": 0.0893049279,
    "totalOtherIncomeExpensesNet": -121000000,
    "incomeBeforeTax": 294000000,
    "incomeBeforeTaxRatio": 0.0632666236,
    "incomeTaxExpense": -6000000,
    "netIncome": 306000000,
    "netIncomeRatio": 0.0658489348,
    "eps": 1.55,
    "epsdiluted": 1.55,
    "weightedAverageShsOut": 197419354,
    "weightedAverageShsOutDil": 197419354,
    "link": "https://www.sec.gov/Archives/edgar/data/936340/000093634022000077/0000936340-22-000077-index.htm",
    "finalLink": "https://www.sec.gov/Archives/edgar/data/28385/000093634022000077/dte-20211231.htm"
  },
  {
    "date": "2021-09-30",
    "symbol": "DTE",
    "reportedCurrency": "USD",
    "cik": "0000936340",
    "fillingDate": "2021-10-27",
    "acceptedDate": "2021-10-27 10:12:27",
    "calendarYear": "2021",
    "period": "Q3",
    "revenue": 3715000000,
    "costOfRevenue": 2858000000,
    "grossProfit": 857000000,
    "grossProfitRatio": 0.2306864065,
    "researchAndDevelopmentExpenses": 0,
    "generalAndAdministrativeExpenses": 0,
    "sellingAndMarketingExpenses": 0,
    "sellingGeneralAndAdministrativeExpenses": 3000000,
    "otherExpenses": 449000000,
    "operatingExpenses": 452000000,
    "costAndExpenses": 3310000000,
    "interestIncome": 6000000,
    "interestExpense": 156000000,
    "depreciationAndAmortization": 359000000,
    "ebitda": 451000000,
    "ebitdaratio": 0.1213997308,
    "operatingIncome": 405000000,
    "operatingIncomeRatio": 0.1090174966,
    "totalOtherIncomeExpensesNet": -469000000,
    "incomeBeforeTax": -64000000,
    "incomeBeforeTaxRatio": -0.0172274563,
    "incomeTaxExpense": -119000000,
    "netIncome": 25000000,
    "netIncomeRatio": 0.0067294751,
    "eps": 0.13,
    "epsdiluted": 0.13,
    "weightedAverageShsOut": 193000000,
    "weightedAverageShsOutDil": 194000000,
    "link": "https://www.sec.gov/Archives/edgar/data/936340/000093634021000235/0000936340-21-000235-index.htm",
    "finalLink": "https://www.sec.gov/Archives/edgar/data/28385/000093634021000235/dte-20210930.htm"
  },
  {
    "date": "2021-06-30",
    "symbol": "DTE",
    "reportedCurrency": "USD",
    "cik": "0000936340",
    "fillingDate": "2021-07-27",
    "acceptedDate": "2021-07-27 10:02:05",
    "calendarYear": "2021",
    "period": "Q2",
    "revenue": 3021000000,
    "costOfRevenue": 2305000000,
    "grossProfit": 716000000,
    "grossProfitRatio": 0.2370076134,
    "researchAndDevelopmentExpenses": 0,
    "generalAndAdministrativeExpenses": 0,
    "sellingAndMarketingExpenses": 0,
    "sellingGeneralAndAdministrativeExpenses": 3000000,
    "otherExpenses": 471000000,
    "operatingExpenses": 474000000,
    "costAndExpenses": 2779000000,
    "interestIncome": 6000000,
    "interestExpense": 166000000,
    "depreciationAndAmortization": 409000000,
    "ebitda": 690000000,
    "ebitdaratio": 0.2284011917,
    "operatingIncome": 242000000,
    "operatingIncomeRatio": 0.0801059252,
    "totalOtherIncomeExpensesNet": -127000000,
    "incomeBeforeTax": 115000000,
    "incomeBeforeTaxRatio": 0.0380668653,
    "incomeTaxExpense": 1000000,
    "netIncome": 179000000,
    "netIncomeRatio": 0.0592519033,
    "eps": 0.92,
    "epsdiluted": 0.92,
    "weightedAverageShsOut": 193000000,
    "weightedAverageShsOutDil": 194000000,
    "link": "https://www.sec.gov/Archives/edgar/data/936340/000093634021000211/0000936340-21-000211-index.htm",
    "finalLink": "https://www.sec.gov/Archives/edgar/data/28385/000093634021000211/dte-20210630.htm"
  },
  {
    "date": "2021-03-31",
    "symbol": "DTE",
    "reportedCurrency": "USD",
    "cik": "0000936340",
    "fillingDate": "2021-04-27",
    "acceptedDate": "2021-04-27 10:15:34",
    "calendarYear": "2021",
    "period": "Q1",
    "revenue": 3581000000,
    "costOfRevenue": 2706000000,
    "grossProfit": 875000000,
    "grossProfitRatio": 0.244345155,
    "researchAndDevelopmentExpenses": 0,
    "generalAndAdministrativeExpenses": 0,
    "sellingAndMarketingExpenses": 0,
    "sellingGeneralAndAdministrativeExpenses": 4000000,
    "otherExpenses": 438000000,
    "operatingExpenses": 442000000,
    "costAndExpenses": 3148000000,
    "interestIncome": 4000000,
    "interestExpense": 155000000,
    "depreciationAndAmortization": 368000000,
    "ebitda": 834000000,
    "ebitdaratio": 0.2328958392,
    "operatingIncome": 433000000,
    "operatingIncomeRatio": 0.1209159453,
    "totalOtherIncomeExpensesNet": -122000000,
    "incomeBeforeTax": 311000000,
    "incomeBeforeTaxRatio": 0.0868472494,
    "incomeTaxExpense": -6000000,
    "netIncome": 397000000,
    "netIncomeRatio": 0.1108628875,
    "eps": 2.05,
    "epsdiluted": 2.05,
    "weightedAverageShsOut": 194000000,
    "weightedAverageShsOutDil": 194000000,
    "link": "https://www.sec.gov/Archives/edgar/data/936340/000093634021000154/0000936340-21-000154-index.htm",
    "finalLink": "https://www.sec.gov/Archives/edgar/data/28385/000093634021000154/dte-20210331.htm"
  },
  {
    "date": "2020-12-31",
    "symbol": "DTE",
    "reportedCurrency": "USD",
    "cik": "0000936340",
    "fillingDate": "2021-02-19",
    "acceptedDate": "2021-02-19 13:40:44",
    "calendarYear": "2020",
    "period": "Q4",
    "revenue": 3288000000,
    "costOfRevenue": 2339000000,
    "grossProfit": 949000000,
    "grossProfitRatio": 0.2886253041,
    "researchAndDevelopmentExpenses": 0,
    "generalAndAdministrativeExpenses": 0,
    "sellingAndMarketingExpenses": 0,
    "sellingGeneralAndAdministrativeExpenses": 30000000,
    "otherExpenses": 454000000,
    "operatingExpenses": 484000000,
    "costAndExpenses": 2823000000,
    "interestIncome": 7000000,
    "interestExpense": 188000000,
    "depreciationAndAmortization": 384000000,
    "ebitda": 896000000,
    "ebitdaratio": 0.2725060827,
    "operatingIncome": 465000000,
    "operatingIncomeRatio": 0.1414233577,
    "totalOtherIncomeExpensesNet": -141000000,
    "incomeBeforeTax": 324000000,
    "incomeBeforeTaxRatio": 0.098540146,
    "incomeTaxExpense": 49000000,
    "netIncome": 275000000,
    "netIncomeRatio": 0.0836374696,
    "eps": 0,
    "epsdiluted": 0,
    "weightedAverageShsOut": 254629629,
    "weightedAverageShsOutDil": 254629629,
    "link": "https://www.sec.gov/Archives/edgar/data/936340/000093634021000112/0000936340-21-000112-index.htm",
    "finalLink": "https://www.sec.gov/Archives/edgar/data/28385/000093634021000112/dte-20201231.htm"
  },
  {
    "date": "2020-09-30",
    "symbol": "DTE",
    "reportedCurrency": "USD",
    "cik": "0000936340",
    "fillingDate": "2020-10-27",
    "acceptedDate": "2020-10-27 11:53:36",
    "calendarYear": "2020",
    "period": "Q3",
    "revenue": 3080000000,
    "costOfRevenue": 2185000000,
    "grossProfit": 895000000,
    "grossProfitRatio": 0.2905844156,
    "researchAndDevelopmentExpenses": 0,
    "generalAndAdministrativeExpenses": 0,
    "sellingAndMarketingExpenses": 0,
    "sellingGeneralAndAdministrativeExpenses": 5000000,
    "otherExpenses": 411000000,
    "operatingExpenses": 416000000,
    "costAndExpenses": 2601000000,
    "interestIncome": 11000000,
    "interestExpense": 149000000,
    "depreciationAndAmortization": 356000000,
    "ebitda": 896000000,
    "ebitdaratio": 0.2909090909,
    "operatingIncome": 479000000,
    "operatingIncomeRatio": 0.1555194805,
    "totalOtherIncomeExpensesNet": -88000000,
    "incomeBeforeTax": 391000000,
    "incomeBeforeTaxRatio": 0.1269480519,
    "incomeTaxExpense": 21000000,
    "netIncome": 476000000,
    "netIncomeRatio": 0.1545454545,
    "eps": 2.47,
    "epsdiluted": 2.46,
    "weightedAverageShsOut": 193000000,
    "weightedAverageShsOutDil": 193000000,
    "link": "https://www.sec.gov/Archives/edgar/data/936340/000093634020000256/0000936340-20-000256-index.htm",
    "finalLink": "https://www.sec.gov/Archives/edgar/data/28385/000093634020000256/dte-20200930.htm"
  },
  {
    "date": "2020-06-30",
    "symbol": "DTE",
    "reportedCurrency": "USD",
    "cik": "0000936340",
    "fillingDate": "2020-07-28",
    "acceptedDate": "2020-07-28 10:57:29",
    "calendarYear": "2020",
    "period": "Q2",
    "revenue": 2583000000,
    "costOfRevenue": 1727000000,
    "grossProfit": 856000000,
    "grossProfitRatio": 0.3313975997,
    "researchAndDevelopmentExpenses": 0,
    "generalAndAdministrativeExpenses": 0,
    "sellingAndMarketingExpenses": 0,
    "sellingGeneralAndAdministrativeExpenses": 6000000,
    "otherExpenses": 483000000,
    "operatingExpenses": 489000000,
    "costAndExpenses": 2216000000,
    "interestIncome": 6000000,
    "interestExpense": 179000000,
    "depreciationAndAmortization": 350000000,
    "ebitda": 812000000,
    "ebitdaratio": 0.3143631436,
    "operatingIncome": 367000000,
    "operatingIncomeRatio": 0.1420828494,
    "totalOtherIncomeExpensesNet": -84000000,
    "incomeBeforeTax": 283000000,
    "incomeBeforeTaxRatio": 0.1095625242,
    "incomeTaxExpense": 6000000,
    "netIncome": 277000000,
    "netIncomeRatio": 0.1072396438,
    "eps": 1.44,
    "epsdiluted": 1.44,
    "weightedAverageShsOut": 192000000,
    "weightedAverageShsOutDil": 193000000,
    "link": "https://www.sec.gov/Archives/edgar/data/936340/000093634020000219/0000936340-20-000219-index.htm",
    "finalLink": "https://www.sec.gov/Archives/edgar/data/28385/000093634020000219/dte-20200630.htm"
  },
  {
    "date": "2020-03-31",
    "symbol": "DTE",
    "reportedCurrency": "USD",
    "cik": "0000936340",
    "fillingDate": "2020-04-28",
    "acceptedDate": "2020-04-28 10:52:30",
    "calendarYear": "2020",
    "period": "Q1",
    "revenue": 3022000000,
    "costOfRevenue": 2014000000,
    "grossProfit": 1008000000,
    "grossProfitRatio": 0.3335539378,
    "researchAndDevelopmentExpenses": 0,
    "generalAndAdministrativeExpenses": 0,
    "sellingAndMarketingExpenses": 0,
    "sellingGeneralAndAdministrativeExpenses": 9000000,
    "otherExpenses": 453000000,
    "operatingExpenses": 462000000,
    "costAndExpenses": 2476000000,
    "interestIncome": 10000000,
    "interestExpense": 175000000,
    "depreciationAndAmortization": 353000000,
    "ebitda": 919000000,
    "ebitdaratio": 0.3041032429,
    "operatingIncome": 546000000,
    "operatingIncomeRatio": 0.1806750496,
    "totalOtherIncomeExpensesNet": -155000000,
    "incomeBeforeTax": 391000000,
    "incomeBeforeTaxRatio": 0.1293845136,
    "incomeTaxExpense": 49000000,
    "netIncome": 340000000,
    "netIncomeRatio": 0.1125082727,
    "eps": 1.77,
    "epsdiluted": 1.76,
    "weightedAverageShsOut": 192000000,
    "weightedAverageShsOutDil": 192000000,
    "link": "https://www.sec.gov/Archives/edgar/data/936340/000093634020000171/0000936340-20-000171-index.htm",
    "finalLink": "https://www.sec.gov/Archives/edgar/data/28385/000093634020000171/dteenergy2020033110q.htm"
  },
  {
    "date": "2019-12-31",
    "symbol": "DTE",
    "reportedCurrency": "USD",
    "cik": "0000936340",
    "fillingDate": "2020-02-05",
    "acceptedDate": "2020-02-05 15:13:51",
    "calendarYear": "2019",
    "period": "Q4",
    "revenue": 3148000000,
    "costOfRevenue": 2289000000,
    "grossProfit": 859000000,
    "grossProfitRatio": 0.2728716645,
    "researchAndDevelopmentExpenses": 0,
    "generalAndAdministrativeExpenses": 0,
    "sellingAndMarketingExpenses": 0,
    "sellingGeneralAndAdministrativeExpenses": 11000000,
    "otherExpenses": 433000000,
    "operatingExpenses": 444000000,
    "costAndExpenses": 2733000000,
    "interestIncome": 6000000,
    "interestExpense": 173000000,
    "depreciationAndAmortization": 340000000,
    "ebitda": 811000000,
    "ebitdaratio": 0.2576238882,
    "operatingIncome": 415000000,
    "operatingIncomeRatio": 0.1318297332,
    "totalOtherIncomeExpensesNet": -117000000,
    "incomeBeforeTax": 298000000,
    "incomeBeforeTaxRatio": 0.0946632783,
    "incomeTaxExpense": 30000000,
    "netIncome": 267000000,
    "netIncomeRatio": 0.084815756,
    "eps": 1.39,
    "epsdiluted": 1.39,
    "weightedAverageShsOut": 185000000,
    "weightedAverageShsOutDil": 185000000,
    "link": "https://www.sec.gov/Archives/edgar/data/936340/000093634020000127/0000936340-20-000127-index.htm",
    "finalLink": "https://www.sec.gov/Archives/edgar/data/28385/000093634020000127/dteenergy2019123110k.htm"
  },
  {
    "date": "2019-09-30",
    "symbol": "DTE",
    "reportedCurrency": "USD",
    "cik": "0000936340",
    "fillingDate": "2019-10-28",
    "acceptedDate": "2019-10-28 10:31:07",
    "calendarYear": "2019",
    "period": "Q3",
    "revenue": 3119000000,
    "costOfRevenue": 2245000000,
    "grossProfit": 874000000,
    "grossProfitRatio": 0.2802180186,
    "researchAndDevelopmentExpenses": 0,
    "generalAndAdministrativeExpenses": 0,
    "sellingAndMarketingExpenses": 0,
    "sellingGeneralAndAdministrativeExpenses": 9000000,
    "otherExpenses": 415000000,
    "operatingExpenses": 424000000,
    "costAndExpenses": 2669000000,
    "interestIncome": 4000000,
    "interestExpense": 162000000,
    "depreciationAndAmortization": 322000000,
    "ebitda": 848000000,
    "ebitdaratio": 0.2718820135,
    "operatingIncome": 450000000,
    "operatingIncomeRatio": 0.1442770119,
    "totalOtherIncomeExpensesNet": -86000000,
    "incomeBeforeTax": 364000000,
    "incomeBeforeTaxRatio": 0.1167040718,
    "incomeTaxExpense": 47000000,
    "netIncome": 319000000,
    "netIncomeRatio": 0.1022763706,
    "eps": 1.74,
    "epsdiluted": 1.73,
    "weightedAverageShsOut": 183000000,
    "weightedAverageShsOutDil": 184000000,
    "link": "https://www.sec.gov/Archives/edgar/data/936340/000093634019000256/0000936340-19-000256-index.htm",
    "finalLink": "https://www.sec.gov/Archives/edgar/data/28385/000093634019000256/dteenergy2019093010q.htm"
  },
  {
    "date": "2019-06-30",
    "symbol": "DTE",
    "reportedCurrency": "USD",
    "cik": "0000936340",
    "fillingDate": "2019-07-24",
    "acceptedDate": "2019-07-24 11:04:41",
    "calendarYear": "2019",
    "period": "Q2",
    "revenue": 2888000000,
    "costOfRevenue": 2178000000,
    "grossProfit": 710000000,
    "grossProfitRatio": 0.2458448753,
    "researchAndDevelopmentExpenses": 0,
    "generalAndAdministrativeExpenses": 0,
    "sellingAndMarketingExpenses": 0,
    "sellingGeneralAndAdministrativeExpenses": 10000000,
    "otherExpenses": 400000000,
    "operatingExpenses": 410000000,
    "costAndExpenses": 2588000000,
    "interestIncome": 3000000,
    "interestExpense": 154000000,
    "depreciationAndAmortization": 305000000,
    "ebitda": 659000000,
    "ebitdaratio": 0.2281855956,
    "operatingIncome": 300000000,
    "operatingIncomeRatio": 0.1038781163,
    "totalOtherIncomeExpensesNet": -100000000,
    "incomeBeforeTax": 200000000,
    "incomeBeforeTaxRatio": 0.0692520776,
    "incomeTaxExpense": 21000000,
    "netIncome": 182000000,
    "netIncomeRatio": 0.0630193906,
    "eps": 0.99,
    "epsdiluted": 0.99,
    "weightedAverageShsOut": 183000000,
    "weightedAverageShsOutDil": 184000000,
    "link": "https://www.sec.gov/Archives/edgar/data/936340/000093634019000214/0000936340-19-000214-index.htm",
    "finalLink": "https://www.sec.gov/Archives/edgar/data/28385/000093634019000214/dteenergy2019063010q.htm"
  },
  {
    "date": "2019-03-31",
    "symbol": "DTE",
    "reportedCurrency": "USD",
    "cik": "0000936340",
    "fillingDate": "2019-04-24",
    "acceptedDate": "2019-04-24 11:07:47",
    "calendarYear": "2019",
    "period": "Q1",
    "revenue": 3514000000,
    "costOfRevenue": 2558000000,
    "grossProfit": 956000000,
    "grossProfitRatio": 0.2720546386,
    "researchAndDevelopmentExpenses": 0,
    "generalAndAdministrativeExpenses": 0,
    "sellingAndMarketingExpenses": 0,
    "sellingGeneralAndAdministrativeExpenses": 9000000,
    "otherExpenses": 405000000,
    "operatingExpenses": 414000000,
    "costAndExpenses": 2972000000,
    "interestIncome": 4000000,
    "interestExpense": 152000000,
    "depreciationAndAmortization": 296000000,
    "ebitda": 910000000,
    "ebitdaratio": 0.2589641434,
    "operatingIncome": 542000000,
    "operatingIncomeRatio": 0.1542401821,
    "totalOtherIncomeExpensesNet": -80000000,
    "incomeBeforeTax": 462000000,
    "incomeBeforeTaxRatio": 0.1314741036,
    "incomeTaxExpense": 54000000,
    "netIncome": 401000000,
    "netIncomeRatio": 0.1141149687,
    "eps": 2.2,
    "epsdiluted": 2.19,
    "weightedAverageShsOut": 182000000,
    "weightedAverageShsOutDil": 183000000,
    "link": "https://www.sec.gov/Archives/edgar/data/936340/000093634019000134/0000936340-19-000134-index.htm",
    "finalLink": "https://www.sec.gov/Archives/edgar/data/28385/000093634019000134/dteenergy2019033110q.htm"
  },
  {
    "date": "2018-12-31",
    "symbol": "DTE",
    "reportedCurrency": "USD",
    "cik": "0000936340",
    "fillingDate": "2019-02-07",
    "acceptedDate": "2019-02-07 12:52:11",
    "calendarYear": "2018",
    "period": "Q4",
    "revenue": 3750000000,
    "costOfRevenue": 3003000000,
    "grossProfit": 747000000,
    "grossProfitRatio": 0.1992,
    "researchAndDevelopmentExpenses": 0,
    "generalAndAdministrativeExpenses": 0,
    "sellingAndMarketingExpenses": 0,
    "sellingGeneralAndAdministrativeExpenses": 10000000,
    "otherExpenses": 405000000,
    "operatingExpenses": 415000000,
    "costAndExpenses": 3418000000,
    "interestIncome": 3000000,
    "interestExpense": 147000000,
    "depreciationAndAmortization": 298000000,
    "ebitda": 618000000,
    "ebitdaratio": 0.1648,
    "operatingIncome": 332000000,
    "operatingIncomeRatio": 0.0885333333,
    "totalOtherIncomeExpensesNet": -159000000,
    "incomeBeforeTax": 173000000,
    "incomeBeforeTaxRatio": 0.0461333333,
    "incomeTaxExpense": -23000000,
    "netIncome": 191000000,
    "netIncomeRatio": 0.0509333333,
    "eps": 1.05,
    "epsdiluted": 1.05,
    "weightedAverageShsOut": 181000000,
    "weightedAverageShsOutDil": 181000000,
    "link": "https://www.sec.gov/Archives/edgar/data/936340/000093634019000086/0000936340-19-000086-index.htm",
    "finalLink": "https://www.sec.gov/Archives/edgar/data/28385/000093634019000086/dteenergy2018123110k.htm"
  },
  {
    "date": "2018-09-30",
    "symbol": "DTE",
    "reportedCurrency": "USD",
    "cik": "0000936340",
    "fillingDate": "2018-10-24",
    "acceptedDate": "2018-10-24 11:59:49",
    "calendarYear": "2018",
    "period": "Q3",
    "revenue": 3550000000,
    "costOfRevenue": 2739000000,
    "grossProfit": 811000000,
    "grossProfitRatio": 0.2284507042,
    "researchAndDevelopmentExpenses": 0,
    "generalAndAdministrativeExpenses": 0,
    "sellingAndMarketingExpenses": 0,
    "sellingGeneralAndAdministrativeExpenses": 9000000,
    "otherExpenses": 373000000,
    "operatingExpenses": 382000000,
    "costAndExpenses": 3121000000,
    "interestIncome": 3000000,
    "interestExpense": 142000000,
    "depreciationAndAmortization": 273000000,
    "ebitda": 784000000,
    "ebitdaratio": 0.2208450704,
    "operatingIncome": 429000000,
    "operatingIncomeRatio": 0.1208450704,
    "totalOtherIncomeExpensesNet": -60000000,
    "incomeBeforeTax": 369000000,
    "incomeBeforeTaxRatio": 0.103943662,
    "incomeTaxExpense": 34000000,
    "netIncome": 334000000,
    "netIncomeRatio": 0.094084507,
    "eps": 1.84,
    "epsdiluted": 1.84,
    "weightedAverageShsOut": 182000000,
    "weightedAverageShsOutDil": 182000000,
    "link": "https://www.sec.gov/Archives/edgar/data/936340/000093634018000233/0000936340-18-000233-index.htm",
    "finalLink": "https://www.sec.gov/Archives/edgar/data/28385/000093634018000233/dteenergy2018093010q.htm"
  },
  {
    "date": "2018-06-30",
    "symbol": "DTE",
    "reportedCurrency": "USD",
    "cik": "0000936340",
    "fillingDate": "2018-07-25",
    "acceptedDate": "2018-07-25 13:05:00",
    "calendarYear": "2018",
    "period": "Q2",
    "revenue": 3159000000,
    "costOfRevenue": 2460000000,
    "grossProfit": 699000000,
    "grossProfitRatio": 0.2212725546,
    "researchAndDevelopmentExpenses": 0,
    "generalAndAdministrativeExpenses": 0,
    "sellingAndMarketingExpenses": 0,
    "sellingGeneralAndAdministrativeExpenses": 9000000,
    "otherExpenses": 361000000,
    "operatingExpenses": 370000000,
    "costAndExpenses": 2830000000,
    "interestIncome": 3000000,
    "interestExpense": 135000000,
    "depreciationAndAmortization": 272000000,
    "ebitda": 662000000,
    "ebitdaratio": 0.2095599873,
    "operatingIncome": 329000000,
    "operatingIncomeRatio": 0.1041468819,
    "totalOtherIncomeExpensesNet": -74000000,
    "incomeBeforeTax": 255000000,
    "incomeBeforeTaxRatio": 0.0807217474,
    "incomeTaxExpense": 19000000,
    "netIncome": 234000000,
    "netIncomeRatio": 0.0740740741,
    "eps": 1.29,
    "epsdiluted": 1.29,
    "weightedAverageShsOut": 181000000,
    "weightedAverageShsOutDil": 181000000,
    "link": "https://www.sec.gov/Archives/edgar/data/936340/000093634018000187/0000936340-18-000187-index.htm",
    "finalLink": "https://www.sec.gov/Archives/edgar/data/28385/000093634018000187/dteenergy2018063010q.htm"
  },
  {
    "date": "2018-03-31",
    "symbol": "DTE",
    "reportedCurrency": "USD",
    "cik": "0000936340",
    "fillingDate": "2018-04-25",
    "acceptedDate": "2018-04-25 11:06:48",
    "calendarYear": "2018",
    "period": "Q1",
    "revenue": 3753000000,
    "costOfRevenue": 2860000000,
    "grossProfit": 893000000,
    "grossProfitRatio": 0.237942979,
    "researchAndDevelopmentExpenses": 0,
    "generalAndAdministrativeExpenses": 0,
    "sellingAndMarketingExpenses": 0,
    "sellingGeneralAndAdministrativeExpenses": 9000000,
    "otherExpenses": 380000000,
    "operatingExpenses": 389000000,
    "costAndExpenses": 3249000000,
    "interestIncome": 3000000,
    "interestExpense": 135000000,
    "depreciationAndAmortization": 281000000,
    "ebitda": 835000000,
    "ebitdaratio": 0.2224886757,
    "operatingIncome": 504000000,
    "operatingIncomeRatio": 0.1342925659,
    "totalOtherIncomeExpensesNet": -85000000,
    "incomeBeforeTax": 419000000,
    "incomeBeforeTaxRatio": 0.1116440181,
    "incomeTaxExpense": 68000000,
    "netIncome": 361000000,
    "netIncomeRatio": 0.0961897149,
    "eps": 2.01,
    "epsdiluted": 2,
    "weightedAverageShsOut": 180000000,
    "weightedAverageShsOutDil": 180000000,
    "link": "https://www.sec.gov/Archives/edgar/data/936340/000093634018000127/0000936340-18-000127-index.htm",
    "finalLink": "https://www.sec.gov/Archives/edgar/data/28385/000093634018000127/dteenergy2018033110q.htm"
  },
  {
    "date": "2017-12-31",
    "symbol": "DTE",
    "reportedCurrency": "USD",
    "cik": "0000936340",
    "fillingDate": "2018-02-16",
    "acceptedDate": "2018-02-16 11:02:58",
    "calendarYear": "2017",
    "period": "Q4",
    "revenue": 3271000000,
    "costOfRevenue": 2515000000,
    "grossProfit": 756000000,
    "grossProfitRatio": 0.231121981,
    "researchAndDevelopmentExpenses": 0,
    "generalAndAdministrativeExpenses": 0,
    "sellingAndMarketingExpenses": 0,
    "sellingGeneralAndAdministrativeExpenses": 0,
    "otherExpenses": 400000000,
    "operatingExpenses": 400000000,
    "costAndExpenses": 2915000000,
    "interestIncome": 3000000,
    "interestExpense": 132000000,
    "depreciationAndAmortization": 274000000,
    "ebitda": 620000000,
    "ebitdaratio": 0.1895444818,
    "operatingIncome": 356000000,
    "operatingIncomeRatio": 0.1088352186,
    "totalOtherIncomeExpensesNet": -142000000,
    "incomeBeforeTax": 214000000,
    "incomeBeforeTaxRatio": 0.0654234179,
    "incomeTaxExpense": -66000000,
    "netIncome": 287000000,
    "netIncomeRatio": 0.0877407521,
    "eps": 1.59,
    "epsdiluted": 1.59,
    "weightedAverageShsOut": 179000000,
    "weightedAverageShsOutDil": 179000000,
    "link": "https://www.sec.gov/Archives/edgar/data/936340/000093634018000082/0000936340-18-000082-index.htm",
    "finalLink": "https://www.sec.gov/Archives/edgar/data/28385/000093634018000082/dteenergy2017123110k.htm"
  },
  {
    "date": "2017-09-30",
    "symbol": "DTE",
    "reportedCurrency": "USD",
    "cik": "0000936340",
    "fillingDate": "2017-10-25",
    "acceptedDate": "2017-10-25 10:37:28",
    "calendarYear": "2017",
    "period": "Q3",
    "revenue": 3245000000,
    "costOfRevenue": 2456000000,
    "grossProfit": 789000000,
    "grossProfitRatio": 0.2431432974,
    "researchAndDevelopmentExpenses": 0,
    "generalAndAdministrativeExpenses": 0,
    "sellingAndMarketingExpenses": 0,
    "sellingGeneralAndAdministrativeExpenses": 16000000,
    "otherExpenses": 339000000,
    "operatingExpenses": 355000000,
    "costAndExpenses": 2811000000,
    "interestIncome": 4000000,
    "interestExpense": 146000000,
    "depreciationAndAmortization": 258000000,
    "ebitda": 741000000,
    "ebitdaratio": 0.2283513097,
    "operatingIncome": 434000000,
    "operatingIncomeRatio": 0.1337442219,
    "totalOtherIncomeExpensesNet": -97000000,
    "incomeBeforeTax": 337000000,
    "incomeBeforeTaxRatio": 0.1038520801,
    "incomeTaxExpense": 74000000,
    "netIncome": 270000000,
    "netIncomeRatio": 0.0832049307,
    "eps": 1.51,
    "epsdiluted": 1.51,
    "weightedAverageShsOut": 179000000,
    "weightedAverageShsOutDil": 179000000,
    "link": "https://www.sec.gov/Archives/edgar/data/936340/000093634017000242/0000936340-17-000242-index.htm",
    "finalLink": "https://www.sec.gov/Archives/edgar/data/28385/000093634017000242/dteenergy2017093010q.htm"
  },
  {
    "date": "2017-06-30",
    "symbol": "DTE",
    "reportedCurrency": "USD",
    "cik": "0000936340",
    "fillingDate": "2017-07-26",
    "acceptedDate": "2017-07-26 11:24:17",
    "calendarYear": "2017",
    "period": "Q2",
    "revenue": 2855000000,
    "costOfRevenue": 2186000000,
    "grossProfit": 669000000,
    "grossProfitRatio": 0.2343257443,
    "researchAndDevelopmentExpenses": 0,
    "generalAndAdministrativeExpenses": 0,
    "sellingAndMarketingExpenses": 0,
    "sellingGeneralAndAdministrativeExpenses": 17000000,
    "otherExpenses": 332000000,
    "operatingExpenses": 349000000,
    "costAndExpenses": 2535000000,
    "interestIncome": 2000000,
    "interestExpense": 133000000,
    "depreciationAndAmortization": 249000000,
    "ebitda": 614000000,
    "ebitdaratio": 0.215061296,
    "operatingIncome": 320000000,
    "operatingIncomeRatio": 0.112084063,
    "totalOtherIncomeExpensesNet": -88000000,
    "incomeBeforeTax": 232000000,
    "incomeBeforeTaxRatio": 0.0812609457,
    "incomeTaxExpense": 57000000,
    "netIncome": 177000000,
    "netIncomeRatio": 0.0619964974,
    "eps": 0.99,
    "epsdiluted": 0.99,
    "weightedAverageShsOut": 179000000,
    "weightedAverageShsOutDil": 179000000,
    "link": "https://www.sec.gov/Archives/edgar/data/936340/000093634017000199/0000936340-17-000199-index.htm",
    "finalLink": "https://www.sec.gov/Archives/edgar/data/28385/000093634017000199/dteenergy2017063010q.htm"
  },
  {
    "date": "2017-03-31",
    "symbol": "DTE",
    "reportedCurrency": "USD",
    "cik": "0000936340",
    "fillingDate": "2017-04-26",
    "acceptedDate": "2017-04-26 11:27:04",
    "calendarYear": "2017",
    "period": "Q1",
    "revenue": 3236000000,
    "costOfRevenue": 2293000000,
    "grossProfit": 943000000,
    "grossProfitRatio": 0.2914091471,
    "researchAndDevelopmentExpenses": 0,
    "generalAndAdministrativeExpenses": 0,
    "sellingAndMarketingExpenses": 0,
    "sellingGeneralAndAdministrativeExpenses": 16000000,
    "otherExpenses": 342000000,
    "operatingExpenses": 358000000,
    "costAndExpenses": 2651000000,
    "interestIncome": 3000000,
    "interestExpense": 125000000,
    "depreciationAndAmortization": 249000000,
    "ebitda": 878000000,
    "ebitdaratio": 0.2713226205,
    "operatingIncome": 585000000,
    "operatingIncomeRatio": 0.1807787392,
    "totalOtherIncomeExpensesNet": -81000000,
    "incomeBeforeTax": 504000000,
    "incomeBeforeTaxRatio": 0.1557478368,
    "incomeTaxExpense": 110000000,
    "netIncome": 400000000,
    "netIncomeRatio": 0.1236093943,
    "eps": 2.23,
    "epsdiluted": 2.23,
    "weightedAverageShsOut": 179000000,
    "weightedAverageShsOutDil": 179000000,
    "link": "https://www.sec.gov/Archives/edgar/data/936340/000093634017000134/0000936340-17-000134-index.htm",
    "finalLink": "https://www.sec.gov/Archives/edgar/data/28385/000093634017000134/dteenergy2017033110q.htm"
  },
  {
    "date": "2016-12-31",
    "symbol": "DTE",
    "reportedCurrency": "USD",
    "cik": "0000936340",
    "fillingDate": "2017-02-09",
    "acceptedDate": "2017-02-09 14:04:11",
    "calendarYear": "2016",
    "period": "Q4",
    "revenue": 2874000000,
    "costOfRevenue": 2203000000,
    "grossProfit": 671000000,
    "grossProfitRatio": 0.2334725122,
    "researchAndDevelopmentExpenses": 0,
    "generalAndAdministrativeExpenses": 0,
    "sellingAndMarketingExpenses": 0,
    "sellingGeneralAndAdministrativeExpenses": 0,
    "otherExpenses": 370000000,
    "operatingExpenses": 370000000,
    "costAndExpenses": 2573000000,
    "interestIncome": 3000000,
    "interestExpense": 131000000,
    "depreciationAndAmortization": 274000000,
    "ebitda": 557000000,
    "ebitdaratio": 0.1938065414,
    "operatingIncome": 301000000,
    "operatingIncomeRatio": 0.1047320807,
    "totalOtherIncomeExpensesNet": -149000000,
    "incomeBeforeTax": 152000000,
    "incomeBeforeTaxRatio": 0.052887961,
    "incomeTaxExpense": 28000000,
    "netIncome": 131000000,
    "netIncomeRatio": 0.0455810717,
    "eps": 0.73,
    "epsdiluted": 0.73,
    "weightedAverageShsOut": 179000000,
    "weightedAverageShsOutDil": 179000000,
    "link": "https://www.sec.gov/Archives/edgar/data/936340/000093634017000064/0000936340-17-000064-index.htm",
    "finalLink": "https://www.sec.gov/Archives/edgar/data/28385/000093634017000064/dteenergy2016123110k.htm"
  },
  {
    "date": "2016-09-30",
    "symbol": "DTE",
    "reportedCurrency": "USD",
    "cik": "0000936340",
    "fillingDate": "2016-10-26",
    "acceptedDate": "2016-10-26 10:47:59",
    "calendarYear": "2016",
    "period": "Q3",
    "revenue": 2928000000,
    "costOfRevenue": 2099000000,
    "grossProfit": 829000000,
    "grossProfitRatio": 0.2831284153,
    "researchAndDevelopmentExpenses": 0,
    "generalAndAdministrativeExpenses": 0,
    "sellingAndMarketingExpenses": 0,
    "sellingGeneralAndAdministrativeExpenses": 0,
    "otherExpenses": 322000000,
    "operatingExpenses": 322000000,
    "costAndExpenses": 2421000000,
    "interestIncome": 3000000,
    "interestExpense": 114000000,
    "depreciationAndAmortization": 230000000,
    "ebitda": 779000000,
    "ebitdaratio": 0.2660519126,
    "operatingIncome": 507000000,
    "operatingIncomeRatio": 0.1731557377,
    "totalOtherIncomeExpensesNet": -72000000,
    "incomeBeforeTax": 435000000,
    "incomeBeforeTaxRatio": 0.1485655738,
    "incomeTaxExpense": 110000000,
    "netIncome": 338000000,
    "netIncomeRatio": 0.1154371585,
    "eps": 1.88,
    "epsdiluted": 1.88,
    "weightedAverageShsOut": 179000000,
    "weightedAverageShsOutDil": 180000000,
    "link": "https://www.sec.gov/Archives/edgar/data/936340/000093634016000415/0000936340-16-000415-index.htm",
    "finalLink": "https://www.sec.gov/Archives/edgar/data/28385/000093634016000415/dteenergy2016093010q.htm"
  },
  {
    "date": "2016-06-30",
    "symbol": "DTE",
    "reportedCurrency": "USD",
    "cik": "0000936340",
    "fillingDate": "2016-07-26",
    "acceptedDate": "2016-07-26 10:26:45",
    "calendarYear": "2016",
    "period": "Q2",
    "revenue": 2262000000,
    "costOfRevenue": 1673000000,
    "grossProfit": 589000000,
    "grossProfitRatio": 0.2603890363,
    "researchAndDevelopmentExpenses": 0,
    "generalAndAdministrativeExpenses": 0,
    "sellingAndMarketingExpenses": 0,
    "sellingGeneralAndAdministrativeExpenses": 0,
    "otherExpenses": 333000000,
    "operatingExpenses": 333000000,
    "costAndExpenses": 2006000000,
    "interestIncome": 3000000,
    "interestExpense": 114000000,
    "depreciationAndAmortization": 243000000,
    "ebitda": 552000000,
    "ebitdaratio": 0.2440318302,
    "operatingIncome": 256000000,
    "operatingIncomeRatio": 0.1131741821,
    "totalOtherIncomeExpensesNet": -61000000,
    "incomeBeforeTax": 195000000,
    "incomeBeforeTaxRatio": 0.0862068966,
    "incomeTaxExpense": 50000000,
    "netIncome": 152000000,
    "netIncomeRatio": 0.0671971706,
    "eps": 0.84,
    "epsdiluted": 0.84,
    "weightedAverageShsOut": 179000000,
    "weightedAverageShsOutDil": 180000000,
    "link": "https://www.sec.gov/Archives/edgar/data/936340/000093634016000370/0000936340-16-000370-index.htm",
    "finalLink": "https://www.sec.gov/Archives/edgar/data/28385/000093634016000370/dteenergy2016063010q.htm"
  },
  {
    "date": "2016-03-31",
    "symbol": "DTE",
    "reportedCurrency": "USD",
    "cik": "0000936340",
    "fillingDate": "2016-04-26",
    "acceptedDate": "2016-04-26 11:41:32",
    "calendarYear": "2016",
    "period": "Q1",
    "revenue": 2566000000,
    "costOfRevenue": 1857000000,
    "grossProfit": 709000000,
    "grossProfitRatio": 0.2763055339,
    "researchAndDevelopmentExpenses": 0,
    "generalAndAdministrativeExpenses": 0,
    "sellingAndMarketingExpenses": 0,
    "sellingGeneralAndAdministrativeExpenses": 0,
    "otherExpenses": 328000000,
    "operatingExpenses": 328000000,
    "costAndExpenses": 2185000000,
    "interestIncome": 11000000,
    "interestExpense": 113000000,
    "depreciationAndAmortization": 229000000,
    "ebitda": 665000000,
    "ebitdaratio": 0.2591582229,
    "operatingIncome": 381000000,
    "operatingIncomeRatio": 0.1484801247,
    "totalOtherIncomeExpensesNet": -58000000,
    "incomeBeforeTax": 323000000,
    "incomeBeforeTaxRatio": 0.1258768511,
    "incomeTaxExpense": 83000000,
    "netIncome": 247000000,
    "netIncomeRatio": 0.0962587685,
    "eps": 1.38,
    "epsdiluted": 1.37,
    "weightedAverageShsOut": 179000000,
    "weightedAverageShsOutDil": 180000000,
    "link": "https://www.sec.gov/Archives/edgar/data/936340/000093634016000312/0000936340-16-000312-index.htm",
    "finalLink": "https://www.sec.gov/Archives/edgar/data/28385/000093634016000312/dteenergy2016033110q.htm"
  },
  {
    "date": "2015-12-31",
    "symbol": "DTE",
    "reportedCurrency": "USD",
    "cik": "0000936340",
    "fillingDate": "2016-02-10",
    "acceptedDate": "2016-02-10 15:39:15",
    "calendarYear": "2015",
    "period": "Q4",
    "revenue": 2487000000,
    "costOfRevenue": 1947000000,
    "grossProfit": 540000000,
    "grossProfitRatio": 0.2171290712,
    "researchAndDevelopmentExpenses": 0,
    "generalAndAdministrativeExpenses": 0,
    "sellingAndMarketingExpenses": 0,
    "sellingGeneralAndAdministrativeExpenses": 0,
    "otherExpenses": 406000000,
    "operatingExpenses": 406000000,
    "costAndExpenses": 2353000000,
    "interestIncome": 3000000,
    "interestExpense": 109000000,
    "depreciationAndAmortization": 227000000,
    "ebitda": 393000000,
    "ebitdaratio": 0.1580217129,
    "operatingIncome": 134000000,
    "operatingIncomeRatio": 0.0538801769,
    "totalOtherIncomeExpensesNet": -77000000,
    "incomeBeforeTax": 57000000,
    "incomeBeforeTaxRatio": 0.0229191797,
    "incomeTaxExpense": -20000000,
    "netIncome": 80000000,
    "netIncomeRatio": 0.0321672698,
    "eps": 0.45,
    "epsdiluted": 0.45,
    "weightedAverageShsOut": 180000000,
    "weightedAverageShsOutDil": 180000000,
    "link": "https://www.sec.gov/Archives/edgar/data/936340/000093634016000243/0000936340-16-000243-index.htm",
    "finalLink": "https://www.sec.gov/Archives/edgar/data/28385/000093634016000243/dteenergy2015123110k.htm"
  },
  {
    "date": "2015-09-30",
    "symbol": "DTE",
    "reportedCurrency": "USD",
    "cik": "0000936340",
    "fillingDate": "2015-10-23",
    "acceptedDate": "2015-10-23 10:36:34",
    "calendarYear": "2015",
    "period": "Q3",
    "revenue": 2598000000,
    "costOfRevenue": 1870000000,
    "grossProfit": 728000000,
    "grossProfitRatio": 0.2802155504,
    "researchAndDevelopmentExpenses": 0,
    "generalAndAdministrativeExpenses": 0,
    "sellingAndMarketingExpenses": 0,
    "sellingGeneralAndAdministrativeExpenses": 0,
    "otherExpenses": 288000000,
    "operatingExpenses": 288000000,
    "costAndExpenses": 2158000000,
    "interestIncome": 4000000,
    "interestExpense": 116000000,
    "depreciationAndAmortization": 196000000,
    "ebitda": 678000000,
    "ebitdaratio": 0.2609699769,
    "operatingIncome": 440000000,
    "operatingIncomeRatio": 0.169361047,
    "totalOtherIncomeExpensesNet": -74000000,
    "incomeBeforeTax": 366000000,
    "incomeBeforeTaxRatio": 0.1408775982,
    "incomeTaxExpense": 102000000,
    "netIncome": 265000000,
    "netIncomeRatio": 0.1020015396,
    "eps": 1.47,
    "epsdiluted": 1.47,
    "weightedAverageShsOut": 179000000,
    "weightedAverageShsOutDil": 180000000,
    "link": "https://www.sec.gov/Archives/edgar/data/936340/000093634015000171/0000936340-15-000171-index.htm",
    "finalLink": "https://www.sec.gov/Archives/edgar/data/28385/000093634015000171/dteenergy2015093010q.htm"
  },
  {
    "date": "2015-06-30",
    "symbol": "DTE",
    "reportedCurrency": "USD",
    "cik": "0000936340",
    "fillingDate": "2015-07-24",
    "acceptedDate": "2015-07-24 10:45:13",
    "calendarYear": "2015",
    "period": "Q2",
    "revenue": 2268000000,
    "costOfRevenue": 1735000000,
    "grossProfit": 533000000,
    "grossProfitRatio": 0.2350088183,
    "researchAndDevelopmentExpenses": 0,
    "generalAndAdministrativeExpenses": 0,
    "sellingAndMarketingExpenses": 0,
    "sellingGeneralAndAdministrativeExpenses": 0,
    "otherExpenses": 329000000,
    "operatingExpenses": 329000000,
    "costAndExpenses": 2064000000,
    "interestIncome": 2000000,
    "interestExpense": 115000000,
    "depreciationAndAmortization": 220000000,
    "ebitda": 466000000,
    "ebitdaratio": 0.2054673721,
    "operatingIncome": 204000000,
    "operatingIncomeRatio": 0.0899470899,
    "totalOtherIncomeExpensesNet": -73000000,
    "incomeBeforeTax": 131000000,
    "incomeBeforeTaxRatio": 0.0577601411,
    "incomeTaxExpense": 26000000,
    "netIncome": 109000000,
    "netIncomeRatio": 0.0480599647,
    "eps": 0.61,
    "epsdiluted": 0.61,
    "weightedAverageShsOut": 179000000,
    "weightedAverageShsOutDil": 179000000,
    "link": "https://www.sec.gov/Archives/edgar/data/936340/000093634015000122/0000936340-15-000122-index.htm",
    "finalLink": "https://www.sec.gov/Archives/edgar/data/28385/000093634015000122/dteenergy2015063010q.htm"
  },
  {
    "date": "2015-03-31",
    "symbol": "DTE",
    "reportedCurrency": "USD",
    "cik": "0000936340",
    "fillingDate": "2015-04-24",
    "acceptedDate": "2015-04-24 10:38:56",
    "calendarYear": "2015",
    "period": "Q1",
    "revenue": 2984000000,
    "costOfRevenue": 2224000000,
    "grossProfit": 760000000,
    "grossProfitRatio": 0.254691689,
    "researchAndDevelopmentExpenses": 0,
    "generalAndAdministrativeExpenses": 0,
    "sellingAndMarketingExpenses": 0,
    "sellingGeneralAndAdministrativeExpenses": 0,
    "otherExpenses": 299000000,
    "operatingExpenses": 299000000,
    "costAndExpenses": 2523000000,
    "interestIncome": 4000000,
    "interestExpense": 110000000,
    "depreciationAndAmortization": 209000000,
    "ebitda": 715000000,
    "ebitdaratio": 0.2396112601,
    "operatingIncome": 461000000,
    "operatingIncomeRatio": 0.1544906166,
    "totalOtherIncomeExpensesNet": -65000000,
    "incomeBeforeTax": 396000000,
    "incomeBeforeTaxRatio": 0.1327077748,
    "incomeTaxExpense": 122000000,
    "netIncome": 273000000,
    "netIncomeRatio": 0.0914879357,
    "eps": 1.53,
    "epsdiluted": 1.53,
    "weightedAverageShsOut": 178000000,
    "weightedAverageShsOutDil": 178000000,
    "link": "https://www.sec.gov/Archives/edgar/data/936340/000093634015000075/0000936340-15-000075-index.htm",
    "finalLink": "https://www.sec.gov/Archives/edgar/data/28385/000093634015000075/dteenergy2015033110q.htm"
  },
  {
    "date": "2014-12-31",
    "symbol": "DTE",
    "reportedCurrency": "USD",
    "cik": "0000936340",
    "fillingDate": "2015-02-13",
    "acceptedDate": "2015-02-13 15:27:38",
    "calendarYear": "2014",
    "period": "Q4",
    "revenue": 3078000000,
    "costOfRevenue": 2164000000,
    "grossProfit": 914000000,
    "grossProfitRatio": 0.2969460689,
    "researchAndDevelopmentExpenses": 0,
    "generalAndAdministrativeExpenses": 0,
    "sellingAndMarketingExpenses": 0,
    "sellingGeneralAndAdministrativeExpenses": 0,
    "otherExpenses": 372000000,
    "operatingExpenses": 372000000,
    "costAndExpenses": 2536000000,
    "interestIncome": 3000000,
    "interestExpense": 106000000,
    "depreciationAndAmortization": 290000000,
    "ebitda": 832000000,
    "ebitdaratio": 0.2703053931,
    "operatingIncome": 542000000,
    "operatingIncomeRatio": 0.1760883691,
    "totalOtherIncomeExpensesNet": -106000000,
    "incomeBeforeTax": 436000000,
    "incomeBeforeTaxRatio": 0.1416504224,
    "incomeTaxExpense": 135000000,
    "netIncome": 299000000,
    "netIncomeRatio": 0.0971410006,
    "eps": 1.68,
    "epsdiluted": 1.68,
    "weightedAverageShsOut": 177000000,
    "weightedAverageShsOutDil": 177000000,
    "link": "https://www.sec.gov/Archives/edgar/data/936340/000093634015000014/0000936340-15-000014-index.htm",
    "finalLink": "https://www.sec.gov/Archives/edgar/data/936340/000093634015000014/dteenergy2014123110k.htm"
  },
  {
    "date": "2014-09-30",
    "symbol": "DTE",
    "reportedCurrency": "USD",
    "cik": "0000936340",
    "fillingDate": "2014-10-24",
    "acceptedDate": "2014-10-24 11:05:21",
    "calendarYear": "2014",
    "period": "Q3",
    "revenue": 2595000000,
    "costOfRevenue": 1979000000,
    "grossProfit": 616000000,
    "grossProfitRatio": 0.2373795761,
    "researchAndDevelopmentExpenses": 0,
    "generalAndAdministrativeExpenses": 0,
    "sellingAndMarketingExpenses": 0,
    "sellingGeneralAndAdministrativeExpenses": 0,
    "otherExpenses": 377000000,
    "operatingExpenses": 377000000,
    "costAndExpenses": 2356000000,
    "interestIncome": 2000000,
    "interestExpense": 107000000,
    "depreciationAndAmortization": 293000000,
    "ebitda": 578000000,
    "ebitdaratio": 0.2227360308,
    "operatingIncome": 239000000,
    "operatingIncomeRatio": 0.0921001927,
    "totalOtherIncomeExpensesNet": -61000000,
    "incomeBeforeTax": 178000000,
    "incomeBeforeTaxRatio": 0.0685934489,
    "incomeTaxExpense": 21000000,
    "netIncome": 156000000,
    "netIncomeRatio": 0.0601156069,
    "eps": 0.88,
    "epsdiluted": 0.88,
    "weightedAverageShsOut": 177000000,
    "weightedAverageShsOutDil": 177000000,
    "link": "https://www.sec.gov/Archives/edgar/data/936340/000093634014000106/0000936340-14-000106-index.htm",
    "finalLink": "https://www.sec.gov/Archives/edgar/data/936340/000093634014000106/dteenergy2014093010q.htm"
  },
  {
    "date": "2014-06-30",
    "symbol": "DTE",
    "reportedCurrency": "USD",
    "cik": "0000936340",
    "fillingDate": "2014-07-25",
    "acceptedDate": "2014-07-25 10:58:54",
    "calendarYear": "2014",
    "period": "Q2",
    "revenue": 2698000000,
    "costOfRevenue": 2087000000,
    "grossProfit": 611000000,
    "grossProfitRatio": 0.2264640474,
    "researchAndDevelopmentExpenses": 0,
    "generalAndAdministrativeExpenses": 0,
    "sellingAndMarketingExpenses": 0,
    "sellingGeneralAndAdministrativeExpenses": 0,
    "otherExpenses": 362000000,
    "operatingExpenses": 362000000,
    "costAndExpenses": 2449000000,
    "interestIncome": 3000000,
    "interestExpense": 106000000,
    "depreciationAndAmortization": 282000000,
    "ebitda": 564000000,
    "ebitdaratio": 0.2090437361,
    "operatingIncome": 249000000,
    "operatingIncomeRatio": 0.0922905856,
    "totalOtherIncomeExpensesNet": -73000000,
    "incomeBeforeTax": 176000000,
    "incomeBeforeTaxRatio": 0.0652335063,
    "incomeTaxExpense": 50000000,
    "netIncome": 124000000,
    "netIncomeRatio": 0.0459599703,
    "eps": 0.7,
    "epsdiluted": 0.7,
    "weightedAverageShsOut": 177000000,
    "weightedAverageShsOutDil": 177000000,
    "link": "https://www.sec.gov/Archives/edgar/data/936340/000093634014000082/0000936340-14-000082-index.htm",
    "finalLink": "https://www.sec.gov/Archives/edgar/data/936340/000093634014000082/dteenergy2014063010q.htm"
  },
  {
    "date": "2014-03-31",
    "symbol": "DTE",
    "reportedCurrency": "USD",
    "cik": "0000936340",
    "fillingDate": "2014-04-25",
    "acceptedDate": "2014-04-25 11:14:20",
    "calendarYear": "2014",
    "period": "Q1",
    "revenue": 3930000000,
    "costOfRevenue": 2996000000,
    "grossProfit": 934000000,
    "grossProfitRatio": 0.2376590331,
    "researchAndDevelopmentExpenses": 0,
    "generalAndAdministrativeExpenses": 0,
    "sellingAndMarketingExpenses": 0,
    "sellingGeneralAndAdministrativeExpenses": 0,
    "otherExpenses": 374000000,
    "operatingExpenses": 374000000,
    "costAndExpenses": 3370000000,
    "interestIncome": 2000000,
    "interestExpense": 110000000,
    "depreciationAndAmortization": 280000000,
    "ebitda": 875000000,
    "ebitdaratio": 0.2226463104,
    "operatingIncome": 560000000,
    "operatingIncomeRatio": 0.1424936387,
    "totalOtherIncomeExpensesNet": -75000000,
    "incomeBeforeTax": 485000000,
    "incomeBeforeTaxRatio": 0.1234096692,
    "incomeTaxExpense": 158000000,
    "netIncome": 326000000,
    "netIncomeRatio": 0.0829516539,
    "eps": 1.84,
    "epsdiluted": 1.84,
    "weightedAverageShsOut": 177000000,
    "weightedAverageShsOutDil": 177000000,
    "link": "https://www.sec.gov/Archives/edgar/data/936340/000093634014000044/0000936340-14-000044-index.htm",
    "finalLink": "https://www.sec.gov/Archives/edgar/data/936340/000093634014000044/dteenergy2014033110q.htm"
  },
  {
    "date": "2013-12-31",
    "symbol": "DTE",
    "reportedCurrency": "USD",
    "cik": "0000936340",
    "fillingDate": "2014-02-14",
    "acceptedDate": "2014-02-14 15:54:03",
    "calendarYear": "2013",
    "period": "Q4",
    "revenue": 2533000000,
    "costOfRevenue": 1934000000,
    "grossProfit": 599000000,
    "grossProfitRatio": 0.236478484,
    "researchAndDevelopmentExpenses": 0,
    "generalAndAdministrativeExpenses": 0,
    "sellingAndMarketingExpenses": 0,
    "sellingGeneralAndAdministrativeExpenses": 0,
    "otherExpenses": 358000000,
    "operatingExpenses": 358000000,
    "costAndExpenses": 2292000000,
    "interestIncome": 2000000,
    "interestExpense": 109000000,
    "depreciationAndAmortization": 283000000,
    "ebitda": 547000000,
    "ebitdaratio": 0.215949467,
    "operatingIncome": 241000000,
    "operatingIncomeRatio": 0.0951440979,
    "totalOtherIncomeExpensesNet": -86000000,
    "incomeBeforeTax": 155000000,
    "incomeBeforeTaxRatio": 0.0611922621,
    "incomeTaxExpense": 29000000,
    "netIncome": 124000000,
    "netIncomeRatio": 0.0489538097,
    "eps": 0.7,
    "epsdiluted": 0.7,
    "weightedAverageShsOut": 181764079,
    "weightedAverageShsOutDil": 175000000,
    "link": "https://www.sec.gov/Archives/edgar/data/936340/000093634014000014/0000936340-14-000014-index.htm",
    "finalLink": "https://www.sec.gov/Archives/edgar/data/936340/000093634014000014/dteenergy2013123110k.htm"
  },
  {
    "date": "2013-09-30",
    "symbol": "DTE",
    "reportedCurrency": "USD",
    "cik": "0000936340",
    "fillingDate": "2013-10-25",
    "acceptedDate": "2013-10-25 14:50:35",
    "calendarYear": "2013",
    "period": "Q3",
    "revenue": 2387000000,
    "costOfRevenue": 1695000000,
    "grossProfit": 692000000,
    "grossProfitRatio": 0.2899036447,
    "researchAndDevelopmentExpenses": 0,
    "generalAndAdministrativeExpenses": 0,
    "sellingAndMarketingExpenses": 0,
    "sellingGeneralAndAdministrativeExpenses": 0,
    "otherExpenses": 363000000,
    "operatingExpenses": 363000000,
    "costAndExpenses": 2058000000,
    "interestIncome": 2000000,
    "interestExpense": 106000000,
    "depreciationAndAmortization": 284000000,
    "ebitda": 666000000,
    "ebitdaratio": 0.2790113113,
    "operatingIncome": 329000000,
    "operatingIncomeRatio": 0.137829912,
    "totalOtherIncomeExpensesNet": -53000000,
    "incomeBeforeTax": 276000000,
    "incomeBeforeTaxRatio": 0.1156263092,
    "incomeTaxExpense": 76000000,
    "netIncome": 198000000,
    "netIncomeRatio": 0.0829493088,
    "eps": 1.13,
    "epsdiluted": 1.13,
    "weightedAverageShsOut": 175000000,
    "weightedAverageShsOutDil": 176000000,
    "link": "https://www.sec.gov/Archives/edgar/data/936340/000093634013000138/0000936340-13-000138-index.htm",
    "finalLink": "https://www.sec.gov/Archives/edgar/data/936340/000093634013000138/dteenergy2013093010q.htm"
  },
  {
    "date": "2013-06-30",
    "symbol": "DTE",
    "reportedCurrency": "USD",
    "cik": "0000936340",
    "fillingDate": "2013-07-26",
    "acceptedDate": "2013-07-26 14:16:41",
    "calendarYear": "2013",
    "period": "Q2",
    "revenue": 2225000000,
    "costOfRevenue": 1645000000,
    "grossProfit": 580000000,
    "grossProfitRatio": 0.2606741573,
    "researchAndDevelopmentExpenses": 0,
    "generalAndAdministrativeExpenses": 0,
    "sellingAndMarketingExpenses": 0,
    "sellingGeneralAndAdministrativeExpenses": 0,
    "otherExpenses": 357000000,
    "operatingExpenses": 357000000,
    "costAndExpenses": 2002000000,
    "interestIncome": 3000000,
    "interestExpense": 112000000,
    "depreciationAndAmortization": 268000000,
    "ebitda": 531000000,
    "ebitdaratio": 0.2386516854,
    "operatingIncome": 223000000,
    "operatingIncomeRatio": 0.1002247191,
    "totalOtherIncomeExpensesNet": -72000000,
    "incomeBeforeTax": 151000000,
    "incomeBeforeTaxRatio": 0.0678651685,
    "incomeTaxExpense": 44000000,
    "netIncome": 105000000,
    "netIncomeRatio": 0.0471910112,
    "eps": 0.6,
    "epsdiluted": 0.6,
    "weightedAverageShsOut": 174000000,
    "weightedAverageShsOutDil": 175000000,
    "link": "https://www.sec.gov/Archives/edgar/data/936340/000093634013000114/0000936340-13-000114-index.htm",
    "finalLink": "https://www.sec.gov/Archives/edgar/data/936340/000093634013000114/dteenergy2013063010q.htm"
  },
  {
    "date": "2013-03-31",
    "symbol": "DTE",
    "reportedCurrency": "USD",
    "cik": "0000936340",
    "fillingDate": "2013-04-26",
    "acceptedDate": "2013-04-26 13:01:18",
    "calendarYear": "2013",
    "period": "Q1",
    "revenue": 2516000000,
    "costOfRevenue": 1759000000,
    "grossProfit": 757000000,
    "grossProfitRatio": 0.3008744038,
    "researchAndDevelopmentExpenses": 0,
    "generalAndAdministrativeExpenses": 0,
    "sellingAndMarketingExpenses": 0,
    "sellingGeneralAndAdministrativeExpenses": 0,
    "otherExpenses": 347000000,
    "operatingExpenses": 347000000,
    "costAndExpenses": 2106000000,
    "interestIncome": 2000000,
    "interestExpense": 109000000,
    "depreciationAndAmortization": 259000000,
    "ebitda": 708000000,
    "ebitdaratio": 0.2813990461,
    "operatingIncome": 410000000,
    "operatingIncomeRatio": 0.1629570747,
    "totalOtherIncomeExpensesNet": -70000000,
    "incomeBeforeTax": 340000000,
    "incomeBeforeTaxRatio": 0.1351351351,
    "incomeTaxExpense": 105000000,
    "netIncome": 234000000,
    "netIncomeRatio": 0.0930047695,
    "eps": 1.35,
    "epsdiluted": 1.34,
    "weightedAverageShsOut": 173000000,
    "weightedAverageShsOutDil": 173000000,
    "link": "https://www.sec.gov/Archives/edgar/data/936340/000093634013000058/0000936340-13-000058-index.htm",
    "finalLink": "https://www.sec.gov/Archives/edgar/data/936340/000093634013000058/dteenergy2013033110q.htm"
  },
  {
    "date": "2012-12-31",
    "symbol": "DTE",
    "reportedCurrency": "USD",
    "cik": "0000936340",
    "fillingDate": "2013-02-20",
    "acceptedDate": "2013-02-20 17:30:10",
    "calendarYear": "2012",
    "period": "Q4",
    "revenue": 2311000000,
    "costOfRevenue": 3841000000,
    "grossProfit": -1530000000,
    "grossProfitRatio": -0.6620510601,
    "researchAndDevelopmentExpenses": 0,
    "generalAndAdministrativeExpenses": 0,
    "sellingAndMarketingExpenses": 0,
    "sellingGeneralAndAdministrativeExpenses": 0,
    "otherExpenses": -1793000000,
    "operatingExpenses": -1793000000,
    "costAndExpenses": 2048000000,
    "interestIncome": 3000000,
    "interestExpense": 106000000,
    "depreciationAndAmortization": 271000000,
    "ebitda": 551000000,
    "ebitdaratio": 0.2384249243,
    "operatingIncome": 263000000,
    "operatingIncomeRatio": 0.1138035482,
    "totalOtherIncomeExpensesNet": -89000000,
    "incomeBeforeTax": 174000000,
    "incomeBeforeTaxRatio": 0.0752920814,
    "incomeTaxExpense": 35000000,
    "netIncome": 81000000,
    "netIncomeRatio": 0.035049762,
    "eps": 0.47,
    "epsdiluted": 0.47,
    "weightedAverageShsOut": 171000000,
    "weightedAverageShsOutDil": 171000000,
    "link": "https://www.sec.gov/Archives/edgar/data/936340/000093634013000028/0000936340-13-000028-index.htm",
    "finalLink": "https://www.sec.gov/Archives/edgar/data/936340/000093634013000028/dteenergy2012123110k.htm"
  },
  {
    "date": "2012-09-30",
    "symbol": "DTE",
    "reportedCurrency": "USD",
    "cik": "0000936340",
    "fillingDate": "2012-10-24",
    "acceptedDate": "2012-10-24 15:08:27",
    "calendarYear": "2012",
    "period": "Q3",
    "revenue": 2190000000,
    "costOfRevenue": 1448000000,
    "grossProfit": 742000000,
    "grossProfitRatio": 0.3388127854,
    "researchAndDevelopmentExpenses": 0,
    "generalAndAdministrativeExpenses": 0,
    "sellingAndMarketingExpenses": 0,
    "sellingGeneralAndAdministrativeExpenses": 0,
    "otherExpenses": 336000000,
    "operatingExpenses": 336000000,
    "costAndExpenses": 1784000000,
    "interestIncome": 2000000,
    "interestExpense": 109000000,
    "depreciationAndAmortization": 265000000,
    "ebitda": 711000000,
    "ebitdaratio": 0.3246575342,
    "operatingIncome": 406000000,
    "operatingIncomeRatio": 0.1853881279,
    "totalOtherIncomeExpensesNet": -69000000,
    "incomeBeforeTax": 337000000,
    "incomeBeforeTaxRatio": 0.1538812785,
    "incomeTaxExpense": 108000000,
    "netIncome": 227000000,
    "netIncomeRatio": 0.103652968,
    "eps": 1.32,
    "epsdiluted": 1.31,
    "weightedAverageShsOut": 172000000,
    "weightedAverageShsOutDil": 172000000,
    "link": "https://www.sec.gov/Archives/edgar/data/936340/000093634012000113/0000936340-12-000113-index.htm",
    "finalLink": "https://www.sec.gov/Archives/edgar/data/936340/000093634012000113/dteenergy201293010q.htm"
  },
  {
    "date": "2012-06-30",
    "symbol": "DTE",
    "reportedCurrency": "USD",
    "cik": "0000936340",
    "fillingDate": "2012-07-30",
    "acceptedDate": "2012-07-27 18:52:06",
    "calendarYear": "2012",
    "period": "Q2",
    "revenue": 2025000000,
    "costOfRevenue": 1400000000,
    "grossProfit": 613000000,
    "grossProfitRatio": 0.3027160494,
    "researchAndDevelopmentExpenses": 0,
    "generalAndAdministrativeExpenses": 0,
    "sellingAndMarketingExpenses": 0,
    "sellingGeneralAndAdministrativeExpenses": 0,
    "otherExpenses": 319000000,
    "operatingExpenses": 319000000,
    "costAndExpenses": 1719000000,
    "interestIncome": 3000000,
    "interestExpense": 109000000,
    "depreciationAndAmortization": 250000000,
    "ebitda": 577000000,
    "ebitdaratio": 0.2849382716,
    "operatingIncome": 294000000,
    "operatingIncomeRatio": 0.1451851852,
    "totalOtherIncomeExpensesNet": -76000000,
    "incomeBeforeTax": 218000000,
    "incomeBeforeTaxRatio": 0.107654321,
    "incomeTaxExpense": 70000000,
    "netIncome": 146000000,
    "netIncomeRatio": 0.0720987654,
    "eps": 0.86,
    "epsdiluted": 0.86,
    "weightedAverageShsOut": 170000000,
    "weightedAverageShsOutDil": 171000000,
    "link": "https://www.sec.gov/Archives/edgar/data/936340/000093634012000055/0000936340-12-000055-index.htm",
    "finalLink": "https://www.sec.gov/Archives/edgar/data/936340/000093634012000055/dteenergy201263010q.htm"
  },
  {
    "date": "2012-03-31",
    "symbol": "DTE",
    "reportedCurrency": "USD",
    "cik": "0000936340",
    "fillingDate": "2012-04-27",
    "acceptedDate": "2012-04-27 17:15:18",
    "calendarYear": "2012",
    "period": "Q1",
    "revenue": 2249000000,
    "costOfRevenue": 1610000000,
    "grossProfit": 629000000,
    "grossProfitRatio": 0.2796798577,
    "researchAndDevelopmentExpenses": 0,
    "generalAndAdministrativeExpenses": 0,
    "sellingAndMarketingExpenses": 0,
    "sellingGeneralAndAdministrativeExpenses": 0,
    "otherExpenses": 317000000,
    "operatingExpenses": 317000000,
    "costAndExpenses": 1927000000,
    "interestIncome": 2000000,
    "interestExpense": 113000000,
    "depreciationAndAmortization": 232000000,
    "ebitda": 576000000,
    "ebitdaratio": 0.2561138284,
    "operatingIncome": 312000000,
    "operatingIncomeRatio": 0.1387283237,
    "totalOtherIncomeExpensesNet": -81000000,
    "incomeBeforeTax": 231000000,
    "incomeBeforeTaxRatio": 0.1027123166,
    "incomeTaxExpense": 73000000,
    "netIncome": 156000000,
    "netIncomeRatio": 0.0693641618,
    "eps": 0.91,
    "epsdiluted": 0.91,
    "weightedAverageShsOut": 170000000,
    "weightedAverageShsOutDil": 170000000,
    "link": "https://www.sec.gov/Archives/edgar/data/936340/000093634012000012/0000936340-12-000012-index.htm",
    "finalLink": "https://www.sec.gov/Archives/edgar/data/936340/000093634012000012/dteenergy201233110q.htm"
  },
  {
    "date": "2011-12-31",
    "symbol": "DTE",
    "reportedCurrency": "USD",
    "cik": "0000936340",
    "fillingDate": "2012-02-16",
    "acceptedDate": "2012-02-16 17:18:05",
    "calendarYear": "2011",
    "period": "Q4",
    "revenue": 2173000000,
    "costOfRevenue": 829000000,
    "grossProfit": 1344000000,
    "grossProfitRatio": 0.6184997699,
    "researchAndDevelopmentExpenses": 0,
    "generalAndAdministrativeExpenses": 0,
    "sellingAndMarketingExpenses": 0,
    "sellingGeneralAndAdministrativeExpenses": 0,
    "otherExpenses": 998000000,
    "operatingExpenses": 998000000,
    "costAndExpenses": 1827000000,
    "interestIncome": 2000000,
    "interestExpense": 124000000,
    "depreciationAndAmortization": 243000000,
    "ebitda": 611000000,
    "ebitdaratio": 0.2811780948,
    "operatingIncome": 346000000,
    "operatingIncomeRatio": 0.1592268753,
    "totalOtherIncomeExpensesNet": -102000000,
    "incomeBeforeTax": 244000000,
    "incomeBeforeTaxRatio": 0.1122871606,
    "incomeTaxExpense": 87000000,
    "netIncome": 150000000,
    "netIncomeRatio": 0.0690289922,
    "eps": 0.88,
    "epsdiluted": 0.88,
    "weightedAverageShsOut": 169000000,
    "weightedAverageShsOutDil": 170000000,
    "link": "https://www.sec.gov/Archives/edgar/data/936340/000093634012000004/0000936340-12-000004-index.htm",
    "finalLink": "https://www.sec.gov/Archives/edgar/data/936340/000093634012000004/dteenergy2011123110k.htm"
  },
  {
    "date": "2011-09-30",
    "symbol": "DTE",
    "reportedCurrency": "USD",
    "cik": "0000936340",
    "fillingDate": "2011-11-04",
    "acceptedDate": "2011-11-04 15:30:26",
    "calendarYear": "2011",
    "period": "Q3",
    "revenue": 2265000000,
    "costOfRevenue": 866000000,
    "grossProfit": 1399000000,
    "grossProfitRatio": 0.6176600442,
    "researchAndDevelopmentExpenses": 0,
    "generalAndAdministrativeExpenses": 0,
    "sellingAndMarketingExpenses": 0,
    "sellingGeneralAndAdministrativeExpenses": 0,
    "otherExpenses": 1000000000,
    "operatingExpenses": 1000000000,
    "costAndExpenses": 1866000000,
    "interestIncome": 3000000,
    "interestExpense": 120000000,
    "depreciationAndAmortization": 259000000,
    "ebitda": 665000000,
    "ebitdaratio": 0.293598234,
    "operatingIncome": 399000000,
    "operatingIncomeRatio": 0.1761589404,
    "totalOtherIncomeExpensesNet": -113000000,
    "incomeBeforeTax": 286000000,
    "incomeBeforeTaxRatio": 0.1262693157,
    "incomeTaxExpense": 101000000,
    "netIncome": 183000000,
    "netIncomeRatio": 0.080794702,
    "eps": 1.08,
    "epsdiluted": 1.07,
    "weightedAverageShsOut": 169000000,
    "weightedAverageShsOutDil": 170000000,
    "link": "https://www.sec.gov/Archives/edgar/data/936340/000093634011000005/0000936340-11-000005-index.htm",
    "finalLink": "https://www.sec.gov/Archives/edgar/data/936340/000093634011000005/dte-9302011x10q.htm"
  },
  {
    "date": "2011-06-30",
    "symbol": "DTE",
    "reportedCurrency": "USD",
    "cik": "0000936340",
    "fillingDate": "2011-07-29",
    "acceptedDate": "2011-07-29 09:41:52",
    "calendarYear": "2011",
    "period": "Q2",
    "revenue": 2028000000,
    "costOfRevenue": 771000000,
    "grossProfit": 1257000000,
    "grossProfitRatio": 0.6198224852,
    "researchAndDevelopmentExpenses": 0,
    "generalAndAdministrativeExpenses": 0,
    "sellingAndMarketingExpenses": 0,
    "sellingGeneralAndAdministrativeExpenses": 0,
    "otherExpenses": 969000000,
    "operatingExpenses": 969000000,
    "costAndExpenses": 1740000000,
    "interestIncome": 2000000,
    "interestExpense": 124000000,
    "depreciationAndAmortization": 248000000,
    "ebitda": 548000000,
    "ebitdaratio": 0.2702169625,
    "operatingIncome": 288000000,
    "operatingIncomeRatio": 0.1420118343,
    "totalOtherIncomeExpensesNet": -112000000,
    "incomeBeforeTax": 176000000,
    "incomeBeforeTaxRatio": 0.0867850099,
    "incomeTaxExpense": -24000000,
    "netIncome": 202000000,
    "netIncomeRatio": 0.0996055227,
    "eps": 1.19,
    "epsdiluted": 1.19,
    "weightedAverageShsOut": 169000000,
    "weightedAverageShsOutDil": 170000000,
    "link": "https://www.sec.gov/Archives/edgar/data/936340/000095012311070014/0000950123-11-070014-index.htm",
    "finalLink": "https://www.sec.gov/Archives/edgar/data/936340/000095012311070014/k50485e10vq.htm"
  },
  {
    "date": "2011-03-31",
    "symbol": "DTE",
    "reportedCurrency": "USD",
    "cik": "0000936340",
    "fillingDate": "2011-04-27",
    "acceptedDate": "2011-04-27 17:22:46",
    "calendarYear": "2011",
    "period": "Q1",
    "revenue": 2431000000,
    "costOfRevenue": 1071000000,
    "grossProfit": 1360000000,
    "grossProfitRatio": 0.5594405594,
    "researchAndDevelopmentExpenses": 0,
    "generalAndAdministrativeExpenses": 0,
    "sellingAndMarketingExpenses": 0,
    "sellingGeneralAndAdministrativeExpenses": 0,
    "otherExpenses": 970000000,
    "operatingExpenses": 970000000,
    "costAndExpenses": 2041000000,
    "interestIncome": 3000000,
    "interestExpense": 126000000,
    "depreciationAndAmortization": 245000000,
    "ebitda": 652000000,
    "ebitdaratio": 0.2682023858,
    "operatingIncome": 390000000,
    "operatingIncomeRatio": 0.1604278075,
    "totalOtherIncomeExpensesNet": -109000000,
    "incomeBeforeTax": 281000000,
    "incomeBeforeTaxRatio": 0.1155902921,
    "incomeTaxExpense": 103000000,
    "netIncome": 176000000,
    "netIncomeRatio": 0.07239819,
    "eps": 1.04,
    "epsdiluted": 1.04,
    "weightedAverageShsOut": 169000000,
    "weightedAverageShsOutDil": 170000000,
    "link": "https://www.sec.gov/Archives/edgar/data/936340/000095012311040177/0000950123-11-040177-index.htm",
    "finalLink": "https://www.sec.gov/Archives/edgar/data/936340/000095012311040177/k50299e10vq.htm"
  },
  {
    "date": "2010-12-31",
    "symbol": "DTE",
    "reportedCurrency": "USD",
    "cik": "0000936340",
    "fillingDate": "2011-02-18",
    "acceptedDate": "2011-02-18 17:12:00",
    "calendarYear": "2010",
    "period": "Q4",
    "revenue": 2173000000,
    "costOfRevenue": 824000000,
    "grossProfit": 1349000000,
    "grossProfitRatio": 0.6208007363,
    "researchAndDevelopmentExpenses": 0,
    "generalAndAdministrativeExpenses": 0,
    "sellingAndMarketingExpenses": 0,
    "sellingGeneralAndAdministrativeExpenses": 0,
    "otherExpenses": 999000000,
    "operatingExpenses": 999000000,
    "costAndExpenses": 1823000000,
    "interestIncome": 3000000,
    "interestExpense": 131000000,
    "depreciationAndAmortization": 252000000,
    "ebitda": 598000000,
    "ebitdaratio": 0.2751955821,
    "operatingIncome": 350000000,
    "operatingIncomeRatio": 0.1610676484,
    "totalOtherIncomeExpensesNet": -135000000,
    "incomeBeforeTax": 215000000,
    "incomeBeforeTaxRatio": 0.0989415555,
    "incomeTaxExpense": 59000000,
    "netIncome": 152000000,
    "netIncomeRatio": 0.0699493787,
    "eps": 0.9,
    "epsdiluted": 0.9,
    "weightedAverageShsOut": 168000000,
    "weightedAverageShsOutDil": 169000000,
    "link": "https://www.sec.gov/Archives/edgar/data/936340/000095012311015771/0000950123-11-015771-index.htm",
    "finalLink": "https://www.sec.gov/Archives/edgar/data/936340/000095012311015771/k49859e10vk.htm"
  },
  {
    "date": "2010-09-30",
    "symbol": "DTE",
    "reportedCurrency": "USD",
    "cik": "0000936340",
    "fillingDate": "2010-10-29",
    "acceptedDate": "2010-10-29 15:57:25",
    "calendarYear": "2010",
    "period": "Q3",
    "revenue": 2139000000,
    "costOfRevenue": 763000000,
    "grossProfit": 1376000000,
    "grossProfitRatio": 0.6432912576,
    "researchAndDevelopmentExpenses": 0,
    "generalAndAdministrativeExpenses": 0,
    "sellingAndMarketingExpenses": 0,
    "sellingGeneralAndAdministrativeExpenses": 0,
    "otherExpenses": 990000000,
    "operatingExpenses": 990000000,
    "costAndExpenses": 1753000000,
    "interestIncome": 3000000,
    "interestExpense": 142000000,
    "depreciationAndAmortization": 271000000,
    "ebitda": 671000000,
    "ebitdaratio": 0.3136979897,
    "operatingIncome": 386000000,
    "operatingIncomeRatio": 0.180458158,
    "totalOtherIncomeExpensesNet": -128000000,
    "incomeBeforeTax": 258000000,
    "incomeBeforeTaxRatio": 0.1206171108,
    "incomeTaxExpense": 92000000,
    "netIncome": 163000000,
    "netIncomeRatio": 0.0762038336,
    "eps": 0.97,
    "epsdiluted": 0.96,
    "weightedAverageShsOut": 169000000,
    "weightedAverageShsOutDil": 170000000,
    "link": "https://www.sec.gov/Archives/edgar/data/936340/000095012310098136/0000950123-10-098136-index.htm",
    "finalLink": "https://www.sec.gov/Archives/edgar/data/936340/000095012310098136/k49639e10vq.htm"
  },
  {
    "date": "2010-06-30",
    "symbol": "DTE",
    "reportedCurrency": "USD",
    "cik": "0000936340",
    "fillingDate": "2010-08-27",
    "acceptedDate": "2010-08-27 11:25:05",
    "calendarYear": "2010",
    "period": "Q2",
    "revenue": 1792000000,
    "costOfRevenue": 608000000,
    "grossProfit": 1184000000,
    "grossProfitRatio": 0.6607142857,
    "researchAndDevelopmentExpenses": 0,
    "generalAndAdministrativeExpenses": 0,
    "sellingAndMarketingExpenses": 0,
    "sellingGeneralAndAdministrativeExpenses": 0,
    "otherExpenses": 928000000,
    "operatingExpenses": 928000000,
    "costAndExpenses": 1536000000,
    "interestIncome": 3000000,
    "interestExpense": 136000000,
    "depreciationAndAmortization": 253000000,
    "ebitda": 520000000,
    "ebitdaratio": 0.2901785714,
    "operatingIncome": 256000000,
    "operatingIncomeRatio": 0.1428571429,
    "totalOtherIncomeExpensesNet": -125000000,
    "incomeBeforeTax": 131000000,
    "incomeBeforeTaxRatio": 0.0731026786,
    "incomeTaxExpense": 44000000,
    "netIncome": 86000000,
    "netIncomeRatio": 0.0479910714,
    "eps": 0.51,
    "epsdiluted": 0.51,
    "weightedAverageShsOut": 169000000,
    "weightedAverageShsOutDil": 169000000,
    "link": "https://www.sec.gov/Archives/edgar/data/936340/000095012310081600/0000950123-10-081600-index.htm",
    "finalLink": "https://www.sec.gov/Archives/edgar/data/936340/000095012310081600/k49309ae10vqza.htm"
  },
  {
    "date": "2010-03-31",
    "symbol": "DTE",
    "reportedCurrency": "USD",
    "cik": "0000936340",
    "fillingDate": "2010-04-29",
    "acceptedDate": "2010-04-29 12:11:37",
    "calendarYear": "2010",
    "period": "Q1",
    "revenue": 2453000000,
    "costOfRevenue": 995000000,
    "grossProfit": 1458000000,
    "grossProfitRatio": 0.5943742356,
    "researchAndDevelopmentExpenses": 0,
    "generalAndAdministrativeExpenses": 0,
    "sellingAndMarketingExpenses": 0,
    "sellingGeneralAndAdministrativeExpenses": 0,
    "otherExpenses": 986000000,
    "operatingExpenses": 986000000,
    "costAndExpenses": 1981000000,
    "interestIncome": 3000000,
    "interestExpense": 140000000,
    "depreciationAndAmortization": 251000000,
    "ebitda": 737000000,
    "ebitdaratio": 0.3004484305,
    "operatingIncome": 472000000,
    "operatingIncomeRatio": 0.192417448,
    "totalOtherIncomeExpensesNet": -126000000,
    "incomeBeforeTax": 346000000,
    "incomeBeforeTaxRatio": 0.1410517733,
    "incomeTaxExpense": 116000000,
    "netIncome": 229000000,
    "netIncomeRatio": 0.0933550754,
    "eps": 1.38,
    "epsdiluted": 1.38,
    "weightedAverageShsOut": 166000000,
    "weightedAverageShsOutDil": 166000000,
    "link": "https://www.sec.gov/Archives/edgar/data/936340/000095012310040289/0000950123-10-040289-index.htm",
    "finalLink": "https://www.sec.gov/Archives/edgar/data/936340/000095012310040289/k49105e10vq.htm"
  },
  {
    "date": "2009-12-31",
    "symbol": "DTE",
    "reportedCurrency": "USD",
    "cik": "0000936340",
    "fillingDate": "2010-02-23",
    "acceptedDate": "2010-02-23 17:23:23",
    "calendarYear": "2009",
    "period": "Q4",
    "revenue": 2110000000,
    "costOfRevenue": 846000000,
    "grossProfit": 1264000000,
    "grossProfitRatio": 0.5990521327,
    "researchAndDevelopmentExpenses": 0,
    "generalAndAdministrativeExpenses": 0,
    "sellingAndMarketingExpenses": 0,
    "sellingGeneralAndAdministrativeExpenses": 0,
    "otherExpenses": 968000000,
    "operatingExpenses": 968000000,
    "costAndExpenses": 1814000000,
    "interestIncome": 2000000,
    "interestExpense": 136000000,
    "depreciationAndAmortization": 282000000,
    "ebitda": 582000000,
    "ebitdaratio": 0.2758293839,
    "operatingIncome": 296000000,
    "operatingIncomeRatio": 0.1402843602,
    "totalOtherIncomeExpensesNet": -132000000,
    "incomeBeforeTax": 164000000,
    "incomeBeforeTaxRatio": 0.0777251185,
    "incomeTaxExpense": 50000000,
    "netIncome": 113000000,
    "netIncomeRatio": 0.0535545024,
    "eps": 0.68,
    "epsdiluted": 0.68,
    "weightedAverageShsOut": 164000000,
    "weightedAverageShsOutDil": 164000000,
    "link": "https://www.sec.gov/Archives/edgar/data/936340/000095012310015829/0000950123-10-015829-index.htm",
    "finalLink": "https://www.sec.gov/Archives/edgar/data/936340/000095012310015829/k48696e10vk.htm"
  },
  {
    "date": "2009-09-30",
    "symbol": "DTE",
    "reportedCurrency": "USD",
    "cik": "0000936340",
    "fillingDate": "2009-10-30",
    "acceptedDate": "2009-10-30 16:33:10",
    "calendarYear": "2009",
    "period": "Q3",
    "revenue": 1961000000,
    "costOfRevenue": 735000000,
    "grossProfit": 1215000000,
    "grossProfitRatio": 0.619581846,
    "researchAndDevelopmentExpenses": 0,
    "generalAndAdministrativeExpenses": 0,
    "sellingAndMarketingExpenses": 0,
    "sellingGeneralAndAdministrativeExpenses": 0,
    "otherExpenses": 883000000,
    "operatingExpenses": 883000000,
    "costAndExpenses": 1618000000,
    "interestIncome": 11000000,
    "interestExpense": 143000000,
    "depreciationAndAmortization": 266000000,
    "ebitda": 629000000,
    "ebitdaratio": 0.320754717,
    "operatingIncome": 332000000,
    "operatingIncomeRatio": 0.1693013768,
    "totalOtherIncomeExpensesNet": -112000000,
    "incomeBeforeTax": 220000000,
    "incomeBeforeTaxRatio": 0.1121876594,
    "incomeTaxExpense": 69000000,
    "netIncome": 151000000,
    "netIncomeRatio": 0.0770015298,
    "eps": 0.96,
    "epsdiluted": 0.96,
    "weightedAverageShsOut": 165000000,
    "weightedAverageShsOutDil": 165000000,
    "link": "https://www.sec.gov/Archives/edgar/data/936340/000095012309055676/0000950123-09-055676-index.htm",
    "finalLink": "https://www.sec.gov/Archives/edgar/data/936340/000095012309055676/k48430e10vq.htm"
  },
  {
    "date": "2009-06-30",
    "symbol": "DTE",
    "reportedCurrency": "USD",
    "cik": "0000936340",
    "fillingDate": "2009-07-31",
    "acceptedDate": "2009-07-31 17:05:04",
    "calendarYear": "2009",
    "period": "Q2",
    "revenue": 1688000000,
    "costOfRevenue": 577000000,
    "grossProfit": 1111000000,
    "grossProfitRatio": 0.6581753555,
    "researchAndDevelopmentExpenses": 0,
    "generalAndAdministrativeExpenses": 0,
    "sellingAndMarketingExpenses": 0,
    "sellingGeneralAndAdministrativeExpenses": 0,
    "otherExpenses": 896000000,
    "operatingExpenses": 896000000,
    "costAndExpenses": 1473000000,
    "interestIncome": 3000000,
    "interestExpense": 134000000,
    "depreciationAndAmortization": 240000000,
    "ebitda": 485000000,
    "ebitdaratio": 0.2873222749,
    "operatingIncome": 215000000,
    "operatingIncomeRatio": 0.1273696682,
    "totalOtherIncomeExpensesNet": -104000000,
    "incomeBeforeTax": 111000000,
    "incomeBeforeTaxRatio": 0.0657582938,
    "incomeTaxExpense": 27000000,
    "netIncome": 83000000,
    "netIncomeRatio": 0.0491706161,
    "eps": 0.51,
    "epsdiluted": 0.51,
    "weightedAverageShsOut": 164000000,
    "weightedAverageShsOutDil": 164000000,
    "link": "https://www.sec.gov/Archives/edgar/data/936340/000095012309028433/0000950123-09-028433-index.htm",
    "finalLink": "https://www.sec.gov/Archives/edgar/data/936340/000095012309028433/k48141e10vq.htm"
  },
  {
    "date": "2009-03-31",
    "symbol": "DTE",
    "reportedCurrency": "USD",
    "cik": "0000936340",
    "fillingDate": "2009-05-05",
    "acceptedDate": "2009-05-05 16:42:45",
    "calendarYear": "2009",
    "period": "Q1",
    "revenue": 2255000000,
    "costOfRevenue": 960000000,
    "grossProfit": 1295000000,
    "grossProfitRatio": 0.5742793792,
    "researchAndDevelopmentExpenses": 0,
    "generalAndAdministrativeExpenses": 0,
    "sellingAndMarketingExpenses": 0,
    "sellingGeneralAndAdministrativeExpenses": 0,
    "otherExpenses": 900000000,
    "operatingExpenses": 900000000,
    "costAndExpenses": 1860000000,
    "interestIncome": 3000000,
    "interestExpense": 132000000,
    "depreciationAndAmortization": 232000000,
    "ebitda": 640000000,
    "ebitdaratio": 0.2838137472,
    "operatingIncome": 395000000,
    "operatingIncomeRatio": 0.1751662971,
    "totalOtherIncomeExpensesNet": -119000000,
    "incomeBeforeTax": 276000000,
    "incomeBeforeTaxRatio": 0.1223946785,
    "incomeTaxExpense": 97000000,
    "netIncome": 178000000,
    "netIncomeRatio": 0.0789356984,
    "eps": 1.09,
    "epsdiluted": 1.09,
    "weightedAverageShsOut": 163000000,
    "weightedAverageShsOutDil": 163000000,
    "link": "https://www.sec.gov/Archives/edgar/data/936340/000095015209004723/0000950152-09-004723-index.htm",
    "finalLink": "https://www.sec.gov/Archives/edgar/data/936340/000095015209004723/k47785e10vq.htm"
  },
  {
    "date": "2008-12-31",
    "symbol": "DTE",
    "reportedCurrency": "USD",
    "cik": "0000936340",
    "fillingDate": "2009-02-27",
    "acceptedDate": "2009-02-27 16:38:46",
    "calendarYear": "2008",
    "period": "Q4",
    "revenue": 2170000000,
    "costOfRevenue": 974000000,
    "grossProfit": 1196000000,
    "grossProfitRatio": 0.5511520737,
    "researchAndDevelopmentExpenses": 0,
    "generalAndAdministrativeExpenses": 0,
    "sellingAndMarketingExpenses": 0,
    "sellingGeneralAndAdministrativeExpenses": 0,
    "otherExpenses": 894000000,
    "operatingExpenses": 894000000,
    "costAndExpenses": 1868000000,
    "interestIncome": 0,
    "interestExpense": 503000000,
    "depreciationAndAmortization": 224000000,
    "ebitda": 526000000,
    "ebitdaratio": 0.2423963134,
    "operatingIncome": 302000000,
    "operatingIncomeRatio": 0.1391705069,
    "totalOtherIncomeExpensesNet": -116000000,
    "incomeBeforeTax": 186000000,
    "incomeBeforeTaxRatio": 0.0857142857,
    "incomeTaxExpense": 57000000,
    "netIncome": 129000000,
    "netIncomeRatio": 0.0594470046,
    "eps": 0.79,
    "epsdiluted": 0.79,
    "weightedAverageShsOut": 162000000,
    "weightedAverageShsOutDil": 163000000,
    "link": "https://www.sec.gov/Archives/edgar/data/936340/000095015209001957/0000950152-09-001957-index.htm",
    "finalLink": "https://www.sec.gov/Archives/edgar/data/936340/000095015209001957/k47322e10vk.htm"
  },
  {
    "date": "2008-09-30",
    "symbol": "DTE",
    "reportedCurrency": "USD",
    "cik": "0000936340",
    "fillingDate": "2008-11-05",
    "acceptedDate": "2008-11-04 17:42:53",
    "calendarYear": "2008",
    "period": "Q3",
    "revenue": 2338000000,
    "costOfRevenue": 1034000000,
    "grossProfit": 1304000000,
    "grossProfitRatio": 0.5577416595,
    "researchAndDevelopmentExpenses": 0,
    "generalAndAdministrativeExpenses": 0,
    "sellingAndMarketingExpenses": 0,
    "sellingGeneralAndAdministrativeExpenses": 0,
    "otherExpenses": 929000000,
    "operatingExpenses": 929000000,
    "costAndExpenses": 1963000000,
    "interestIncome": 5000000,
    "interestExpense": 125000000,
    "depreciationAndAmortization": 235000000,
    "ebitda": 627000000,
    "ebitdaratio": 0.2681779299,
    "operatingIncome": 375000000,
    "operatingIncomeRatio": 0.1603934987,
    "totalOtherIncomeExpensesNet": -108000000,
    "incomeBeforeTax": 267000000,
    "incomeBeforeTaxRatio": 0.1142001711,
    "incomeTaxExpense": 97000000,
    "netIncome": 177000000,
    "netIncomeRatio": 0.0757057314,
    "eps": 1.08,
    "epsdiluted": 1.08,
    "weightedAverageShsOut": 163000000,
    "weightedAverageShsOutDil": 163000000,
    "link": "https://www.sec.gov/Archives/edgar/data/936340/000095015208008671/0000950152-08-008671-index.htm",
    "finalLink": "https://www.sec.gov/Archives/edgar/data/936340/000095015208008671/k46839e10vq.htm"
  },
  {
    "date": "2008-06-30",
    "symbol": "DTE",
    "reportedCurrency": "USD",
    "cik": "0000936340",
    "fillingDate": "2008-08-08",
    "acceptedDate": "2008-08-07 18:06:42",
    "calendarYear": "2008",
    "period": "Q2",
    "revenue": 2251000000,
    "costOfRevenue": 1032000000,
    "grossProfit": 1219000000,
    "grossProfitRatio": 0.5415370946,
    "researchAndDevelopmentExpenses": 0,
    "generalAndAdministrativeExpenses": 0,
    "sellingAndMarketingExpenses": 0,
    "sellingGeneralAndAdministrativeExpenses": 0,
    "otherExpenses": 1062000000,
    "operatingExpenses": 1062000000,
    "costAndExpenses": 2094000000,
    "interestIncome": 4000000,
    "interestExpense": 122000000,
    "depreciationAndAmortization": 215000000,
    "ebitda": 386000000,
    "ebitdaratio": 0.1714793425,
    "operatingIncome": 157000000,
    "operatingIncomeRatio": 0.0697467792,
    "totalOtherIncomeExpensesNet": -109000000,
    "incomeBeforeTax": 48000000,
    "incomeBeforeTaxRatio": 0.0213238561,
    "incomeTaxExpense": 18000000,
    "netIncome": 28000000,
    "netIncomeRatio": 0.012438916,
    "eps": 0.17,
    "epsdiluted": 0.17,
    "weightedAverageShsOut": 163000000,
    "weightedAverageShsOutDil": 163000000,
    "link": "https://www.sec.gov/Archives/edgar/data/936340/000095015208006181/0000950152-08-006181-index.htm",
    "finalLink": "https://www.sec.gov/Archives/edgar/data/936340/000095015208006181/k33717e10vq.htm"
  },
  {
    "date": "2008-03-31",
    "symbol": "DTE",
    "reportedCurrency": "USD",
    "cik": "0000936340",
    "fillingDate": "2008-05-12",
    "acceptedDate": "2008-05-12 16:44:47",
    "calendarYear": "2008",
    "period": "Q1",
    "revenue": 2570000000,
    "costOfRevenue": 1266000000,
    "grossProfit": 1304000000,
    "grossProfitRatio": 0.5073929961,
    "researchAndDevelopmentExpenses": 0,
    "generalAndAdministrativeExpenses": 0,
    "sellingAndMarketingExpenses": 0,
    "sellingGeneralAndAdministrativeExpenses": 0,
    "otherExpenses": 1005000000,
    "operatingExpenses": 1005000000,
    "costAndExpenses": 2271000000,
    "interestIncome": 0,
    "interestExpense": 0,
    "depreciationAndAmortization": 225000000,
    "ebitda": 525000000,
    "ebitdaratio": 0.2042801556,
    "operatingIncome": 299000000,
    "operatingIncomeRatio": 0.1163424125,
    "totalOtherIncomeExpensesNet": 17000000,
    "incomeBeforeTax": 316000000,
    "incomeBeforeTaxRatio": 0.1229571984,
    "incomeTaxExpense": 116000000,
    "netIncome": 212000000,
    "netIncomeRatio": 0.0824902724,
    "eps": 1.31,
    "epsdiluted": 1.3,
    "weightedAverageShsOut": 162000000,
    "weightedAverageShsOutDil": 163000000,
    "link": "https://www.sec.gov/Archives/edgar/data/936340/000095012408002371/0000950124-08-002371-index.htm",
    "finalLink": "https://www.sec.gov/Archives/edgar/data/936340/000095012408002371/k26447e10vq.htm"
  },
  {
    "date": "2007-12-31",
    "symbol": "DTE",
    "reportedCurrency": "USD",
    "cik": "0000936340",
    "fillingDate": "2008-03-07",
    "acceptedDate": "2008-03-07 16:47:25",
    "calendarYear": "2007",
    "period": "Q4",
    "revenue": 1405000000,
    "costOfRevenue": 957000000,
    "grossProfit": 448000000,
    "grossProfitRatio": 0.31886121,
    "researchAndDevelopmentExpenses": 0,
    "generalAndAdministrativeExpenses": 0,
    "sellingAndMarketingExpenses": 0,
    "sellingGeneralAndAdministrativeExpenses": 0,
    "otherExpenses": -926000000,
    "operatingExpenses": -926000000,
    "costAndExpenses": 31000000,
    "interestIncome": 0,
    "interestExpense": 0,
    "depreciationAndAmortization": 210000000,
    "ebitda": 1590000000,
    "ebitdaratio": 1.1316725979,
    "operatingIncome": 1374000000,
    "operatingIncomeRatio": 0.9779359431,
    "totalOtherIncomeExpensesNet": -1291000000,
    "incomeBeforeTax": 83000000,
    "incomeBeforeTaxRatio": 0.0590747331,
    "incomeTaxExpense": 12000000,
    "netIncome": 255000000,
    "netIncomeRatio": 0.1814946619,
    "eps": 1.57,
    "epsdiluted": 1.57,
    "weightedAverageShsOut": 169000000,
    "weightedAverageShsOutDil": 170000000,
    "link": "https://www.sec.gov/Archives/edgar/data/936340/000095012408001093/0000950124-08-001093-index.htm",
    "finalLink": "https://www.sec.gov/Archives/edgar/data/936340/000095012408001093/k23278e10vk.htm"
  },
  {
    "date": "2007-09-30",
    "symbol": "DTE",
    "reportedCurrency": "USD",
    "cik": "0000936340",
    "fillingDate": "2007-11-09",
    "acceptedDate": "2007-11-09 17:07:06",
    "calendarYear": "2007",
    "period": "Q3",
    "revenue": 2417000000,
    "costOfRevenue": 763000000,
    "grossProfit": 1365000000,
    "grossProfitRatio": 0.5647496897,
    "researchAndDevelopmentExpenses": 0,
    "generalAndAdministrativeExpenses": 0,
    "sellingAndMarketingExpenses": 0,
    "sellingGeneralAndAdministrativeExpenses": 0,
    "otherExpenses": 1079000000,
    "operatingExpenses": 1079000000,
    "costAndExpenses": 1842000000,
    "interestIncome": 0,
    "interestExpense": 0,
    "depreciationAndAmortization": 249000000,
    "ebitda": 535000000,
    "ebitdaratio": 0.2213487795,
    "operatingIncome": 286000000,
    "operatingIncomeRatio": 0.1183285064,
    "totalOtherIncomeExpensesNet": -100000000,
    "incomeBeforeTax": 186000000,
    "incomeBeforeTaxRatio": 0.0769549028,
    "incomeTaxExpense": 34000000,
    "netIncome": 152000000,
    "netIncomeRatio": 0.0628878775,
    "eps": 1.2,
    "epsdiluted": 1.19,
    "weightedAverageShsOut": 165000000,
    "weightedAverageShsOutDil": 166000000,
    "link": "https://www.sec.gov/Archives/edgar/data/936340/000095012407005740/0000950124-07-005740-index.htm",
    "finalLink": "https://www.sec.gov/Archives/edgar/data/936340/000095012407005740/k21300e10vq.htm"
  },
  {
    "date": "2007-06-30",
    "symbol": "DTE",
    "reportedCurrency": "USD",
    "cik": "0000936340",
    "fillingDate": "2007-08-14",
    "acceptedDate": "2007-08-14 17:22:37",
    "calendarYear": "2007",
    "period": "Q2",
    "revenue": 1677000000,
    "costOfRevenue": 698000000,
    "grossProfit": 979000000,
    "grossProfitRatio": 0.5837805605,
    "researchAndDevelopmentExpenses": 0,
    "generalAndAdministrativeExpenses": 0,
    "sellingAndMarketingExpenses": 0,
    "sellingGeneralAndAdministrativeExpenses": 0,
    "otherExpenses": 1146000000,
    "operatingExpenses": 1146000000,
    "costAndExpenses": 1844000000,
    "interestIncome": 0,
    "interestExpense": 0,
    "depreciationAndAmortization": 242000000,
    "ebitda": 75000000,
    "ebitdaratio": 0.0447227191,
    "operatingIncome": -167000000,
    "operatingIncomeRatio": -0.099582588,
    "totalOtherIncomeExpensesNet": 758000000,
    "incomeBeforeTax": 591000000,
    "incomeBeforeTaxRatio": 0.3524150268,
    "incomeTaxExpense": 243000000,
    "netIncome": 385000000,
    "netIncomeRatio": 0.2295766249,
    "eps": 2.21,
    "epsdiluted": 2.2,
    "weightedAverageShsOut": 174000000,
    "weightedAverageShsOutDil": 175000000,
    "link": "https://www.sec.gov/Archives/edgar/data/936340/000095012407004283/0000950124-07-004283-index.htm",
    "finalLink": "https://www.sec.gov/Archives/edgar/data/936340/000095012407004283/k17686e10vq.htm"
  },
  {
    "date": "2007-03-31",
    "symbol": "DTE",
    "reportedCurrency": "USD",
    "cik": "0000936340",
    "fillingDate": "2007-05-09",
    "acceptedDate": "2007-05-09 17:24:24",
    "calendarYear": "2007",
    "period": "Q1",
    "revenue": 2730000000,
    "costOfRevenue": 1135000000,
    "grossProfit": 1328000000,
    "grossProfitRatio": 0.4864468864,
    "researchAndDevelopmentExpenses": 0,
    "generalAndAdministrativeExpenses": 0,
    "sellingAndMarketingExpenses": 0,
    "sellingGeneralAndAdministrativeExpenses": 0,
    "otherExpenses": 1048000000,
    "operatingExpenses": 1048000000,
    "costAndExpenses": 2183000000,
    "interestIncome": 0,
    "interestExpense": 0,
    "depreciationAndAmortization": 225000000,
    "ebitda": 505000000,
    "ebitdaratio": 0.184981685,
    "operatingIncome": 280000000,
    "operatingIncomeRatio": 0.1025641026,
    "totalOtherIncomeExpensesNet": -133000000,
    "incomeBeforeTax": 147000000,
    "incomeBeforeTaxRatio": 0.0538461538,
    "incomeTaxExpense": 51000000,
    "netIncome": 134000000,
    "netIncomeRatio": 0.0490842491,
    "eps": 0.76,
    "epsdiluted": 0.76,
    "weightedAverageShsOut": 176000000,
    "weightedAverageShsOutDil": 177000000,
    "link": "https://www.sec.gov/Archives/edgar/data/936340/000095013707007133/0000950137-07-007133-index.htm",
    "finalLink": "https://www.sec.gov/Archives/edgar/data/936340/000095013707007133/k15052e10vq.htm"
  },
  {
    "date": "2006-12-31",
    "symbol": "DTE",
    "reportedCurrency": "USD",
    "cik": "0000936340",
    "fillingDate": "2007-03-01",
    "acceptedDate": "2007-03-01 17:20:45",
    "calendarYear": "2006",
    "period": "Q4",
    "revenue": 2296000000,
    "costOfRevenue": 779000000,
    "grossProfit": 1517000000,
    "grossProfitRatio": 0.6607142857,
    "researchAndDevelopmentExpenses": 0,
    "generalAndAdministrativeExpenses": 0,
    "sellingAndMarketingExpenses": 0,
    "sellingGeneralAndAdministrativeExpenses": 0,
    "otherExpenses": 1390000000,
    "operatingExpenses": 1390000000,
    "costAndExpenses": 2169000000,
    "interestIncome": 0,
    "interestExpense": 0,
    "depreciationAndAmortization": 213000000,
    "ebitda": 340000000,
    "ebitdaratio": 0.1480836237,
    "operatingIncome": 127000000,
    "operatingIncomeRatio": 0.0553135889,
    "totalOtherIncomeExpensesNet": 45000000,
    "incomeBeforeTax": 172000000,
    "incomeBeforeTaxRatio": 0.074912892,
    "incomeTaxExpense": 28000000,
    "netIncome": 142000000,
    "netIncomeRatio": 0.0618466899,
    "eps": 0.81,
    "epsdiluted": 0.81,
    "weightedAverageShsOut": 177000000,
    "weightedAverageShsOutDil": 178000000,
    "link": "https://www.sec.gov/Archives/edgar/data/936340/000095012407001240/0000950124-07-001240-index.htm",
    "finalLink": "https://www.sec.gov/Archives/edgar/data/936340/000095012407001240/k12582e10vk.htm"
  },
  {
    "date": "2006-09-30",
    "symbol": "DTE",
    "reportedCurrency": "USD",
    "cik": "0000936340",
    "fillingDate": "2006-11-14",
    "acceptedDate": "2006-11-14 14:36:01",
    "calendarYear": "2006",
    "period": "Q3",
    "revenue": 2196000000,
    "costOfRevenue": 629000000,
    "grossProfit": 1567000000,
    "grossProfitRatio": 0.7135701275,
    "researchAndDevelopmentExpenses": 0,
    "generalAndAdministrativeExpenses": 0,
    "sellingAndMarketingExpenses": 0,
    "sellingGeneralAndAdministrativeExpenses": 0,
    "otherExpenses": 1200000000,
    "operatingExpenses": 1200000000,
    "costAndExpenses": 1829000000,
    "interestIncome": 0,
    "interestExpense": 0,
    "depreciationAndAmortization": 355000000,
    "ebitda": 722000000,
    "ebitdaratio": 0.3287795993,
    "operatingIncome": 367000000,
    "operatingIncomeRatio": 0.1671220401,
    "totalOtherIncomeExpensesNet": -119000000,
    "incomeBeforeTax": 248000000,
    "incomeBeforeTaxRatio": 0.1129326047,
    "incomeTaxExpense": 59000000,
    "netIncome": 188000000,
    "netIncomeRatio": 0.0856102004,
    "eps": 1.06,
    "epsdiluted": 1.06,
    "weightedAverageShsOut": 177000000,
    "weightedAverageShsOutDil": 178000000,
    "link": "https://www.sec.gov/Archives/edgar/data/936340/000095012406006886/0000950124-06-006886-index.htm",
    "finalLink": "https://www.sec.gov/Archives/edgar/data/936340/000095012406006886/k09937e10vq.htm"
  },
  {
    "date": "2006-06-30",
    "symbol": "DTE",
    "reportedCurrency": "USD",
    "cik": "0000936340",
    "fillingDate": "2006-08-09",
    "acceptedDate": "2006-08-09 14:49:34",
    "calendarYear": "2006",
    "period": "Q2",
    "revenue": 1895000000,
    "costOfRevenue": 588000000,
    "grossProfit": 1307000000,
    "grossProfitRatio": 0.6897097625,
    "researchAndDevelopmentExpenses": 0,
    "generalAndAdministrativeExpenses": 0,
    "sellingAndMarketingExpenses": 0,
    "sellingGeneralAndAdministrativeExpenses": 0,
    "otherExpenses": 1210000000,
    "operatingExpenses": 1210000000,
    "costAndExpenses": 1798000000,
    "interestIncome": 0,
    "interestExpense": 0,
    "depreciationAndAmortization": 221000000,
    "ebitda": 318000000,
    "ebitdaratio": 0.1678100264,
    "operatingIncome": 97000000,
    "operatingIncomeRatio": 0.0511873351,
    "totalOtherIncomeExpensesNet": -137000000,
    "incomeBeforeTax": -40000000,
    "incomeBeforeTaxRatio": -0.0211081794,
    "incomeTaxExpense": -8000000,
    "netIncome": -33000000,
    "netIncomeRatio": -0.017414248,
    "eps": -0.19,
    "epsdiluted": -0.19,
    "weightedAverageShsOut": 177000000,
    "weightedAverageShsOutDil": 177000000,
    "link": "https://www.sec.gov/Archives/edgar/data/936340/000095012406004364/0000950124-06-004364-index.htm",
    "finalLink": "https://www.sec.gov/Archives/edgar/data/936340/000095012406004364/k07407e10vq.htm"
  },
  {
    "date": "2006-03-31",
    "symbol": "DTE",
    "reportedCurrency": "USD",
    "cik": "0000936340",
    "fillingDate": "2006-05-10",
    "acceptedDate": "2006-05-10 10:25:39",
    "calendarYear": "2006",
    "period": "Q1",
    "revenue": 2635000000,
    "costOfRevenue": 1060000000,
    "grossProfit": 1575000000,
    "grossProfitRatio": 0.5977229602,
    "researchAndDevelopmentExpenses": 0,
    "generalAndAdministrativeExpenses": 0,
    "sellingAndMarketingExpenses": 0,
    "sellingGeneralAndAdministrativeExpenses": 0,
    "otherExpenses": 1338000000,
    "operatingExpenses": 1338000000,
    "costAndExpenses": 2398000000,
    "interestIncome": 0,
    "interestExpense": 0,
    "depreciationAndAmortization": 225000000,
    "ebitda": 462000000,
    "ebitdaratio": 0.1753320683,
    "operatingIncome": 237000000,
    "operatingIncomeRatio": 0.089943074,
    "totalOtherIncomeExpensesNet": -43000000,
    "incomeBeforeTax": 194000000,
    "incomeBeforeTaxRatio": 0.0736242884,
    "incomeTaxExpense": 58000000,
    "netIncome": 136000000,
    "netIncomeRatio": 0.0516129032,
    "eps": 0.77,
    "epsdiluted": 0.76,
    "weightedAverageShsOut": 177000000,
    "weightedAverageShsOutDil": 178000000,
    "link": "https://www.sec.gov/Archives/edgar/data/936340/000095012406002625/0000950124-06-002625-index.htm",
    "finalLink": "https://www.sec.gov/Archives/edgar/data/936340/000095012406002625/k04892e10vq.htm"
  },
  {
    "date": "2005-12-31",
    "symbol": "DTE",
    "reportedCurrency": "USD",
    "cik": "0000936340",
    "fillingDate": "2006-03-08",
    "acceptedDate": "2006-03-08 09:20:35",
    "calendarYear": "2005",
    "period": "Q4",
    "revenue": 2712000000,
    "costOfRevenue": 1084000000,
    "grossProfit": 1628000000,
    "grossProfitRatio": 0.6002949853,
    "researchAndDevelopmentExpenses": 0,
    "generalAndAdministrativeExpenses": 0,
    "sellingAndMarketingExpenses": 0,
    "sellingGeneralAndAdministrativeExpenses": 0,
    "otherExpenses": 1234000000,
    "operatingExpenses": 1234000000,
    "costAndExpenses": 2318000000,
    "interestIncome": 0,
    "interestExpense": 0,
    "depreciationAndAmortization": 209000000,
    "ebitda": 603000000,
    "ebitdaratio": 0.2223451327,
    "operatingIncome": 394000000,
    "operatingIncomeRatio": 0.145280236,
    "totalOtherIncomeExpensesNet": 142000000,
    "incomeBeforeTax": 536000000,
    "incomeBeforeTaxRatio": 0.197640118,
    "incomeTaxExpense": 148000000,
    "netIncome": 382000000,
    "netIncomeRatio": 0.1408554572,
    "eps": 2.16,
    "epsdiluted": 2.16,
    "weightedAverageShsOut": 175000000,
    "weightedAverageShsOutDil": 176000000,
    "link": "https://www.sec.gov/Archives/edgar/data/936340/000095012406001039/0000950124-06-001039-index.htm",
    "finalLink": "https://www.sec.gov/Archives/edgar/data/936340/000095012406001039/k01978e10vk.htm"
  },
  {
    "date": "2005-09-30",
    "symbol": "DTE",
    "reportedCurrency": "USD",
    "cik": "0000936340",
    "fillingDate": "2005-11-08",
    "acceptedDate": "2005-11-08 16:03:55",
    "calendarYear": "2005",
    "period": "Q3",
    "revenue": 2060000000,
    "costOfRevenue": 839000000,
    "grossProfit": 1221000000,
    "grossProfitRatio": 0.5927184466,
    "researchAndDevelopmentExpenses": 0,
    "generalAndAdministrativeExpenses": 0,
    "sellingAndMarketingExpenses": 0,
    "sellingGeneralAndAdministrativeExpenses": 0,
    "otherExpenses": 1278000000,
    "operatingExpenses": 1278000000,
    "costAndExpenses": 2117000000,
    "interestIncome": 0,
    "interestExpense": 0,
    "depreciationAndAmortization": 239000000,
    "ebitda": 182000000,
    "ebitdaratio": 0.0883495146,
    "operatingIncome": -57000000,
    "operatingIncomeRatio": -0.0276699029,
    "totalOtherIncomeExpensesNet": 96000000,
    "incomeBeforeTax": 39000000,
    "incomeBeforeTaxRatio": 0.0189320388,
    "incomeTaxExpense": 10000000,
    "netIncome": 4000000,
    "netIncomeRatio": 0.0019417476,
    "eps": 0.02,
    "epsdiluted": 0.02,
    "weightedAverageShsOut": 176000000,
    "weightedAverageShsOutDil": 177000000,
    "link": "https://www.sec.gov/Archives/edgar/data/936340/000095012405006246/0000950124-05-006246-index.htm",
    "finalLink": "https://www.sec.gov/Archives/edgar/data/936340/000095012405006246/k99339e10vq.htm"
  },
  {
    "date": "2005-06-30",
    "symbol": "DTE",
    "reportedCurrency": "USD",
    "cik": "0000936340",
    "fillingDate": "2005-08-04",
    "acceptedDate": "2005-08-04 16:55:25",
    "calendarYear": "2005",
    "period": "Q2",
    "revenue": 1941000000,
    "costOfRevenue": 638000000,
    "grossProfit": 1303000000,
    "grossProfitRatio": 0.6713034518,
    "researchAndDevelopmentExpenses": 0,
    "generalAndAdministrativeExpenses": 0,
    "sellingAndMarketingExpenses": 0,
    "sellingGeneralAndAdministrativeExpenses": 0,
    "otherExpenses": 1232000000,
    "operatingExpenses": 1232000000,
    "costAndExpenses": 1870000000,
    "interestIncome": 0,
    "interestExpense": 0,
    "depreciationAndAmortization": 216000000,
    "ebitda": 287000000,
    "ebitdaratio": 0.1478619268,
    "operatingIncome": 71000000,
    "operatingIncomeRatio": 0.0365790829,
    "totalOtherIncomeExpensesNet": -35000000,
    "incomeBeforeTax": 36000000,
    "incomeBeforeTaxRatio": 0.0185471406,
    "incomeTaxExpense": 3000000,
    "netIncome": 29000000,
    "netIncomeRatio": 0.0149407522,
    "eps": 0.17,
    "epsdiluted": 0.17,
    "weightedAverageShsOut": 174000000,
    "weightedAverageShsOutDil": 175000000,
    "link": "https://www.sec.gov/Archives/edgar/data/936340/000095012405004690/0000950124-05-004690-index.htm",
    "finalLink": "https://www.sec.gov/Archives/edgar/data/936340/000095012405004690/k97188e10vq.htm"
  },
  {
    "date": "2005-03-31",
    "symbol": "DTE",
    "reportedCurrency": "USD",
    "cik": "0000936340",
    "fillingDate": "2005-05-10",
    "acceptedDate": "2005-05-10 17:07:17",
    "calendarYear": "2005",
    "period": "Q1",
    "revenue": 2309000000,
    "costOfRevenue": 969000000,
    "grossProfit": 1340000000,
    "grossProfitRatio": 0.5803378086,
    "researchAndDevelopmentExpenses": 0,
    "generalAndAdministrativeExpenses": 0,
    "sellingAndMarketingExpenses": 0,
    "sellingGeneralAndAdministrativeExpenses": 0,
    "otherExpenses": 1192000000,
    "operatingExpenses": 1192000000,
    "costAndExpenses": 2161000000,
    "interestIncome": 0,
    "interestExpense": 0,
    "depreciationAndAmortization": 208000000,
    "ebitda": 356000000,
    "ebitdaratio": 0.1541792984,
    "operatingIncome": 148000000,
    "operatingIncomeRatio": 0.0640970117,
    "totalOtherIncomeExpensesNet": 16000000,
    "incomeBeforeTax": 164000000,
    "incomeBeforeTaxRatio": 0.0710264184,
    "incomeTaxExpense": 38000000,
    "netIncome": 122000000,
    "netIncomeRatio": 0.0528367259,
    "eps": 0.7,
    "epsdiluted": 0.7,
    "weightedAverageShsOut": 174000000,
    "weightedAverageShsOutDil": 175000000,
    "link": "https://www.sec.gov/Archives/edgar/data/936340/000095012405003187/0000950124-05-003187-index.htm",
    "finalLink": "https://www.sec.gov/Archives/edgar/data/936340/000095012405003187/k94786e10vq.htm"
  },
  {
    "date": "2004-12-31",
    "symbol": "DTE",
    "reportedCurrency": "USD",
    "cik": "0000936340",
    "fillingDate": "2005-03-15",
    "acceptedDate": "2005-03-15 17:27:54",
    "calendarYear": "2004",
    "period": "Q4",
    "revenue": 1926000000,
    "costOfRevenue": 573000000,
    "grossProfit": 1353000000,
    "grossProfitRatio": 0.7024922118,
    "researchAndDevelopmentExpenses": 0,
    "generalAndAdministrativeExpenses": 0,
    "sellingAndMarketingExpenses": 0,
    "sellingGeneralAndAdministrativeExpenses": 0,
    "otherExpenses": 977000000,
    "operatingExpenses": 977000000,
    "costAndExpenses": 1550000000,
    "interestIncome": 0,
    "interestExpense": 0,
    "depreciationAndAmortization": 208000000,
    "ebitda": 584000000,
    "ebitdaratio": 0.303219107,
    "operatingIncome": 376000000,
    "operatingIncomeRatio": 0.1952232606,
    "totalOtherIncomeExpensesNet": -222000000,
    "incomeBeforeTax": 154000000,
    "incomeBeforeTaxRatio": 0.0799584631,
    "incomeTaxExpense": 36000000,
    "netIncome": 113000000,
    "netIncomeRatio": 0.0586708204,
    "eps": 0.65,
    "epsdiluted": 0.65,
    "weightedAverageShsOut": 173000000,
    "weightedAverageShsOutDil": 174000000,
    "link": "https://www.sec.gov/Archives/edgar/data/936340/000095012405001542/0000950124-05-001542-index.htm",
    "finalLink": "https://www.sec.gov/Archives/edgar/data/936340/000095012405001542/k91838e10vk.htm"
  },
  {
    "date": "2004-09-30",
    "symbol": "DTE",
    "reportedCurrency": "USD",
    "cik": "0000936340",
    "fillingDate": "2004-11-08",
    "acceptedDate": "2004-11-08 09:57:12",
    "calendarYear": "2004",
    "period": "Q3",
    "revenue": 1586000000,
    "costOfRevenue": 316000000,
    "grossProfit": 1270000000,
    "grossProfitRatio": 0.8007566204,
    "researchAndDevelopmentExpenses": 0,
    "generalAndAdministrativeExpenses": 0,
    "sellingAndMarketingExpenses": 0,
    "sellingGeneralAndAdministrativeExpenses": 0,
    "otherExpenses": 1148000000,
    "operatingExpenses": 1148000000,
    "costAndExpenses": 1464000000,
    "interestIncome": 0,
    "interestExpense": 0,
    "depreciationAndAmortization": 190000000,
    "ebitda": 312000000,
    "ebitdaratio": 0.1967213115,
    "operatingIncome": 122000000,
    "operatingIncomeRatio": 0.0769230769,
    "totalOtherIncomeExpensesNet": 12000000,
    "incomeBeforeTax": 134000000,
    "incomeBeforeTaxRatio": 0.0844892812,
    "incomeTaxExpense": 37000000,
    "netIncome": 93000000,
    "netIncomeRatio": 0.0586380832,
    "eps": 0.54,
    "epsdiluted": 0.54,
    "weightedAverageShsOut": 173000000,
    "weightedAverageShsOutDil": 174000000,
    "link": "https://www.sec.gov/Archives/edgar/data/936340/000095012404005399/0000950124-04-005399-index.htm",
    "finalLink": "https://www.sec.gov/Archives/edgar/data/936340/000095012404005399/k88660e10vq.htm"
  },
  {
    "date": "2004-06-30",
    "symbol": "DTE",
    "reportedCurrency": "USD",
    "cik": "0000936340",
    "fillingDate": "2004-08-05",
    "acceptedDate": "2004-08-04 18:43:45",
    "calendarYear": "2004",
    "period": "Q2",
    "revenue": 1501000000,
    "costOfRevenue": 377000000,
    "grossProfit": 1124000000,
    "grossProfitRatio": 0.7488341106,
    "researchAndDevelopmentExpenses": 0,
    "generalAndAdministrativeExpenses": 0,
    "sellingAndMarketingExpenses": 0,
    "sellingGeneralAndAdministrativeExpenses": 0,
    "otherExpenses": 1090000000,
    "operatingExpenses": 1090000000,
    "costAndExpenses": 1467000000,
    "interestIncome": 0,
    "interestExpense": 0,
    "depreciationAndAmortization": 179000000,
    "ebitda": 213000000,
    "ebitdaratio": 0.1419053964,
    "operatingIncome": 34000000,
    "operatingIncomeRatio": 0.0226515656,
    "totalOtherIncomeExpensesNet": 19000000,
    "incomeBeforeTax": 53000000,
    "incomeBeforeTaxRatio": 0.0353097935,
    "incomeTaxExpense": 18000000,
    "netIncome": 35000000,
    "netIncomeRatio": 0.0233177881,
    "eps": 0.2,
    "epsdiluted": 0.2,
    "weightedAverageShsOut": 173000000,
    "weightedAverageShsOutDil": 174000000,
    "link": "https://www.sec.gov/Archives/edgar/data/936340/000095012404003565/0000950124-04-003565-index.htm",
    "finalLink": "https://www.sec.gov/Archives/edgar/data/936340/000095012404003565/k86615e10vq.htm"
  },
  {
    "date": "2004-03-31",
    "symbol": "DTE",
    "reportedCurrency": "USD",
    "cik": "0000936340",
    "fillingDate": "2004-05-05",
    "acceptedDate": "2004-05-05 17:14:32",
    "calendarYear": "2004",
    "period": "Q1",
    "revenue": 2093000000,
    "costOfRevenue": 741000000,
    "grossProfit": 1352000000,
    "grossProfitRatio": 0.6459627329,
    "researchAndDevelopmentExpenses": 0,
    "generalAndAdministrativeExpenses": 0,
    "sellingAndMarketingExpenses": 0,
    "sellingGeneralAndAdministrativeExpenses": 0,
    "otherExpenses": 1035000000,
    "operatingExpenses": 1035000000,
    "costAndExpenses": 1776000000,
    "interestIncome": 0,
    "interestExpense": 0,
    "depreciationAndAmortization": 167000000,
    "ebitda": 484000000,
    "ebitdaratio": 0.2312470139,
    "operatingIncome": 317000000,
    "operatingIncomeRatio": 0.1514572384,
    "totalOtherIncomeExpensesNet": -45000000,
    "incomeBeforeTax": 272000000,
    "incomeBeforeTaxRatio": 0.1299569995,
    "incomeTaxExpense": 75000000,
    "netIncome": 190000000,
    "netIncomeRatio": 0.0907787864,
    "eps": 1.12,
    "epsdiluted": 1.11,
    "weightedAverageShsOut": 170000000,
    "weightedAverageShsOutDil": 170000000,
    "link": "https://www.sec.gov/Archives/edgar/data/936340/000095012404002059/0000950124-04-002059-index.htm",
    "finalLink": "https://www.sec.gov/Archives/edgar/data/936340/000095012404002059/k84982e10vq.htm"
  },
  {
    "date": "2003-12-31",
    "symbol": "DTE",
    "reportedCurrency": "USD",
    "cik": "0000936340",
    "fillingDate": "2004-03-03",
    "acceptedDate": "2004-03-02 21:46:08",
    "calendarYear": "2003",
    "period": "Q4",
    "revenue": 1692000000,
    "costOfRevenue": 483000000,
    "grossProfit": 1209000000,
    "grossProfitRatio": 0.7145390071,
    "researchAndDevelopmentExpenses": 0,
    "generalAndAdministrativeExpenses": 0,
    "sellingAndMarketingExpenses": 0,
    "sellingGeneralAndAdministrativeExpenses": 0,
    "otherExpenses": 1054000000,
    "operatingExpenses": 1054000000,
    "costAndExpenses": 1537000000,
    "interestIncome": 0,
    "interestExpense": 546000000,
    "depreciationAndAmortization": 140000000,
    "ebitda": 295000000,
    "ebitdaratio": 0.1743498818,
    "operatingIncome": 155000000,
    "operatingIncomeRatio": 0.091607565,
    "totalOtherIncomeExpensesNet": 7000000,
    "incomeBeforeTax": 162000000,
    "incomeBeforeTaxRatio": 0.0957446809,
    "incomeTaxExpense": -67000000,
    "netIncome": 229000000,
    "netIncomeRatio": 0.1353427896,
    "eps": 1.35,
    "epsdiluted": 1.35,
    "weightedAverageShsOut": 168000000,
    "weightedAverageShsOutDil": 170000000,
    "link": "https://www.sec.gov/Archives/edgar/data/936340/000095012404000639/0000950124-04-000639-index.htm",
    "finalLink": "https://www.sec.gov/Archives/edgar/data/936340/000095012404000639/k81862e10vk.htm"
  },
  {
    "date": "2003-09-30",
    "symbol": "DTE",
    "reportedCurrency": "USD",
    "cik": "0000936340",
    "fillingDate": "2003-11-07",
    "acceptedDate": "2003-11-07 14:25:03",
    "calendarYear": "2003",
    "period": "Q3",
    "revenue": 1654000000,
    "costOfRevenue": 452000000,
    "grossProfit": 1202000000,
    "grossProfitRatio": 0.7267230955,
    "researchAndDevelopmentExpenses": 0,
    "generalAndAdministrativeExpenses": 0,
    "sellingAndMarketingExpenses": 0,
    "sellingGeneralAndAdministrativeExpenses": 0,
    "otherExpenses": 983000000,
    "operatingExpenses": 983000000,
    "costAndExpenses": 1435000000,
    "interestIncome": 0,
    "interestExpense": 0,
    "depreciationAndAmortization": 170000000,
    "ebitda": 389000000,
    "ebitdaratio": 0.2351874244,
    "operatingIncome": 219000000,
    "operatingIncomeRatio": 0.1324062878,
    "totalOtherIncomeExpensesNet": -82000000,
    "incomeBeforeTax": 137000000,
    "incomeBeforeTaxRatio": 0.0828295042,
    "incomeTaxExpense": -43000000,
    "netIncome": 176000000,
    "netIncomeRatio": 0.1064087062,
    "eps": 1.05,
    "epsdiluted": 1.04,
    "weightedAverageShsOut": 168000000,
    "weightedAverageShsOutDil": 168000000,
    "link": "https://www.sec.gov/Archives/edgar/data/936340/000095012403003491/0000950124-03-003491-index.htm",
    "finalLink": "https://www.sec.gov/Archives/edgar/data/936340/000095012403003491/k80342e10vq.htm"
  },
  {
    "date": "2003-06-30",
    "symbol": "DTE",
    "reportedCurrency": "USD",
    "cik": "0000936340",
    "fillingDate": "2003-08-14",
    "acceptedDate": "2003-08-14 13:00:51",
    "calendarYear": "2003",
    "period": "Q2",
    "revenue": 1600000000,
    "costOfRevenue": 493000000,
    "grossProfit": 1107000000,
    "grossProfitRatio": 0.691875,
    "researchAndDevelopmentExpenses": 0,
    "generalAndAdministrativeExpenses": 0,
    "sellingAndMarketingExpenses": 0,
    "sellingGeneralAndAdministrativeExpenses": 0,
    "otherExpenses": 1059000000,
    "operatingExpenses": 1059000000,
    "costAndExpenses": 1552000000,
    "interestIncome": 0,
    "interestExpense": 0,
    "depreciationAndAmortization": 180000000,
    "ebitda": 228000000,
    "ebitdaratio": 0.1425,
    "operatingIncome": 48000000,
    "operatingIncomeRatio": 0.03,
    "totalOtherIncomeExpensesNet": -72000000,
    "incomeBeforeTax": -24000000,
    "incomeBeforeTaxRatio": -0.015,
    "incomeTaxExpense": 13000000,
    "netIncome": -39000000,
    "netIncomeRatio": -0.024375,
    "eps": -0.23,
    "epsdiluted": -0.23,
    "weightedAverageShsOut": 168000000,
    "weightedAverageShsOutDil": 168000000,
    "link": "https://www.sec.gov/Archives/edgar/data/936340/000095012403002765/0000950124-03-002765-index.htm",
    "finalLink": "https://www.sec.gov/Archives/edgar/data/936340/000095012403002765/k78563e10vq.htm"
  },
  {
    "date": "2003-03-31",
    "symbol": "DTE",
    "reportedCurrency": "USD",
    "cik": "0000936340",
    "fillingDate": "2003-05-15",
    "acceptedDate": "2003-05-15 13:58:32",
    "calendarYear": "2003",
    "period": "Q1",
    "revenue": 2095000000,
    "costOfRevenue": 813000000,
    "grossProfit": 1282000000,
    "grossProfitRatio": 0.6119331742,
    "researchAndDevelopmentExpenses": 0,
    "generalAndAdministrativeExpenses": 0,
    "sellingAndMarketingExpenses": 0,
    "sellingGeneralAndAdministrativeExpenses": 0,
    "otherExpenses": 1065000000,
    "operatingExpenses": 1065000000,
    "costAndExpenses": 1878000000,
    "interestIncome": 0,
    "interestExpense": 0,
    "depreciationAndAmortization": 201000000,
    "ebitda": 418000000,
    "ebitdaratio": 0.199522673,
    "operatingIncome": 217000000,
    "operatingIncomeRatio": 0.1035799523,
    "totalOtherIncomeExpensesNet": -135000000,
    "incomeBeforeTax": 82000000,
    "incomeBeforeTaxRatio": 0.0391408115,
    "incomeTaxExpense": -26000000,
    "netIncome": 155000000,
    "netIncomeRatio": 0.0739856802,
    "eps": 0.92,
    "epsdiluted": 0.92,
    "weightedAverageShsOut": 167000000,
    "weightedAverageShsOutDil": 168000000,
    "link": "https://www.sec.gov/Archives/edgar/data/936340/000095012403001785/0000950124-03-001785-index.htm",
    "finalLink": "https://www.sec.gov/Archives/edgar/data/936340/000095012403001785/k76745e10vq.htm"
  },
  {
    "date": "2002-12-31",
    "symbol": "DTE",
    "reportedCurrency": "USD",
    "cik": "0000936340",
    "fillingDate": "2003-03-24",
    "acceptedDate": "2003-03-24 15:48:08",
    "calendarYear": "2002",
    "period": "Q4",
    "revenue": 1684000000,
    "costOfRevenue": 435000000,
    "grossProfit": 1249000000,
    "grossProfitRatio": 0.7416864608,
    "researchAndDevelopmentExpenses": 0,
    "generalAndAdministrativeExpenses": 0,
    "sellingAndMarketingExpenses": 0,
    "sellingGeneralAndAdministrativeExpenses": 0,
    "otherExpenses": 975000000,
    "operatingExpenses": 975000000,
    "costAndExpenses": 1410000000,
    "interestIncome": 0,
    "interestExpense": 548000000,
    "depreciationAndAmortization": 169000000,
    "ebitda": 443000000,
    "ebitdaratio": 0.263064133,
    "operatingIncome": 274000000,
    "operatingIncomeRatio": 0.1627078385,
    "totalOtherIncomeExpensesNet": -114000000,
    "incomeBeforeTax": 160000000,
    "incomeBeforeTaxRatio": 0.0950118765,
    "incomeTaxExpense": -43000000,
    "netIncome": 203000000,
    "netIncomeRatio": 0.1205463183,
    "eps": 1.22,
    "epsdiluted": 1.22,
    "weightedAverageShsOut": 163000000,
    "weightedAverageShsOutDil": 167000000,
    "link": "https://www.sec.gov/Archives/edgar/data/936340/000095012403000824/0000950124-03-000824-index.htm",
    "finalLink": "https://www.sec.gov/Archives/edgar/data/936340/000095012403000824/k74326e10vk.htm"
  },
  {
    "date": "2002-09-30",
    "symbol": "DTE",
    "reportedCurrency": "USD",
    "cik": "0000936340",
    "fillingDate": "2002-11-14",
    "acceptedDate": "2002-11-14 18:58:48",
    "calendarYear": "2002",
    "period": "Q3",
    "revenue": 1649000000,
    "costOfRevenue": 484000000,
    "grossProfit": 1165000000,
    "grossProfitRatio": 0.7064887811,
    "researchAndDevelopmentExpenses": 0,
    "generalAndAdministrativeExpenses": 0,
    "sellingAndMarketingExpenses": 0,
    "sellingGeneralAndAdministrativeExpenses": 0,
    "otherExpenses": 879000000,
    "operatingExpenses": 879000000,
    "costAndExpenses": 1363000000,
    "interestIncome": 0,
    "interestExpense": 0,
    "depreciationAndAmortization": 210000000,
    "ebitda": 496000000,
    "ebitdaratio": 0.3007883566,
    "operatingIncome": 286000000,
    "operatingIncomeRatio": 0.1734384475,
    "totalOtherIncomeExpensesNet": -138000000,
    "incomeBeforeTax": 148000000,
    "incomeBeforeTaxRatio": 0.0897513645,
    "incomeTaxExpense": -13000000,
    "netIncome": 161000000,
    "netIncomeRatio": 0.0976349303,
    "eps": 0.96,
    "epsdiluted": 0.96,
    "weightedAverageShsOut": 167000000,
    "weightedAverageShsOutDil": 168000000,
    "link": "https://www.sec.gov/Archives/edgar/data/936340/000113031902001260/0001130319-02-001260-index.htm",
    "finalLink": "https://www.sec.gov/Archives/edgar/data/936340/000113031902001260/k72373e10vq.htm"
  },
  {
    "date": "2002-06-30",
    "symbol": "DTE",
    "reportedCurrency": "USD",
    "cik": "0000936340",
    "fillingDate": "2002-08-14",
    "acceptedDate": "2002-08-14 15:23:53",
    "calendarYear": "2002",
    "period": "Q2",
    "revenue": 1981000000,
    "costOfRevenue": 403000000,
    "grossProfit": 1071000000,
    "grossProfitRatio": 0.5406360424,
    "researchAndDevelopmentExpenses": 0,
    "generalAndAdministrativeExpenses": 0,
    "sellingAndMarketingExpenses": 0,
    "sellingGeneralAndAdministrativeExpenses": 0,
    "otherExpenses": 884000000,
    "operatingExpenses": 884000000,
    "costAndExpenses": 1287000000,
    "interestIncome": 0,
    "interestExpense": 0,
    "depreciationAndAmortization": 186000000,
    "ebitda": 373000000,
    "ebitdaratio": 0.1882887431,
    "operatingIncome": 187000000,
    "operatingIncomeRatio": 0.0943967693,
    "totalOtherIncomeExpensesNet": -129000000,
    "incomeBeforeTax": 58000000,
    "incomeBeforeTaxRatio": 0.0292781424,
    "incomeTaxExpense": -8000000,
    "netIncome": 73000000,
    "netIncomeRatio": 0.0368500757,
    "eps": 0.42,
    "epsdiluted": 0.42,
    "weightedAverageShsOut": 161000000,
    "weightedAverageShsOutDil": 162000000,
    "link": "https://www.sec.gov/Archives/edgar/data/936340/000095012402002753/0000950124-02-002753-index.htm",
    "finalLink": "https://www.sec.gov/Archives/edgar/data/936340/000095012402002753/k70722e10vq.htm"
  },
  {
    "date": "2002-03-31",
    "symbol": "DTE",
    "reportedCurrency": "USD",
    "cik": "0000936340",
    "fillingDate": "2002-05-15",
    "acceptedDate": "2002-05-15 15:20:38",
    "calendarYear": "2002",
    "period": "Q1",
    "revenue": 2400000000,
    "costOfRevenue": 727000000,
    "grossProfit": 1167000000,
    "grossProfitRatio": 0.48625,
    "researchAndDevelopmentExpenses": 0,
    "generalAndAdministrativeExpenses": 0,
    "sellingAndMarketingExpenses": 0,
    "sellingGeneralAndAdministrativeExpenses": 0,
    "otherExpenses": 833000000,
    "operatingExpenses": 833000000,
    "costAndExpenses": 1560000000,
    "interestIncome": 0,
    "interestExpense": 0,
    "depreciationAndAmortization": 194000000,
    "ebitda": 528000000,
    "ebitdaratio": 0.22,
    "operatingIncome": 334000000,
    "operatingIncomeRatio": 0.1391666667,
    "totalOtherIncomeExpensesNet": -145000000,
    "incomeBeforeTax": 189000000,
    "incomeBeforeTaxRatio": 0.07875,
    "incomeTaxExpense": -3000000,
    "netIncome": 200000000,
    "netIncomeRatio": 0.0833333333,
    "eps": 1.25,
    "epsdiluted": 1.24,
    "weightedAverageShsOut": 161000000,
    "weightedAverageShsOutDil": 161000000,
    "link": "https://www.sec.gov/Archives/edgar/data/936340/000095012402001843/0000950124-02-001843-index.htm",
    "finalLink": "https://www.sec.gov/Archives/edgar/data/936340/000095012402001843/k68766e10-q.htm"
  },
  {
    "date": "2001-12-31",
    "symbol": "DTE",
    "reportedCurrency": "USD",
    "cik": "0000936340",
    "fillingDate": "2002-03-29",
    "acceptedDate": "2002-03-29 00:00:00",
    "calendarYear": "2001",
    "period": "Q4",
    "revenue": 2136000000,
    "costOfRevenue": 1010000000,
    "grossProfit": 1126000000,
    "grossProfitRatio": 0.5271535581,
    "researchAndDevelopmentExpenses": 0,
    "generalAndAdministrativeExpenses": 0,
    "sellingAndMarketingExpenses": 0,
    "sellingGeneralAndAdministrativeExpenses": 0,
    "otherExpenses": 798000000,
    "operatingExpenses": 798000000,
    "costAndExpenses": 1808000000,
    "interestIncome": 0,
    "interestExpense": 0,
    "depreciationAndAmortization": 196000000,
    "ebitda": 524000000,
    "ebitdaratio": 0.2453183521,
    "operatingIncome": 328000000,
    "operatingIncomeRatio": 0.1535580524,
    "totalOtherIncomeExpensesNet": -133000000,
    "incomeBeforeTax": 195000000,
    "incomeBeforeTaxRatio": 0.0912921348,
    "incomeTaxExpense": -23000000,
    "netIncome": 218000000,
    "netIncomeRatio": 0.1020599251,
    "eps": 1.35,
    "epsdiluted": 1.35,
    "weightedAverageShsOut": 161000000,
    "weightedAverageShsOutDil": 161000000,
    "link": "https://www.sec.gov/Archives/edgar/data/936340/000095012402001121/0000950124-02-001121-index.htm",
    "finalLink": "https://www.sec.gov/Archives/edgar/data/936340/000095012402001121/k68272e10-k405.htm"
  },
  {
    "date": "2001-09-30",
    "symbol": "DTE",
    "reportedCurrency": "USD",
    "cik": "0000936340",
    "fillingDate": "2001-11-14",
    "acceptedDate": "2001-11-14 00:00:00",
    "calendarYear": "2001",
    "period": "Q3",
    "revenue": 2081000000,
    "costOfRevenue": 601000000,
    "grossProfit": 996000000,
    "grossProfitRatio": 0.47861605,
    "researchAndDevelopmentExpenses": 0,
    "generalAndAdministrativeExpenses": 0,
    "sellingAndMarketingExpenses": 0,
    "sellingGeneralAndAdministrativeExpenses": 0,
    "otherExpenses": 784000000,
    "operatingExpenses": 784000000,
    "costAndExpenses": 1385000000,
    "interestIncome": 0,
    "interestExpense": 135000000,
    "depreciationAndAmortization": 227000000,
    "ebitda": 439000000,
    "ebitdaratio": 0.210956271,
    "operatingIncome": 212000000,
    "operatingIncomeRatio": 0.101874099,
    "totalOtherIncomeExpensesNet": -153000000,
    "incomeBeforeTax": 59000000,
    "incomeBeforeTaxRatio": 0.028351754,
    "incomeTaxExpense": -4000000,
    "netIncome": 63000000,
    "netIncomeRatio": 0.0302739068,
    "eps": 0.38,
    "epsdiluted": 0.38,
    "weightedAverageShsOut": 164000000,
    "weightedAverageShsOutDil": 165000000,
    "link": "https://www.sec.gov/Archives/edgar/data/936340/000095012401504039/0000950124-01-504039-index.htm",
    "finalLink": "https://www.sec.gov/Archives/edgar/data/936340/000095012401504039/k65498e10-q.htm"
  },
  {
    "date": "2001-06-30",
    "symbol": "DTE",
    "reportedCurrency": "USD",
    "cik": "0000936340",
    "fillingDate": "2001-08-14",
    "acceptedDate": "2001-08-14 00:00:00",
    "calendarYear": "2001",
    "period": "Q2",
    "revenue": 1790000000,
    "costOfRevenue": 908000000,
    "grossProfit": 882000000,
    "grossProfitRatio": 0.4927374302,
    "researchAndDevelopmentExpenses": 0,
    "generalAndAdministrativeExpenses": 0,
    "sellingAndMarketingExpenses": 0,
    "sellingGeneralAndAdministrativeExpenses": 0,
    "otherExpenses": 970000000,
    "operatingExpenses": 970000000,
    "costAndExpenses": 1878000000,
    "interestIncome": 0,
    "interestExpense": 0,
    "depreciationAndAmortization": 188000000,
    "ebitda": 100000000,
    "ebitdaratio": 0.0558659218,
    "operatingIncome": -88000000,
    "operatingIncomeRatio": -0.0491620112,
    "totalOtherIncomeExpensesNet": -101000000,
    "incomeBeforeTax": -189000000,
    "incomeBeforeTaxRatio": -0.1055865922,
    "incomeTaxExpense": -102000000,
    "netIncome": -87000000,
    "netIncomeRatio": -0.048603352,
    "eps": -0.6,
    "epsdiluted": -0.6,
    "weightedAverageShsOut": 145000000,
    "weightedAverageShsOutDil": 145000000,
    "link": "https://www.sec.gov/Archives/edgar/data/936340/000095012401502880/0000950124-01-502880-index.htm",
    "finalLink": "https://www.sec.gov/Archives/edgar/data/936340/000095012401502880/k63106e10-q.htm"
  },
  {
    "date": "2001-03-31",
    "symbol": "DTE",
    "reportedCurrency": "USD",
    "cik": "0000936340",
    "fillingDate": "2001-05-11",
    "acceptedDate": "2001-05-11 00:00:00",
    "calendarYear": "2001",
    "period": "Q1",
    "revenue": 1842000000,
    "costOfRevenue": 948000000,
    "grossProfit": 894000000,
    "grossProfitRatio": 0.4853420195,
    "researchAndDevelopmentExpenses": 0,
    "generalAndAdministrativeExpenses": 0,
    "sellingAndMarketingExpenses": 0,
    "sellingGeneralAndAdministrativeExpenses": 0,
    "otherExpenses": 650000000,
    "operatingExpenses": 650000000,
    "costAndExpenses": 1598000000,
    "interestIncome": 0,
    "interestExpense": 0,
    "depreciationAndAmortization": 184000000,
    "ebitda": 428000000,
    "ebitdaratio": 0.2323561346,
    "operatingIncome": 244000000,
    "operatingIncomeRatio": 0.1324647123,
    "totalOtherIncomeExpensesNet": -90000000,
    "incomeBeforeTax": 154000000,
    "incomeBeforeTaxRatio": 0.0836047774,
    "incomeTaxExpense": 19000000,
    "netIncome": 138000000,
    "netIncomeRatio": 0.0749185668,
    "eps": 0.98,
    "epsdiluted": 0.98,
    "weightedAverageShsOut": 141872000,
    "weightedAverageShsOutDil": 142197000,
    "link": "https://www.sec.gov/Archives/edgar/data/936340/000095012401500986/0000950124-01-500986-index.htm",
    "finalLink": "https://www.sec.gov/Archives/edgar/data/28385/000095012401500986/k60558e10-q.htm"
  },
  {
    "date": "2000-12-31",
    "symbol": "DTE",
    "reportedCurrency": "USD",
    "cik": "0000936340",
    "fillingDate": "2001-03-01",
    "acceptedDate": "2001-03-01 00:00:00",
    "calendarYear": "2000",
    "period": "Q4",
    "revenue": 1440000000,
    "costOfRevenue": 563000000,
    "grossProfit": 877000000,
    "grossProfitRatio": 0.6090277778,
    "researchAndDevelopmentExpenses": 0,
    "generalAndAdministrativeExpenses": 0,
    "sellingAndMarketingExpenses": 0,
    "sellingGeneralAndAdministrativeExpenses": 0,
    "otherExpenses": 637000000,
    "operatingExpenses": 637000000,
    "costAndExpenses": 1200000000,
    "interestIncome": 0,
    "interestExpense": 0,
    "depreciationAndAmortization": 139000000,
    "ebitda": 418000000,
    "ebitdaratio": 0.2902777778,
    "operatingIncome": 240000000,
    "operatingIncomeRatio": 0.1666666667,
    "totalOtherIncomeExpensesNet": -93000000,
    "incomeBeforeTax": 147000000,
    "incomeBeforeTaxRatio": 0.1020833333,
    "incomeTaxExpense": 8000000,
    "netIncome": 139000000,
    "netIncomeRatio": 0.0965277778,
    "eps": 0.99,
    "epsdiluted": 0.99,
    "weightedAverageShsOut": 140816327,
    "weightedAverageShsOutDil": 140816327,
    "link": "https://www.sec.gov/Archives/edgar/data/936340/000095012401001134/0000950124-01-001134-index.htm",
    "finalLink": "https://www.sec.gov/Archives/edgar/data/28385/000095012401001134/k60357e10-k405.htm"
  },
  {
    "date": "2000-09-30",
    "symbol": "DTE",
    "reportedCurrency": "USD",
    "cik": "0000936340",
    "fillingDate": "2000-11-13",
    "acceptedDate": "2000-11-13 00:00:00",
    "calendarYear": "2000",
    "period": "Q3",
    "revenue": 1547000000,
    "costOfRevenue": 747000000,
    "grossProfit": 800000000,
    "grossProfitRatio": 0.5171299289,
    "researchAndDevelopmentExpenses": 0,
    "generalAndAdministrativeExpenses": 0,
    "sellingAndMarketingExpenses": 0,
    "sellingGeneralAndAdministrativeExpenses": 0,
    "otherExpenses": 628000000,
    "operatingExpenses": 628000000,
    "costAndExpenses": 1375000000,
    "interestIncome": 0,
    "interestExpense": 0,
    "depreciationAndAmortization": 202000000,
    "ebitda": 374000000,
    "ebitdaratio": 0.2417582418,
    "operatingIncome": 172000000,
    "operatingIncomeRatio": 0.1111829347,
    "totalOtherIncomeExpensesNet": -92000000,
    "incomeBeforeTax": 80000000,
    "incomeBeforeTaxRatio": 0.0517129929,
    "incomeTaxExpense": -24000000,
    "netIncome": 104000000,
    "netIncomeRatio": 0.0672268908,
    "eps": 0.73,
    "epsdiluted": 0.73,
    "weightedAverageShsOut": 142465753,
    "weightedAverageShsOutDil": 142465753,
    "link": "https://www.sec.gov/Archives/edgar/data/936340/000095012400006814/0000950124-00-006814-index.htm",
    "finalLink": "https://www.sec.gov/Archives/edgar/data/28385/000095012400006814/k57582e10-q.htm"
  },
  {
    "date": "2000-06-30",
    "symbol": "DTE",
    "reportedCurrency": "USD",
    "cik": "0000936340",
    "fillingDate": "2000-08-11",
    "acceptedDate": "2000-08-11 00:00:00",
    "calendarYear": "2000",
    "period": "Q2",
    "revenue": 1428000000,
    "costOfRevenue": 579000000,
    "grossProfit": 849000000,
    "grossProfitRatio": 0.5945378151,
    "researchAndDevelopmentExpenses": 0,
    "generalAndAdministrativeExpenses": 0,
    "sellingAndMarketingExpenses": 0,
    "sellingGeneralAndAdministrativeExpenses": 0,
    "otherExpenses": 646000000,
    "operatingExpenses": 646000000,
    "costAndExpenses": 1225000000,
    "interestIncome": 0,
    "interestExpense": 0,
    "depreciationAndAmortization": 186000000,
    "ebitda": 389000000,
    "ebitdaratio": 0.2724089636,
    "operatingIncome": 203000000,
    "operatingIncomeRatio": 0.1421568627,
    "totalOtherIncomeExpensesNet": -83000000,
    "incomeBeforeTax": 120000000,
    "incomeBeforeTaxRatio": 0.0840336134,
    "incomeTaxExpense": 12000000,
    "netIncome": 108000000,
    "netIncomeRatio": 0.0756302521,
    "eps": 0.76,
    "epsdiluted": 0.76,
    "weightedAverageShsOut": 143000000,
    "weightedAverageShsOutDil": 143000000,
    "link": "https://www.sec.gov/Archives/edgar/data/936340/000095012400004906/0000950124-00-004906-index.htm",
    "finalLink": "https://www.sec.gov/Archives/edgar/data/28385/000095012400004906/e10-q.htm"
  },
  {
    "date": "2000-03-31",
    "symbol": "DTE",
    "reportedCurrency": "USD",
    "cik": "0000936340",
    "fillingDate": "2000-05-12",
    "acceptedDate": "2000-05-12 00:00:00",
    "calendarYear": "2000",
    "period": "Q1",
    "revenue": 1182000000,
    "costOfRevenue": 344000000,
    "grossProfit": 838000000,
    "grossProfitRatio": 0.7089678511,
    "researchAndDevelopmentExpenses": 0,
    "generalAndAdministrativeExpenses": 0,
    "sellingAndMarketingExpenses": 0,
    "sellingGeneralAndAdministrativeExpenses": 0,
    "otherExpenses": 623000000,
    "operatingExpenses": 623000000,
    "costAndExpenses": 967000000,
    "interestIncome": 0,
    "interestExpense": 0,
    "depreciationAndAmortization": 192000000,
    "ebitda": 407000000,
    "ebitdaratio": 0.3443316413,
    "operatingIncome": 215000000,
    "operatingIncomeRatio": 0.1818950931,
    "totalOtherIncomeExpensesNet": -85000000,
    "incomeBeforeTax": 130000000,
    "incomeBeforeTaxRatio": 0.1099830795,
    "incomeTaxExpense": 13000000,
    "netIncome": 117000000,
    "netIncomeRatio": 0.0989847716,
    "eps": 0.81,
    "epsdiluted": 0.81,
    "weightedAverageShsOut": 145000000,
    "weightedAverageShsOutDil": 145000000,
    "link": "https://www.sec.gov/Archives/edgar/data/936340/000095012400003144/0000950124-00-003144-index.html",
    "finalLink": "https://www.sec.gov/Archives/edgar/data/28385/000095012400003144/0000950124-00-003144-d1.html"
  },
  {
    "date": "1999-12-31",
    "symbol": "DTE",
    "reportedCurrency": "USD",
    "cik": "0000936340",
    "fillingDate": "2000-02-23",
    "acceptedDate": "2000-02-23 00:00:00",
    "calendarYear": "1999",
    "period": "Q4",
    "revenue": 1114000000,
    "costOfRevenue": 272000000,
    "grossProfit": 842000000,
    "grossProfitRatio": 0.7558348294,
    "researchAndDevelopmentExpenses": 0,
    "generalAndAdministrativeExpenses": 0,
    "sellingAndMarketingExpenses": 0,
    "sellingGeneralAndAdministrativeExpenses": 0,
    "otherExpenses": 648000000,
    "operatingExpenses": 648000000,
    "costAndExpenses": 920000000,
    "interestIncome": 0,
    "interestExpense": 0,
    "depreciationAndAmortization": 217000000,
    "ebitda": 411000000,
    "ebitdaratio": 0.368940754,
    "operatingIncome": 194000000,
    "operatingIncomeRatio": 0.1741472172,
    "totalOtherIncomeExpensesNet": -85000000,
    "incomeBeforeTax": 109000000,
    "incomeBeforeTaxRatio": 0.0978456014,
    "incomeTaxExpense": 12000000,
    "netIncome": 97000000,
    "netIncomeRatio": 0.0870736086,
    "eps": 0.67,
    "epsdiluted": 0.67,
    "weightedAverageShsOut": 144444444,
    "weightedAverageShsOutDil": 144444444,
    "link": "https://www.sec.gov/Archives/edgar/data/936340/000095012400000882/0000950124-00-000882-index.html",
    "finalLink": "https://www.sec.gov/Archives/edgar/data/28385/000095012400000882/0000950124-00-000882-d1.html"
  },
  {
    "date": "1999-09-30",
    "symbol": "DTE",
    "reportedCurrency": "USD",
    "cik": "0000936340",
    "fillingDate": "1999-11-08",
    "acceptedDate": "1999-11-08 00:00:00",
    "calendarYear": "1999",
    "period": "Q3",
    "revenue": 1440000000,
    "costOfRevenue": 510000000,
    "grossProfit": 930000000,
    "grossProfitRatio": 0.6458333333,
    "researchAndDevelopmentExpenses": 0,
    "generalAndAdministrativeExpenses": 0,
    "sellingAndMarketingExpenses": 0,
    "sellingGeneralAndAdministrativeExpenses": 0,
    "otherExpenses": 649000000,
    "operatingExpenses": 649000000,
    "costAndExpenses": 1159000000,
    "interestIncome": 0,
    "interestExpense": 0,
    "depreciationAndAmortization": 183000000,
    "ebitda": 464000000,
    "ebitdaratio": 0.3222222222,
    "operatingIncome": 281000000,
    "operatingIncomeRatio": 0.1951388889,
    "totalOtherIncomeExpensesNet": -99000000,
    "incomeBeforeTax": 182000000,
    "incomeBeforeTaxRatio": 0.1263888889,
    "incomeTaxExpense": 21000000,
    "netIncome": 161000000,
    "netIncomeRatio": 0.1118055556,
    "eps": 1.11,
    "epsdiluted": 1.11,
    "weightedAverageShsOut": 145000000,
    "weightedAverageShsOutDil": 145000000,
    "link": "https://www.sec.gov/Archives/edgar/data/936340/000095012499005745/0000950124-99-005745-index.html",
    "finalLink": "https://www.sec.gov/Archives/edgar/data/28385/000095012499005745/0000950124-99-005745-d1.html"
  },
  {
    "date": "1999-06-30",
    "symbol": "DTE",
    "reportedCurrency": "USD",
    "cik": "0000936340",
    "fillingDate": "1999-07-29",
    "acceptedDate": "1999-07-29 00:00:00",
    "calendarYear": "1999",
    "period": "Q2",
    "revenue": 1150000000,
    "costOfRevenue": 322000000,
    "grossProfit": 828000000,
    "grossProfitRatio": 0.72,
    "researchAndDevelopmentExpenses": 0,
    "generalAndAdministrativeExpenses": 0,
    "sellingAndMarketingExpenses": 0,
    "sellingGeneralAndAdministrativeExpenses": 0,
    "otherExpenses": 617000000,
    "operatingExpenses": 617000000,
    "costAndExpenses": 939000000,
    "interestIncome": 0,
    "interestExpense": 0,
    "depreciationAndAmortization": 182000000,
    "ebitda": 393000000,
    "ebitdaratio": 0.3417391304,
    "operatingIncome": 211000000,
    "operatingIncomeRatio": 0.1834782609,
    "totalOtherIncomeExpensesNet": -88000000,
    "incomeBeforeTax": 123000000,
    "incomeBeforeTaxRatio": 0.1069565217,
    "incomeTaxExpense": 13000000,
    "netIncome": 110000000,
    "netIncomeRatio": 0.0956521739,
    "eps": 0.76,
    "epsdiluted": 0.76,
    "weightedAverageShsOut": 145000000,
    "weightedAverageShsOutDil": 145000000,
    "link": "https://www.sec.gov/Archives/edgar/data/936340/000095012499004311/0000950124-99-004311-index.html",
    "finalLink": "https://www.sec.gov/Archives/edgar/data/28385/000095012499004311/0000950124-99-004311-d1.html"
  },
  {
    "date": "1999-03-31",
    "symbol": "DTE",
    "reportedCurrency": "USD",
    "cik": "0000936340",
    "fillingDate": "1999-04-28",
    "acceptedDate": "1999-04-28 00:00:00",
    "calendarYear": "1999",
    "period": "Q1",
    "revenue": 1024000000,
    "costOfRevenue": 231000000,
    "grossProfit": 793000000,
    "grossProfitRatio": 0.7744140625,
    "researchAndDevelopmentExpenses": 0,
    "generalAndAdministrativeExpenses": 0,
    "sellingAndMarketingExpenses": 0,
    "sellingGeneralAndAdministrativeExpenses": 0,
    "otherExpenses": 578000000,
    "operatingExpenses": 578000000,
    "costAndExpenses": 809000000,
    "interestIncome": 0,
    "interestExpense": 0,
    "depreciationAndAmortization": 182000000,
    "ebitda": 397000000,
    "ebitdaratio": 0.3876953125,
    "operatingIncome": 215000000,
    "operatingIncomeRatio": 0.2099609375,
    "totalOtherIncomeExpensesNet": -86000000,
    "incomeBeforeTax": 129000000,
    "incomeBeforeTaxRatio": 0.1259765625,
    "incomeTaxExpense": 14000000,
    "netIncome": 115000000,
    "netIncomeRatio": 0.1123046875,
    "eps": 0.79,
    "epsdiluted": 0.79,
    "weightedAverageShsOut": 145057000,
    "weightedAverageShsOutDil": 145170000,
    "link": "https://www.sec.gov/Archives/edgar/data/936340/000095012499002828/0000950124-99-002828-index.html",
    "finalLink": "https://www.sec.gov/Archives/edgar/data/28385/"
  },
  {
    "date": "1998-12-31",
    "symbol": "DTE",
    "reportedCurrency": "USD",
    "cik": "0000936340",
    "fillingDate": "1999-02-25",
    "acceptedDate": "1999-02-25 00:00:00",
    "calendarYear": "1998",
    "period": "Q4",
    "revenue": 1013000000,
    "costOfRevenue": 211000000,
    "grossProfit": 802000000,
    "grossProfitRatio": 0.7917077986,
    "researchAndDevelopmentExpenses": 0,
    "generalAndAdministrativeExpenses": 0,
    "sellingAndMarketingExpenses": 0,
    "sellingGeneralAndAdministrativeExpenses": 0,
    "otherExpenses": 612000000,
    "operatingExpenses": 612000000,
    "costAndExpenses": 823000000,
    "interestIncome": 0,
    "interestExpense": 0,
    "depreciationAndAmortization": 0,
    "ebitda": 355000000,
    "ebitdaratio": 0.3504442251,
    "operatingIncome": 190000000,
    "operatingIncomeRatio": 0.1875616979,
    "totalOtherIncomeExpensesNet": -89000000,
    "incomeBeforeTax": 101000000,
    "incomeBeforeTaxRatio": 0.09970385,
    "incomeTaxExpense": -5000000,
    "netIncome": 106000000,
    "netIncomeRatio": 0.1046396841,
    "eps": 0.73,
    "epsdiluted": 0.73,
    "weightedAverageShsOut": 145057000,
    "weightedAverageShsOutDil": 145057000,
    "link": "https://www.sec.gov/Archives/edgar/data/936340/000095012499001483/0000950124-99-001483-index.html",
    "finalLink": "https://www.sec.gov/Archives/edgar/data/28385/"
  },
  {
    "date": "1998-09-30",
    "symbol": "DTE",
    "reportedCurrency": "USD",
    "cik": "0000936340",
    "fillingDate": "1998-10-28",
    "acceptedDate": "1998-10-28 00:00:00",
    "calendarYear": "1998",
    "period": "Q3",
    "revenue": 1199000000,
    "costOfRevenue": 359000000,
    "grossProfit": 840000000,
    "grossProfitRatio": 0.7005838198,
    "researchAndDevelopmentExpenses": 0,
    "generalAndAdministrativeExpenses": 0,
    "sellingAndMarketingExpenses": 0,
    "sellingGeneralAndAdministrativeExpenses": 0,
    "otherExpenses": 574000000,
    "operatingExpenses": 574000000,
    "costAndExpenses": 933000000,
    "interestIncome": 0,
    "interestExpense": 0,
    "depreciationAndAmortization": 0,
    "ebitda": 1199000000,
    "ebitdaratio": 1,
    "operatingIncome": 266000000,
    "operatingIncomeRatio": 0.221851543,
    "totalOtherIncomeExpensesNet": -88000000,
    "incomeBeforeTax": 178000000,
    "incomeBeforeTaxRatio": 0.1484570475,
    "incomeTaxExpense": 46000000,
    "netIncome": 132000000,
    "netIncomeRatio": 0.1100917431,
    "eps": 0.91,
    "epsdiluted": 0.91,
    "weightedAverageShsOut": 145054945,
    "weightedAverageShsOutDil": 145054945,
    "link": "https://www.sec.gov/Archives/edgar/data/936340/000095012498005889/0000950124-98-005889-index.html",
    "finalLink": "https://www.sec.gov/Archives/edgar/data/28385/"
  },
  {
    "date": "1998-06-30",
    "symbol": "DTE",
    "reportedCurrency": "USD",
    "cik": "0000936340",
    "fillingDate": "1998-08-14",
    "acceptedDate": "1998-08-14 00:00:00",
    "calendarYear": "1998",
    "period": "Q2",
    "revenue": 1064000000,
    "costOfRevenue": 285000000,
    "grossProfit": 779000000,
    "grossProfitRatio": 0.7321428571,
    "researchAndDevelopmentExpenses": 0,
    "generalAndAdministrativeExpenses": 0,
    "sellingAndMarketingExpenses": 0,
    "sellingGeneralAndAdministrativeExpenses": 0,
    "otherExpenses": 531000000,
    "operatingExpenses": 531000000,
    "costAndExpenses": 816000000,
    "interestIncome": 0,
    "interestExpense": 0,
    "depreciationAndAmortization": 0,
    "ebitda": 1064000000,
    "ebitdaratio": 1,
    "operatingIncome": 248000000,
    "operatingIncomeRatio": 0.2330827068,
    "totalOtherIncomeExpensesNet": -86000000,
    "incomeBeforeTax": 162000000,
    "incomeBeforeTaxRatio": 0.1522556391,
    "incomeTaxExpense": 61000000,
    "netIncome": 101000000,
    "netIncomeRatio": 0.094924812,
    "eps": 0.69,
    "epsdiluted": 0.69,
    "weightedAverageShsOut": 146376812,
    "weightedAverageShsOutDil": 146376812,
    "link": "https://www.sec.gov/Archives/edgar/data/936340/000095012498004474/0000950124-98-004474-index.html",
    "finalLink": "https://www.sec.gov/Archives/edgar/data/28385/"
  },
  {
    "date": "1998-03-31",
    "symbol": "DTE",
    "reportedCurrency": "USD",
    "cik": "0000936340",
    "fillingDate": "1998-04-27",
    "acceptedDate": "1998-04-27 00:00:00",
    "calendarYear": "1998",
    "period": "Q1",
    "revenue": 945000000,
    "costOfRevenue": 208000000,
    "grossProfit": 737000000,
    "grossProfitRatio": 0.7798941799,
    "researchAndDevelopmentExpenses": 0,
    "generalAndAdministrativeExpenses": 0,
    "sellingAndMarketingExpenses": 0,
    "sellingGeneralAndAdministrativeExpenses": 0,
    "otherExpenses": 504000000,
    "operatingExpenses": 504000000,
    "costAndExpenses": 712000000,
    "interestIncome": 0,
    "interestExpense": 0,
    "depreciationAndAmortization": 0,
    "ebitda": 945000000,
    "ebitdaratio": 1,
    "operatingIncome": 233000000,
    "operatingIncomeRatio": 0.2465608466,
    "totalOtherIncomeExpensesNet": -77000000,
    "incomeBeforeTax": 156000000,
    "incomeBeforeTaxRatio": 0.1650793651,
    "incomeTaxExpense": 52000000,
    "netIncome": 104000000,
    "netIncomeRatio": 0.1100529101,
    "eps": 0.72,
    "epsdiluted": 0.72,
    "weightedAverageShsOut": 144444444,
    "weightedAverageShsOutDil": 144444444,
    "link": "https://www.sec.gov/Archives/edgar/data/936340/000095012498002380/0000950124-98-002380-index.html",
    "finalLink": "https://www.sec.gov/Archives/edgar/data/28385/"
  },
  {
    "date": "1997-12-31",
    "symbol": "DTE",
    "reportedCurrency": "USD",
    "cik": "0000936340",
    "fillingDate": "1998-02-24",
    "acceptedDate": "1998-02-24 00:00:00",
    "calendarYear": "1997",
    "period": "Q4",
    "revenue": 973500000,
    "costOfRevenue": 213600000,
    "grossProfit": 759900000,
    "grossProfitRatio": 0.7805855162,
    "researchAndDevelopmentExpenses": 0,
    "generalAndAdministrativeExpenses": 0,
    "sellingAndMarketingExpenses": 0,
    "sellingGeneralAndAdministrativeExpenses": 0,
    "otherExpenses": 478000000,
    "operatingExpenses": 478000000,
    "costAndExpenses": 691600000,
    "interestIncome": 0,
    "interestExpense": 0,
    "depreciationAndAmortization": 0,
    "ebitda": 453700000,
    "ebitdaratio": 0.4660503338,
    "operatingIncome": 281900000,
    "operatingIncomeRatio": 0.2895737031,
    "totalOtherIncomeExpensesNet": -89400000,
    "incomeBeforeTax": 192500000,
    "incomeBeforeTaxRatio": 0.197740113,
    "incomeTaxExpense": 63300000,
    "netIncome": 129200000,
    "netIncomeRatio": 0.1327170005,
    "eps": 0.89,
    "epsdiluted": 0.89,
    "weightedAverageShsOut": 144444444,
    "weightedAverageShsOutDil": 144444444,
    "link": "https://www.sec.gov/Archives/edgar/data/936340/000095012498000894/0000950124-98-000894-index.html",
    "finalLink": "https://www.sec.gov/Archives/edgar/data/28385/"
  },
  {
    "date": "1997-09-30",
    "symbol": "DTE",
    "reportedCurrency": "USD",
    "cik": "0000936340",
    "fillingDate": "1997-10-27",
    "acceptedDate": "1997-10-27 00:00:00",
    "calendarYear": "1997",
    "period": "Q3",
    "revenue": 1029700000,
    "costOfRevenue": 228000000,
    "grossProfit": 801700000,
    "grossProfitRatio": 0.7785762844,
    "researchAndDevelopmentExpenses": 0,
    "generalAndAdministrativeExpenses": 0,
    "sellingAndMarketingExpenses": 0,
    "sellingGeneralAndAdministrativeExpenses": 0,
    "otherExpenses": 512300000,
    "operatingExpenses": 512300000,
    "costAndExpenses": 740300000,
    "interestIncome": 0,
    "interestExpense": 0,
    "depreciationAndAmortization": 0,
    "ebitda": 447100000,
    "ebitdaratio": 0.4342041371,
    "operatingIncome": 289400000,
    "operatingIncomeRatio": 0.2810527338,
    "totalOtherIncomeExpensesNet": -81800000,
    "incomeBeforeTax": 207600000,
    "incomeBeforeTaxRatio": 0.20161212,
    "incomeTaxExpense": 75700000,
    "netIncome": 131900000,
    "netIncomeRatio": 0.1280955618,
    "eps": 0.91,
    "epsdiluted": 0.91,
    "weightedAverageShsOut": 144945055,
    "weightedAverageShsOutDil": 144945055,
    "link": "https://www.sec.gov/Archives/edgar/data/936340/000095012497005540/0000950124-97-005540-index.html",
    "finalLink": "https://www.sec.gov/Archives/edgar/data/28385/"
  },
  {
    "date": "1997-06-30",
    "symbol": "DTE",
    "reportedCurrency": "USD",
    "cik": "0000936340",
    "fillingDate": "1997-07-28",
    "acceptedDate": "1997-07-28 00:00:00",
    "calendarYear": "1997",
    "period": "Q2",
    "revenue": 892400000,
    "costOfRevenue": 196900000,
    "grossProfit": 695500000,
    "grossProfitRatio": 0.7793590318,
    "researchAndDevelopmentExpenses": 0,
    "generalAndAdministrativeExpenses": 0,
    "sellingAndMarketingExpenses": 0,
    "sellingGeneralAndAdministrativeExpenses": 0,
    "otherExpenses": 468500000,
    "operatingExpenses": 468500000,
    "costAndExpenses": 665400000,
    "interestIncome": 0,
    "interestExpense": 0,
    "depreciationAndAmortization": 0,
    "ebitda": 391800000,
    "ebitdaratio": 0.4390407889,
    "operatingIncome": 227000000,
    "operatingIncomeRatio": 0.2543702376,
    "totalOtherIncomeExpensesNet": -78600000,
    "incomeBeforeTax": 148400000,
    "incomeBeforeTaxRatio": 0.1662931421,
    "incomeTaxExpense": 63500000,
    "netIncome": 84900000,
    "netIncomeRatio": 0.09513671,
    "eps": 0.59,
    "epsdiluted": 0.59,
    "weightedAverageShsOut": 143898305,
    "weightedAverageShsOutDil": 143898305,
    "link": "https://www.sec.gov/Archives/edgar/data/936340/000095012497003905/0000950124-97-003905-index.html",
    "finalLink": "https://www.sec.gov/Archives/edgar/data/28385/"
  },
  {
    "date": "1997-03-31",
    "symbol": "DTE",
    "reportedCurrency": "USD",
    "cik": "0000936340",
    "fillingDate": "1997-05-01",
    "acceptedDate": "1997-05-01 00:00:00",
    "calendarYear": "1997",
    "period": "Q1",
    "revenue": 868600000,
    "costOfRevenue": 198500000,
    "grossProfit": 670100000,
    "grossProfitRatio": 0.7714713332,
    "researchAndDevelopmentExpenses": 0,
    "generalAndAdministrativeExpenses": 0,
    "sellingAndMarketingExpenses": 0,
    "sellingGeneralAndAdministrativeExpenses": 0,
    "otherExpenses": 467300000,
    "operatingExpenses": 467300000,
    "costAndExpenses": 665800000,
    "interestIncome": 0,
    "interestExpense": 0,
    "depreciationAndAmortization": 0,
    "ebitda": 368400000,
    "ebitdaratio": 0.4241307852,
    "operatingIncome": 202800000,
    "operatingIncomeRatio": 0.2334791619,
    "totalOtherIncomeExpensesNet": -77400000,
    "incomeBeforeTax": 125400000,
    "incomeBeforeTaxRatio": 0.144370251,
    "incomeTaxExpense": 54400000,
    "netIncome": 71000000,
    "netIncomeRatio": 0.0817407322,
    "eps": 0.49,
    "epsdiluted": 0.49,
    "weightedAverageShsOut": 144897959,
    "weightedAverageShsOutDil": 144897959,
    "link": "https://www.sec.gov/Archives/edgar/data/936340/000095012497002619/0000950124-97-002619-index.html",
    "finalLink": "https://www.sec.gov/Archives/edgar/data/28385/"
  },
  {
    "date": "1996-12-31",
    "symbol": "DTE",
    "reportedCurrency": "USD",
    "cik": "0000936340",
    "fillingDate": "1997-03-25",
    "acceptedDate": "1997-03-25 00:00:00",
    "calendarYear": "1996",
    "period": "Q4",
    "revenue": 887100000,
    "costOfRevenue": 215700000,
    "grossProfit": 671400000,
    "grossProfitRatio": 0.7568481569,
    "researchAndDevelopmentExpenses": 0,
    "generalAndAdministrativeExpenses": 0,
    "sellingAndMarketingExpenses": 0,
    "sellingGeneralAndAdministrativeExpenses": 0,
    "otherExpenses": 466200000,
    "operatingExpenses": 466200000,
    "costAndExpenses": 681900000,
    "interestIncome": 0,
    "interestExpense": 0,
    "depreciationAndAmortization": 0,
    "ebitda": 361700000,
    "ebitdaratio": 0.4077330628,
    "operatingIncome": 205200000,
    "operatingIncomeRatio": 0.2313155225,
    "totalOtherIncomeExpensesNet": -76500000,
    "incomeBeforeTax": 128700000,
    "incomeBeforeTaxRatio": 0.1450794724,
    "incomeTaxExpense": 51000000,
    "netIncome": 77700000,
    "netIncomeRatio": 0.0875887724,
    "eps": 0.54,
    "epsdiluted": 0.54,
    "weightedAverageShsOut": 144897959,
    "weightedAverageShsOutDil": 144897959,
    "link": "https://www.sec.gov/Archives/edgar/data/936340/000095012497001779/0000950124-97-001779-index.html",
    "finalLink": "https://www.sec.gov/Archives/edgar/data/28385/"
  },
  {
    "date": "1996-09-30",
    "symbol": "DTE",
    "reportedCurrency": "USD",
    "cik": "0000936340",
    "fillingDate": "1996-11-08",
    "acceptedDate": "1996-11-08 00:00:00",
    "calendarYear": "1996",
    "period": "Q3",
    "revenue": 977300000,
    "costOfRevenue": 226600000,
    "grossProfit": 750700000,
    "grossProfitRatio": 0.7681367032,
    "researchAndDevelopmentExpenses": 0,
    "generalAndAdministrativeExpenses": 0,
    "sellingAndMarketingExpenses": 0,
    "sellingGeneralAndAdministrativeExpenses": 0,
    "otherExpenses": 594300000,
    "operatingExpenses": 594300000,
    "costAndExpenses": 820900000,
    "interestIncome": 0,
    "interestExpense": 0,
    "depreciationAndAmortization": 0,
    "ebitda": 312800000,
    "ebitdaratio": 0.3200654865,
    "operatingIncome": 156400000,
    "operatingIncomeRatio": 0.1600327433,
    "totalOtherIncomeExpensesNet": -73600000,
    "incomeBeforeTax": 82800000,
    "incomeBeforeTaxRatio": 0.084723217,
    "incomeTaxExpense": 37900000,
    "netIncome": 44900000,
    "netIncomeRatio": 0.0459429039,
    "eps": 0.31,
    "epsdiluted": 0.31,
    "weightedAverageShsOut": 144838710,
    "weightedAverageShsOutDil": 144838710,
    "link": "https://www.sec.gov/Archives/edgar/data/936340/000095012496004791/0000950124-96-004791-index.html",
    "finalLink": "https://www.sec.gov/Archives/edgar/data/28385/"
  },
  {
    "date": "1996-06-30",
    "symbol": "DTE",
    "reportedCurrency": "USD",
    "cik": "0000936340",
    "fillingDate": "1996-08-09",
    "acceptedDate": "1996-08-09 00:00:00",
    "calendarYear": "1996",
    "period": "Q2",
    "revenue": 871400000,
    "costOfRevenue": 204300000,
    "grossProfit": 667000000,
    "grossProfitRatio": 0.7654349323,
    "researchAndDevelopmentExpenses": 0,
    "generalAndAdministrativeExpenses": 0,
    "sellingAndMarketingExpenses": 0,
    "sellingGeneralAndAdministrativeExpenses": 0,
    "otherExpenses": 454900000,
    "operatingExpenses": 454900000,
    "costAndExpenses": 659200000,
    "interestIncome": 0,
    "interestExpense": 0,
    "depreciationAndAmortization": 0,
    "ebitda": 367100000,
    "ebitdaratio": 0.4212761074,
    "operatingIncome": 212100000,
    "operatingIncomeRatio": 0.243401423,
    "totalOtherIncomeExpensesNet": -76100000,
    "incomeBeforeTax": 136000000,
    "incomeBeforeTaxRatio": 0.1560706908,
    "incomeTaxExpense": 57700000,
    "netIncome": 78300000,
    "netIncomeRatio": 0.0898554051,
    "eps": 0.54,
    "epsdiluted": 0.54,
    "weightedAverageShsOut": 145000000,
    "weightedAverageShsOutDil": 145000000,
    "link": "https://www.sec.gov/Archives/edgar/data/936340/000095012496003453/0000950124-96-003453-index.html",
    "finalLink": "https://www.sec.gov/Archives/edgar/data/28385/"
  },
  {
    "date": "1996-03-31",
    "symbol": "DTE",
    "reportedCurrency": "USD",
    "cik": "0000936340",
    "fillingDate": "1996-05-08",
    "acceptedDate": "1996-05-08 00:00:00",
    "calendarYear": "1996",
    "period": "Q1",
    "revenue": 909500000,
    "costOfRevenue": 199200000,
    "grossProfit": 710300000,
    "grossProfitRatio": 0.7809785596,
    "researchAndDevelopmentExpenses": 0,
    "generalAndAdministrativeExpenses": 0,
    "sellingAndMarketingExpenses": 0,
    "sellingGeneralAndAdministrativeExpenses": 0,
    "otherExpenses": 447800000,
    "operatingExpenses": 447800000,
    "costAndExpenses": 647000000,
    "interestIncome": 0,
    "interestExpense": 0,
    "depreciationAndAmortization": 0,
    "ebitda": 418900000,
    "ebitdaratio": 0.4605827378,
    "operatingIncome": 262500000,
    "operatingIncomeRatio": 0.2886201209,
    "totalOtherIncomeExpensesNet": -78000000,
    "incomeBeforeTax": 184500000,
    "incomeBeforeTaxRatio": 0.2028587136,
    "incomeTaxExpense": 76100000,
    "netIncome": 108400000,
    "netIncomeRatio": 0.1191863661,
    "eps": 0.75,
    "epsdiluted": 0.75,
    "weightedAverageShsOut": 144533333,
    "weightedAverageShsOutDil": 144533333,
    "link": "https://www.sec.gov/Archives/edgar/data/936340/000095012496001981/0000950124-96-001981-index.html",
    "finalLink": "https://www.sec.gov/Archives/edgar/data/28385/"
  },
  {
    "date": "1995-12-31",
    "symbol": "DTE",
    "reportedCurrency": "USD",
    "cik": "0000936340",
    "fillingDate": "1996-03-26",
    "acceptedDate": "1996-03-26 00:00:00",
    "calendarYear": "1995",
    "period": "Q4",
    "revenue": 867100000,
    "costOfRevenue": 191500000,
    "grossProfit": 675600000,
    "grossProfitRatio": 0.7791488871,
    "researchAndDevelopmentExpenses": 0,
    "generalAndAdministrativeExpenses": 0,
    "sellingAndMarketingExpenses": 0,
    "sellingGeneralAndAdministrativeExpenses": 0,
    "otherExpenses": 467600000,
    "operatingExpenses": 467600000,
    "costAndExpenses": 659100000,
    "interestIncome": 0,
    "interestExpense": 0,
    "depreciationAndAmortization": 0,
    "ebitda": 355200000,
    "ebitdaratio": 0.4096413332,
    "operatingIncome": 208000000,
    "operatingIncomeRatio": 0.23988006,
    "totalOtherIncomeExpensesNet": -101600000,
    "incomeBeforeTax": 106400000,
    "incomeBeforeTaxRatio": 0.1227078768,
    "incomeTaxExpense": 53500000,
    "netIncome": 52900000,
    "netIncomeRatio": 0.0610079576,
    "eps": 0.37,
    "epsdiluted": 0.37,
    "weightedAverageShsOut": 144387755,
    "weightedAverageShsOutDil": 144387755,
    "link": "https://www.sec.gov/Archives/edgar/data/936340/000095012496001320/0000950124-96-001320-index.html",
    "finalLink": "https://www.sec.gov/Archives/edgar/data/28385/"
  },
  {
    "date": "1995-09-30",
    "symbol": "DTE",
    "reportedCurrency": "USD",
    "cik": "0000936340",
    "fillingDate": "1995-09-30",
    "acceptedDate": "1995-09-29 20:00:00",
    "calendarYear": "1995",
    "period": "Q3",
    "revenue": 1032300000,
    "costOfRevenue": 245000000,
    "grossProfit": 787300000,
    "grossProfitRatio": 0.7626658917,
    "researchAndDevelopmentExpenses": 0,
    "generalAndAdministrativeExpenses": 0,
    "sellingAndMarketingExpenses": 0,
    "sellingGeneralAndAdministrativeExpenses": 0,
    "otherExpenses": 473200000,
    "operatingExpenses": 473200000,
    "costAndExpenses": 718200000,
    "interestIncome": 0,
    "interestExpense": 0,
    "depreciationAndAmortization": 0,
    "ebitda": 461300000,
    "ebitdaratio": 0.4468662211,
    "operatingIncome": 314100000,
    "operatingIncomeRatio": 0.3042720139,
    "totalOtherIncomeExpensesNet": -77100000,
    "incomeBeforeTax": 237000000,
    "incomeBeforeTaxRatio": 0.2295844231,
    "incomeTaxExpense": 89000000,
    "netIncome": 148000000,
    "netIncomeRatio": 0.1433691756,
    "eps": 0.98,
    "epsdiluted": 0.98,
    "weightedAverageShsOut": 144387755,
    "weightedAverageShsOutDil": 144387755,
    "link": "",
    "finalLink": ""
  }
]