[
  {
    "date": "2024-12-31",
    "symbol": "DTE",
    "reportedCurrency": "USD",
    "cik": "0000936340",
    "fillingDate": "2025-02-13",
    "acceptedDate": "2025-02-13 13:35:06",
    "calendarYear": "2024",
    "period": "FY",
    "revenue": 12457000000,
    "costOfRevenue": 8119000000,
    "grossProfit": 4338000000,
    "grossProfitRatio": 0.3482379385,
    "researchAndDevelopmentExpenses": 0,
    "generalAndAdministrativeExpenses": 0,
    "sellingAndMarketingExpenses": 0,
    "sellingGeneralAndAdministrativeExpenses": 0,
    "otherExpenses": 2247000000,
    "operatingExpenses": 2247000000,
    "costAndExpenses": 10366000000,
    "interestIncome": 136000000,
    "interestExpense": 951000000,
    "depreciationAndAmortization": 1732000000,
    "ebitda": 4053000000,
    "ebitdaratio": 0.3253592358,
    "operatingIncome": 2091000000,
    "operatingIncomeRatio": 0.1678574296,
    "totalOtherIncomeExpensesNet": -721000000,
    "incomeBeforeTax": 1370000000,
    "incomeBeforeTaxRatio": 0.1099783254,
    "incomeTaxExpense": -34000000,
    "netIncome": 1404000000,
    "netIncomeRatio": 0.1127077145,
    "eps": 6.78,
    "epsdiluted": 6.77,
    "weightedAverageShsOut": 207000000,
    "weightedAverageShsOutDil": 207000000,
    "link": "https://www.sec.gov/Archives/edgar/data/936340/000093634025000065/0000936340-25-000065-index.htm",
    "finalLink": "https://www.sec.gov/Archives/edgar/data/28385/000093634025000065/dte-20241231.htm"
  },
  {
    "date": "2023-12-31",
    "symbol": "DTE",
    "reportedCurrency": "USD",
    "cik": "0000936340",
    "fillingDate": "2024-02-08",
    "acceptedDate": "2024-02-08 10:49:21",
    "calendarYear": "2023",
    "period": "FY",
    "revenue": 12745000000,
    "costOfRevenue": 8418000000,
    "grossProfit": 4327000000,
    "grossProfitRatio": 0.3395056885,
    "researchAndDevelopmentExpenses": 0,
    "generalAndAdministrativeExpenses": 9000000,
    "sellingAndMarketingExpenses": 0,
    "sellingGeneralAndAdministrativeExpenses": 9000000,
    "otherExpenses": 2075000000,
    "operatingExpenses": 2084000000,
    "costAndExpenses": 10502000000,
    "interestIncome": 57000000,
    "interestExpense": 791000000,
    "depreciationAndAmortization": 1606000000,
    "ebitda": 3963000000,
    "ebitdaratio": 0.3109454688,
    "operatingIncome": 2243000000,
    "operatingIncomeRatio": 0.1759905845,
    "totalOtherIncomeExpensesNet": -677000000,
    "incomeBeforeTax": 1566000000,
    "incomeBeforeTaxRatio": 0.1228717144,
    "incomeTaxExpense": 169000000,
    "netIncome": 1397000000,
    "netIncomeRatio": 0.1096116124,
    "eps": 6.77,
    "epsdiluted": 6.76,
    "weightedAverageShsOut": 206000000,
    "weightedAverageShsOutDil": 206000000,
    "link": "https://www.sec.gov/Archives/edgar/data/936340/000093634024000076/0000936340-24-000076-index.htm",
    "finalLink": "https://www.sec.gov/Archives/edgar/data/28385/000093634024000076/dte-20231231.htm"
  },
  {
    "date": "2022-12-31",
    "symbol": "DTE",
    "reportedCurrency": "USD",
    "cik": "0000936340",
    "fillingDate": "2023-02-23",
    "acceptedDate": "2023-02-23 15:36:32",
    "calendarYear": "2022",
    "period": "FY",
    "revenue": 19228000000,
    "costOfRevenue": 15560000000,
    "grossProfit": 3668000000,
    "grossProfitRatio": 0.1907634699,
    "researchAndDevelopmentExpenses": 0,
    "generalAndAdministrativeExpenses": -1000000,
    "sellingAndMarketingExpenses": 0,
    "sellingGeneralAndAdministrativeExpenses": -1000000,
    "otherExpenses": 1921000000,
    "operatingExpenses": 1920000000,
    "costAndExpenses": 17480000000,
    "interestIncome": 46000000,
    "interestExpense": 675000000,
    "depreciationAndAmortization": 1468000000,
    "ebitda": 3255000000,
    "ebitdaratio": 0.169284377,
    "operatingIncome": 1748000000,
    "operatingIncomeRatio": 0.0909090909,
    "totalOtherIncomeExpensesNet": -636000000,
    "incomeBeforeTax": 1112000000,
    "incomeBeforeTaxRatio": 0.0578323279,
    "incomeTaxExpense": 29000000,
    "netIncome": 1083000000,
    "netIncomeRatio": 0.0563241107,
    "eps": 5.53,
    "epsdiluted": 5.52,
    "weightedAverageShsOut": 195000000,
    "weightedAverageShsOutDil": 196000000,
    "link": "https://www.sec.gov/Archives/edgar/data/936340/000093634023000073/0000936340-23-000073-index.htm",
    "finalLink": "https://www.sec.gov/Archives/edgar/data/28385/000093634023000073/dte-20221231.htm"
  },
  {
    "date": "2021-12-31",
    "symbol": "DTE",
    "reportedCurrency": "USD",
    "cik": "0000936340",
    "fillingDate": "2022-02-10",
    "acceptedDate": "2022-02-10 10:57:57",
    "calendarYear": "2021",
    "period": "FY",
    "revenue": 14964000000,
    "costOfRevenue": 11628000000,
    "grossProfit": 3336000000,
    "grossProfitRatio": 0.2229350441,
    "researchAndDevelopmentExpenses": 0,
    "generalAndAdministrativeExpenses": 17000000,
    "sellingAndMarketingExpenses": 0,
    "sellingGeneralAndAdministrativeExpenses": 17000000,
    "otherExpenses": 1824000000,
    "operatingExpenses": 1841000000,
    "costAndExpenses": 13469000000,
    "interestIncome": 22000000,
    "interestExpense": 630000000,
    "depreciationAndAmortization": 1459000000,
    "ebitda": 2745000000,
    "ebitdaratio": 0.1834402566,
    "operatingIncome": 1495000000,
    "operatingIncomeRatio": 0.0999064421,
    "totalOtherIncomeExpensesNet": -839000000,
    "incomeBeforeTax": 656000000,
    "incomeBeforeTaxRatio": 0.0438385458,
    "incomeTaxExpense": -130000000,
    "netIncome": 907000000,
    "netIncomeRatio": 0.0606121358,
    "eps": 4.68,
    "epsdiluted": 4.67,
    "weightedAverageShsOut": 193000000,
    "weightedAverageShsOutDil": 194000000,
    "link": "https://www.sec.gov/Archives/edgar/data/936340/000093634022000077/0000936340-22-000077-index.htm",
    "finalLink": "https://www.sec.gov/Archives/edgar/data/28385/000093634022000077/dte-20211231.htm"
  },
  {
    "date": "2020-12-31",
    "symbol": "DTE",
    "reportedCurrency": "USD",
    "cik": "0000936340",
    "fillingDate": "2021-02-19",
    "acceptedDate": "2021-02-19 13:40:44",
    "calendarYear": "2020",
    "period": "FY",
    "revenue": 11423000000,
    "costOfRevenue": 8144000000,
    "grossProfit": 3279000000,
    "grossProfitRatio": 0.2870524381,
    "researchAndDevelopmentExpenses": 0,
    "generalAndAdministrativeExpenses": 50000000,
    "sellingAndMarketingExpenses": 0,
    "sellingGeneralAndAdministrativeExpenses": 50000000,
    "otherExpenses": 1674000000,
    "operatingExpenses": 1724000000,
    "costAndExpenses": 9868000000,
    "interestIncome": 29000000,
    "interestExpense": 601000000,
    "depreciationAndAmortization": 1443000000,
    "ebitda": 3126000000,
    "ebitdaratio": 0.2736584085,
    "operatingIncome": 1555000000,
    "operatingIncomeRatio": 0.1361288628,
    "totalOtherIncomeExpensesNet": -473000000,
    "incomeBeforeTax": 1082000000,
    "incomeBeforeTaxRatio": 0.0947211766,
    "incomeTaxExpense": 37000000,
    "netIncome": 1368000000,
    "netIncomeRatio": 0.1197583822,
    "eps": 7.09,
    "epsdiluted": 7.08,
    "weightedAverageShsOut": 193000000,
    "weightedAverageShsOutDil": 193000000,
    "link": "https://www.sec.gov/Archives/edgar/data/936340/000093634021000112/0000936340-21-000112-index.htm",
    "finalLink": "https://www.sec.gov/Archives/edgar/data/28385/000093634021000112/dte-20201231.htm"
  },
  {
    "date": "2019-12-31",
    "symbol": "DTE",
    "reportedCurrency": "USD",
    "cik": "0000936340",
    "fillingDate": "2020-02-05",
    "acceptedDate": "2020-02-05 15:13:51",
    "calendarYear": "2019",
    "period": "FY",
    "revenue": 12168000000,
    "costOfRevenue": 9149000000,
    "grossProfit": 3019000000,
    "grossProfitRatio": 0.2481097962,
    "researchAndDevelopmentExpenses": 0,
    "generalAndAdministrativeExpenses": 0,
    "sellingAndMarketingExpenses": 0,
    "sellingGeneralAndAdministrativeExpenses": 39000000,
    "otherExpenses": 1550000000,
    "operatingExpenses": 1589000000,
    "costAndExpenses": 10738000000,
    "interestIncome": 9000000,
    "interestExpense": 568000000,
    "depreciationAndAmortization": 1263000000,
    "ebitda": 2844000000,
    "ebitdaratio": 0.2337278107,
    "operatingIncome": 1430000000,
    "operatingIncomeRatio": 0.1175213675,
    "totalOtherIncomeExpensesNet": -417000000,
    "incomeBeforeTax": 1013000000,
    "incomeBeforeTaxRatio": 0.0832511506,
    "incomeTaxExpense": 71000000,
    "netIncome": 1169000000,
    "netIncomeRatio": 0.0960716634,
    "eps": 6.32,
    "epsdiluted": 6.31,
    "weightedAverageShsOut": 185000000,
    "weightedAverageShsOutDil": 185000000,
    "link": "https://www.sec.gov/Archives/edgar/data/936340/000093634020000127/0000936340-20-000127-index.htm",
    "finalLink": "https://www.sec.gov/Archives/edgar/data/28385/000093634020000127/dteenergy2019123110k.htm"
  },
  {
    "date": "2018-12-31",
    "symbol": "DTE",
    "reportedCurrency": "USD",
    "cik": "0000936340",
    "fillingDate": "2019-02-07",
    "acceptedDate": "2019-02-07 12:52:11",
    "calendarYear": "2018",
    "period": "FY",
    "revenue": 14212000000,
    "costOfRevenue": 11062000000,
    "grossProfit": 3150000000,
    "grossProfitRatio": 0.2216436814,
    "researchAndDevelopmentExpenses": 0,
    "generalAndAdministrativeExpenses": 0,
    "sellingAndMarketingExpenses": 0,
    "sellingGeneralAndAdministrativeExpenses": 37000000,
    "otherExpenses": 1519000000,
    "operatingExpenses": 1556000000,
    "costAndExpenses": 12618000000,
    "interestIncome": 12000000,
    "interestExpense": 559000000,
    "depreciationAndAmortization": 1124000000,
    "ebitda": 2899000000,
    "ebitdaratio": 0.20398255,
    "operatingIncome": 1594000000,
    "operatingIncomeRatio": 0.1121587391,
    "totalOtherIncomeExpensesNet": -378000000,
    "incomeBeforeTax": 1216000000,
    "incomeBeforeTaxRatio": 0.0855614973,
    "incomeTaxExpense": 98000000,
    "netIncome": 1120000000,
    "netIncomeRatio": 0.0788066423,
    "eps": 6.18,
    "epsdiluted": 6.17,
    "weightedAverageShsOut": 181000000,
    "weightedAverageShsOutDil": 181000000,
    "link": "https://www.sec.gov/Archives/edgar/data/936340/000093634019000086/0000936340-19-000086-index.htm",
    "finalLink": "https://www.sec.gov/Archives/edgar/data/28385/000093634019000086/dteenergy2018123110k.htm"
  },
  {
    "date": "2017-12-31",
    "symbol": "DTE",
    "reportedCurrency": "USD",
    "cik": "0000936340",
    "fillingDate": "2018-02-16",
    "acceptedDate": "2018-02-16 11:02:58",
    "calendarYear": "2017",
    "period": "FY",
    "revenue": 12607000000,
    "costOfRevenue": 9434000000,
    "grossProfit": 3173000000,
    "grossProfitRatio": 0.2516855715,
    "researchAndDevelopmentExpenses": 0,
    "generalAndAdministrativeExpenses": 0,
    "sellingAndMarketingExpenses": 0,
    "sellingGeneralAndAdministrativeExpenses": 65000000,
    "otherExpenses": 1397000000,
    "operatingExpenses": 1462000000,
    "costAndExpenses": 10896000000,
    "interestIncome": 12000000,
    "interestExpense": 536000000,
    "depreciationAndAmortization": 1030000000,
    "ebitda": 2853000000,
    "ebitdaratio": 0.2263028476,
    "operatingIncome": 1711000000,
    "operatingIncomeRatio": 0.1357182518,
    "totalOtherIncomeExpensesNet": -424000000,
    "incomeBeforeTax": 1287000000,
    "incomeBeforeTaxRatio": 0.1020861426,
    "incomeTaxExpense": 175000000,
    "netIncome": 1134000000,
    "netIncomeRatio": 0.0899500278,
    "eps": 6.32,
    "epsdiluted": 6.32,
    "weightedAverageShsOut": 179000000,
    "weightedAverageShsOutDil": 179000000,
    "link": "https://www.sec.gov/Archives/edgar/data/936340/000093634018000082/0000936340-18-000082-index.htm",
    "finalLink": "https://www.sec.gov/Archives/edgar/data/28385/000093634018000082/dteenergy2017123110k.htm"
  },
  {
    "date": "2016-12-31",
    "symbol": "DTE",
    "reportedCurrency": "USD",
    "cik": "0000936340",
    "fillingDate": "2017-02-09",
    "acceptedDate": "2017-02-09 14:04:11",
    "calendarYear": "2016",
    "period": "FY",
    "revenue": 10630000000,
    "costOfRevenue": 7791000000,
    "grossProfit": 2839000000,
    "grossProfitRatio": 0.267074318,
    "researchAndDevelopmentExpenses": 0,
    "generalAndAdministrativeExpenses": 0,
    "sellingAndMarketingExpenses": 0,
    "sellingGeneralAndAdministrativeExpenses": 41000000,
    "otherExpenses": 1312000000,
    "operatingExpenses": 1353000000,
    "costAndExpenses": 9144000000,
    "interestIncome": 20000000,
    "interestExpense": 472000000,
    "depreciationAndAmortization": 976000000,
    "ebitda": 2553000000,
    "ebitdaratio": 0.2401693321,
    "operatingIncome": 1486000000,
    "operatingIncomeRatio": 0.1397930386,
    "totalOtherIncomeExpensesNet": -381000000,
    "incomeBeforeTax": 1105000000,
    "incomeBeforeTaxRatio": 0.1039510818,
    "incomeTaxExpense": 271000000,
    "netIncome": 868000000,
    "netIncomeRatio": 0.0816556914,
    "eps": 4.84,
    "epsdiluted": 4.83,
    "weightedAverageShsOut": 179000000,
    "weightedAverageShsOutDil": 179000000,
    "link": "https://www.sec.gov/Archives/edgar/data/936340/000093634017000064/0000936340-17-000064-index.htm",
    "finalLink": "https://www.sec.gov/Archives/edgar/data/28385/000093634017000064/dteenergy2016123110k.htm"
  },
  {
    "date": "2015-12-31",
    "symbol": "DTE",
    "reportedCurrency": "USD",
    "cik": "0000936340",
    "fillingDate": "2016-02-10",
    "acceptedDate": "2016-02-10 15:39:15",
    "calendarYear": "2015",
    "period": "FY",
    "revenue": 10337000000,
    "costOfRevenue": 7776000000,
    "grossProfit": 2561000000,
    "grossProfitRatio": 0.2477507981,
    "researchAndDevelopmentExpenses": 0,
    "generalAndAdministrativeExpenses": 0,
    "sellingAndMarketingExpenses": 0,
    "sellingGeneralAndAdministrativeExpenses": 0,
    "otherExpenses": 1322000000,
    "operatingExpenses": 1322000000,
    "costAndExpenses": 9098000000,
    "interestIncome": 13000000,
    "interestExpense": 450000000,
    "depreciationAndAmortization": 852000000,
    "ebitda": 2252000000,
    "ebitdaratio": 0.2178581794,
    "operatingIncome": 1239000000,
    "operatingIncomeRatio": 0.1198606946,
    "totalOtherIncomeExpensesNet": -289000000,
    "incomeBeforeTax": 950000000,
    "incomeBeforeTaxRatio": 0.0919028732,
    "incomeTaxExpense": 230000000,
    "netIncome": 727000000,
    "netIncomeRatio": 0.0703298829,
    "eps": 4.05,
    "epsdiluted": 4.05,
    "weightedAverageShsOut": 179000000,
    "weightedAverageShsOutDil": 179000000,
    "link": "https://www.sec.gov/Archives/edgar/data/936340/000093634016000243/0000936340-16-000243-index.htm",
    "finalLink": "https://www.sec.gov/Archives/edgar/data/28385/000093634016000243/dteenergy2015123110k.htm"
  },
  {
    "date": "2014-12-31",
    "symbol": "DTE",
    "reportedCurrency": "USD",
    "cik": "0000936340",
    "fillingDate": "2015-02-13",
    "acceptedDate": "2015-02-13 15:27:38",
    "calendarYear": "2014",
    "period": "FY",
    "revenue": 12301000000,
    "costOfRevenue": 9226000000,
    "grossProfit": 3075000000,
    "grossProfitRatio": 0.2499796764,
    "researchAndDevelopmentExpenses": 0,
    "generalAndAdministrativeExpenses": 0,
    "sellingAndMarketingExpenses": 0,
    "sellingGeneralAndAdministrativeExpenses": 0,
    "otherExpenses": 1485000000,
    "operatingExpenses": 1485000000,
    "costAndExpenses": 10711000000,
    "interestIncome": 10000000,
    "interestExpense": 429000000,
    "depreciationAndAmortization": 1145000000,
    "ebitda": 2849000000,
    "ebitdaratio": 0.2316071864,
    "operatingIncome": 1590000000,
    "operatingIncomeRatio": 0.1292577839,
    "totalOtherIncomeExpensesNet": -315000000,
    "incomeBeforeTax": 1275000000,
    "incomeBeforeTaxRatio": 0.1036501097,
    "incomeTaxExpense": 364000000,
    "netIncome": 905000000,
    "netIncomeRatio": 0.0735712544,
    "eps": 5.11,
    "epsdiluted": 5.1,
    "weightedAverageShsOut": 177000000,
    "weightedAverageShsOutDil": 177000000,
    "link": "https://www.sec.gov/Archives/edgar/data/936340/000093634015000014/0000936340-15-000014-index.htm",
    "finalLink": "https://www.sec.gov/Archives/edgar/data/936340/000093634015000014/dteenergy2014123110k.htm"
  },
  {
    "date": "2013-12-31",
    "symbol": "DTE",
    "reportedCurrency": "USD",
    "cik": "0000936340",
    "fillingDate": "2014-02-14",
    "acceptedDate": "2014-02-14 15:54:03",
    "calendarYear": "2013",
    "period": "FY",
    "revenue": 9661000000,
    "costOfRevenue": 7033000000,
    "grossProfit": 2628000000,
    "grossProfitRatio": 0.2720215299,
    "researchAndDevelopmentExpenses": 0,
    "generalAndAdministrativeExpenses": 0,
    "sellingAndMarketingExpenses": 0,
    "sellingGeneralAndAdministrativeExpenses": 0,
    "otherExpenses": 1425000000,
    "operatingExpenses": 1425000000,
    "costAndExpenses": 8458000000,
    "interestIncome": 9000000,
    "interestExpense": 436000000,
    "depreciationAndAmortization": 1094000000,
    "ebitda": 2452000000,
    "ebitdaratio": 0.253803954,
    "operatingIncome": 1203000000,
    "operatingIncomeRatio": 0.1245212711,
    "totalOtherIncomeExpensesNet": -281000000,
    "incomeBeforeTax": 922000000,
    "incomeBeforeTaxRatio": 0.0954352551,
    "incomeTaxExpense": 254000000,
    "netIncome": 661000000,
    "netIncomeRatio": 0.0684194183,
    "eps": 3.76,
    "epsdiluted": 3.76,
    "weightedAverageShsOut": 175000000,
    "weightedAverageShsOutDil": 175000000,
    "link": "https://www.sec.gov/Archives/edgar/data/936340/000093634014000014/0000936340-14-000014-index.htm",
    "finalLink": "https://www.sec.gov/Archives/edgar/data/936340/000093634014000014/dteenergy2013123110k.htm"
  },
  {
    "date": "2012-12-31",
    "symbol": "DTE",
    "reportedCurrency": "USD",
    "cik": "0000936340",
    "fillingDate": "2013-02-20",
    "acceptedDate": "2013-02-20 17:30:10",
    "calendarYear": "2012",
    "period": "FY",
    "revenue": 8791000000,
    "costOfRevenue": 6188000000,
    "grossProfit": 2603000000,
    "grossProfitRatio": 0.2960982823,
    "researchAndDevelopmentExpenses": 0,
    "generalAndAdministrativeExpenses": 0,
    "sellingAndMarketingExpenses": 0,
    "sellingGeneralAndAdministrativeExpenses": 0,
    "otherExpenses": 1324000000,
    "operatingExpenses": 1324000000,
    "costAndExpenses": 7512000000,
    "interestIncome": 10000000,
    "interestExpense": 440000000,
    "depreciationAndAmortization": 1018000000,
    "ebitda": 2418000000,
    "ebitdaratio": 0.2750540325,
    "operatingIncome": 1279000000,
    "operatingIncomeRatio": 0.1454897054,
    "totalOtherIncomeExpensesNet": -319000000,
    "incomeBeforeTax": 960000000,
    "incomeBeforeTaxRatio": 0.1092025936,
    "incomeTaxExpense": 286000000,
    "netIncome": 610000000,
    "netIncomeRatio": 0.069389148,
    "eps": 3.56,
    "epsdiluted": 3.55,
    "weightedAverageShsOut": 171000000,
    "weightedAverageShsOutDil": 172000000,
    "link": "https://www.sec.gov/Archives/edgar/data/936340/000093634013000028/0000936340-13-000028-index.htm",
    "finalLink": "https://www.sec.gov/Archives/edgar/data/936340/000093634013000028/dteenergy2012123110k.htm"
  },
  {
    "date": "2011-12-31",
    "symbol": "DTE",
    "reportedCurrency": "USD",
    "cik": "0000936340",
    "fillingDate": "2012-02-16",
    "acceptedDate": "2012-02-16 17:18:05",
    "calendarYear": "2011",
    "period": "FY",
    "revenue": 8897000000,
    "costOfRevenue": 6149000000,
    "grossProfit": 2709000000,
    "grossProfitRatio": 0.3044846577,
    "researchAndDevelopmentExpenses": 0,
    "generalAndAdministrativeExpenses": 0,
    "sellingAndMarketingExpenses": 0,
    "sellingGeneralAndAdministrativeExpenses": 0,
    "otherExpenses": 1288000000,
    "operatingExpenses": 1288000000,
    "costAndExpenses": 7437000000,
    "interestIncome": 10000000,
    "interestExpense": 488000000,
    "depreciationAndAmortization": 995000000,
    "ebitda": 2474000000,
    "ebitdaratio": 0.27807126,
    "operatingIncome": 1421000000,
    "operatingIncomeRatio": 0.1597167585,
    "totalOtherIncomeExpensesNet": -430000000,
    "incomeBeforeTax": 991000000,
    "incomeBeforeTaxRatio": 0.1113858604,
    "incomeTaxExpense": 268000000,
    "netIncome": 711000000,
    "netIncomeRatio": 0.0799145779,
    "eps": 4.19,
    "epsdiluted": 4.18,
    "weightedAverageShsOut": 169000000,
    "weightedAverageShsOutDil": 170000000,
    "link": "https://www.sec.gov/Archives/edgar/data/936340/000093634012000004/0000936340-12-000004-index.htm",
    "finalLink": "https://www.sec.gov/Archives/edgar/data/936340/000093634012000004/dteenergy2011123110k.htm"
  },
  {
    "date": "2010-12-31",
    "symbol": "DTE",
    "reportedCurrency": "USD",
    "cik": "0000936340",
    "fillingDate": "2011-02-18",
    "acceptedDate": "2011-02-18 17:12:00",
    "calendarYear": "2010",
    "period": "FY",
    "revenue": 8557000000,
    "costOfRevenue": 5757000000,
    "grossProfit": 2768000000,
    "grossProfitRatio": 0.3234778544,
    "researchAndDevelopmentExpenses": 0,
    "generalAndAdministrativeExpenses": 0,
    "sellingAndMarketingExpenses": 0,
    "sellingGeneralAndAdministrativeExpenses": 0,
    "otherExpenses": 1298000000,
    "operatingExpenses": 1298000000,
    "costAndExpenses": 7055000000,
    "interestIncome": 12000000,
    "interestExpense": 543000000,
    "depreciationAndAmortization": 1027000000,
    "ebitda": 2532000000,
    "ebitdaratio": 0.2958980951,
    "operatingIncome": 1470000000,
    "operatingIncomeRatio": 0.1717891785,
    "totalOtherIncomeExpensesNet": -508000000,
    "incomeBeforeTax": 962000000,
    "incomeBeforeTaxRatio": 0.112422578,
    "incomeTaxExpense": 315000000,
    "netIncome": 630000000,
    "netIncomeRatio": 0.0736239336,
    "eps": 3.75,
    "epsdiluted": 3.74,
    "weightedAverageShsOut": 168000000,
    "weightedAverageShsOutDil": 169000000,
    "link": "https://www.sec.gov/Archives/edgar/data/936340/000095012311015771/0000950123-11-015771-index.htm",
    "finalLink": "https://www.sec.gov/Archives/edgar/data/936340/000095012311015771/k49859e10vk.htm"
  },
  {
    "date": "2009-12-31",
    "symbol": "DTE",
    "reportedCurrency": "USD",
    "cik": "0000936340",
    "fillingDate": "2010-02-23",
    "acceptedDate": "2010-02-23 17:23:23",
    "calendarYear": "2009",
    "period": "FY",
    "revenue": 8014000000,
    "costOfRevenue": 3118000000,
    "grossProfit": 4896000000,
    "grossProfitRatio": 0.610930871,
    "researchAndDevelopmentExpenses": 0,
    "generalAndAdministrativeExpenses": 0,
    "sellingAndMarketingExpenses": 0,
    "sellingGeneralAndAdministrativeExpenses": 0,
    "otherExpenses": 3647000000,
    "operatingExpenses": 3647000000,
    "costAndExpenses": 6765000000,
    "interestIncome": 19000000,
    "interestExpense": 545000000,
    "depreciationAndAmortization": 1020000000,
    "ebitda": 2347000000,
    "ebitdaratio": 0.2928624906,
    "operatingIncome": 1249000000,
    "operatingIncomeRatio": 0.1558522585,
    "totalOtherIncomeExpensesNet": -467000000,
    "incomeBeforeTax": 782000000,
    "incomeBeforeTaxRatio": 0.0975792363,
    "incomeTaxExpense": 247000000,
    "netIncome": 532000000,
    "netIncomeRatio": 0.0663838283,
    "eps": 3.24,
    "epsdiluted": 3.24,
    "weightedAverageShsOut": 164000000,
    "weightedAverageShsOutDil": 164000000,
    "link": "https://www.sec.gov/Archives/edgar/data/936340/000095012310015829/0000950123-10-015829-index.htm",
    "finalLink": "https://www.sec.gov/Archives/edgar/data/936340/000095012310015829/k48696e10vk.htm"
  },
  {
    "date": "2008-12-31",
    "symbol": "DTE",
    "reportedCurrency": "USD",
    "cik": "0000936340",
    "fillingDate": "2009-02-27",
    "acceptedDate": "2009-02-27 16:38:46",
    "calendarYear": "2008",
    "period": "FY",
    "revenue": 9329000000,
    "costOfRevenue": 4306000000,
    "grossProfit": 5023000000,
    "grossProfitRatio": 0.5384285561,
    "researchAndDevelopmentExpenses": 0,
    "generalAndAdministrativeExpenses": 0,
    "sellingAndMarketingExpenses": 0,
    "sellingGeneralAndAdministrativeExpenses": 0,
    "otherExpenses": 3760000000,
    "operatingExpenses": 3760000000,
    "costAndExpenses": 8066000000,
    "interestIncome": 19000000,
    "interestExpense": 503000000,
    "depreciationAndAmortization": 899000000,
    "ebitda": 2223000000,
    "ebitdaratio": 0.2382892057,
    "operatingIncome": 1263000000,
    "operatingIncomeRatio": 0.1353842856,
    "totalOtherIncomeExpensesNet": -444000000,
    "incomeBeforeTax": 819000000,
    "incomeBeforeTaxRatio": 0.08779076,
    "incomeTaxExpense": 288000000,
    "netIncome": 546000000,
    "netIncomeRatio": 0.0585271733,
    "eps": 3.34,
    "epsdiluted": 3.34,
    "weightedAverageShsOut": 163000000,
    "weightedAverageShsOutDil": 163000000,
    "link": "https://www.sec.gov/Archives/edgar/data/936340/000095015209001957/0000950152-09-001957-index.htm",
    "finalLink": "https://www.sec.gov/Archives/edgar/data/936340/000095015209001957/k47322e10vk.htm"
  },
  {
    "date": "2007-12-31",
    "symbol": "DTE",
    "reportedCurrency": "USD",
    "cik": "0000936340",
    "fillingDate": "2008-03-07",
    "acceptedDate": "2008-03-07 16:47:25",
    "calendarYear": "2007",
    "period": "FY",
    "revenue": 8506000000,
    "costOfRevenue": 3552000000,
    "grossProfit": 4923000000,
    "grossProfitRatio": 0.5787679285,
    "researchAndDevelopmentExpenses": 0,
    "generalAndAdministrativeExpenses": 0,
    "sellingAndMarketingExpenses": 0,
    "sellingGeneralAndAdministrativeExpenses": 0,
    "otherExpenses": 3318000000,
    "operatingExpenses": 3318000000,
    "costAndExpenses": 6870000000,
    "interestIncome": 0,
    "interestExpense": 0,
    "depreciationAndAmortization": 926000000,
    "ebitda": 2537000000,
    "ebitdaratio": 0.2982600517,
    "operatingIncome": 1605000000,
    "operatingIncomeRatio": 0.1886903362,
    "totalOtherIncomeExpensesNet": -454000000,
    "incomeBeforeTax": 1151000000,
    "incomeBeforeTaxRatio": 0.1353162474,
    "incomeTaxExpense": 364000000,
    "netIncome": 971000000,
    "netIncomeRatio": 0.1141547143,
    "eps": 5.73,
    "epsdiluted": 5.7,
    "weightedAverageShsOut": 169000000,
    "weightedAverageShsOutDil": 170000000,
    "link": "https://www.sec.gov/Archives/edgar/data/936340/000095012408001093/0000950124-08-001093-index.htm",
    "finalLink": "https://www.sec.gov/Archives/edgar/data/936340/000095012408001093/k23278e10vk.htm"
  },
  {
    "date": "2006-12-31",
    "symbol": "DTE",
    "reportedCurrency": "USD",
    "cik": "0000936340",
    "fillingDate": "2007-03-01",
    "acceptedDate": "2007-03-01 17:20:45",
    "calendarYear": "2006",
    "period": "FY",
    "revenue": 9022000000,
    "costOfRevenue": 3047000000,
    "grossProfit": 5110000000,
    "grossProfitRatio": 0.5663932609,
    "researchAndDevelopmentExpenses": 0,
    "generalAndAdministrativeExpenses": 0,
    "sellingAndMarketingExpenses": 0,
    "sellingGeneralAndAdministrativeExpenses": 0,
    "otherExpenses": 4043000000,
    "operatingExpenses": 4043000000,
    "costAndExpenses": 7090000000,
    "interestIncome": 0,
    "interestExpense": 0,
    "depreciationAndAmortization": 1014000000,
    "ebitda": 2081000000,
    "ebitdaratio": 0.2306583906,
    "operatingIncome": 1067000000,
    "operatingIncomeRatio": 0.1182664598,
    "totalOtherIncomeExpensesNet": -532000000,
    "incomeBeforeTax": 535000000,
    "incomeBeforeTaxRatio": 0.0592994901,
    "incomeTaxExpense": 146000000,
    "netIncome": 433000000,
    "netIncomeRatio": 0.047993793,
    "eps": 2.44,
    "epsdiluted": 2.43,
    "weightedAverageShsOut": 177000000,
    "weightedAverageShsOutDil": 178000000,
    "link": "https://www.sec.gov/Archives/edgar/data/936340/000095012407001240/0000950124-07-001240-index.htm",
    "finalLink": "https://www.sec.gov/Archives/edgar/data/936340/000095012407001240/k12582e10vk.htm"
  },
  {
    "date": "2005-12-31",
    "symbol": "DTE",
    "reportedCurrency": "USD",
    "cik": "0000936340",
    "fillingDate": "2006-03-08",
    "acceptedDate": "2006-03-08 09:20:35",
    "calendarYear": "2005",
    "period": "FY",
    "revenue": 9022000000,
    "costOfRevenue": 3530000000,
    "grossProfit": 4564000000,
    "grossProfitRatio": 0.5058745289,
    "researchAndDevelopmentExpenses": 0,
    "generalAndAdministrativeExpenses": 0,
    "sellingAndMarketingExpenses": 0,
    "sellingGeneralAndAdministrativeExpenses": 0,
    "otherExpenses": 3666000000,
    "operatingExpenses": 3666000000,
    "costAndExpenses": 7196000000,
    "interestIncome": 0,
    "interestExpense": 0,
    "depreciationAndAmortization": 872000000,
    "ebitda": 1770000000,
    "ebitdaratio": 0.1961870982,
    "operatingIncome": 898000000,
    "operatingIncomeRatio": 0.0995344713,
    "totalOtherIncomeExpensesNet": -520000000,
    "incomeBeforeTax": 378000000,
    "incomeBeforeTaxRatio": 0.0418975837,
    "incomeTaxExpense": 106000000,
    "netIncome": 537000000,
    "netIncomeRatio": 0.0595211705,
    "eps": 3.07,
    "epsdiluted": 3.05,
    "weightedAverageShsOut": 175000000,
    "weightedAverageShsOutDil": 176000000,
    "link": "https://www.sec.gov/Archives/edgar/data/936340/000095012406001039/0000950124-06-001039-index.htm",
    "finalLink": "https://www.sec.gov/Archives/edgar/data/936340/000095012406001039/k01978e10vk.htm"
  },
  {
    "date": "2004-12-31",
    "symbol": "DTE",
    "reportedCurrency": "USD",
    "cik": "0000936340",
    "fillingDate": "2005-03-15",
    "acceptedDate": "2005-03-15 17:27:54",
    "calendarYear": "2004",
    "period": "FY",
    "revenue": 7069000000,
    "costOfRevenue": 2007000000,
    "grossProfit": 5062000000,
    "grossProfitRatio": 0.7160843118,
    "researchAndDevelopmentExpenses": 0,
    "generalAndAdministrativeExpenses": 0,
    "sellingAndMarketingExpenses": 0,
    "sellingGeneralAndAdministrativeExpenses": 0,
    "otherExpenses": 4406000000,
    "operatingExpenses": 4406000000,
    "costAndExpenses": 6413000000,
    "interestIncome": 0,
    "interestExpense": 0,
    "depreciationAndAmortization": 744000000,
    "ebitda": 1400000000,
    "ebitdaratio": 0.1980478144,
    "operatingIncome": 656000000,
    "operatingIncomeRatio": 0.0927995473,
    "totalOtherIncomeExpensesNet": -18000000,
    "incomeBeforeTax": 638000000,
    "incomeBeforeTaxRatio": 0.0902532183,
    "incomeTaxExpense": 174000000,
    "netIncome": 434000000,
    "netIncomeRatio": 0.0613948225,
    "eps": 2.49,
    "epsdiluted": 2.49,
    "weightedAverageShsOut": 173000000,
    "weightedAverageShsOutDil": 174297189,
    "link": "https://www.sec.gov/Archives/edgar/data/936340/000095012405001542/0000950124-05-001542-index.htm",
    "finalLink": "https://www.sec.gov/Archives/edgar/data/936340/000095012405001542/k91838e10vk.htm"
  },
  {
    "date": "2003-12-31",
    "symbol": "DTE",
    "reportedCurrency": "USD",
    "cik": "0000936340",
    "fillingDate": "2004-03-03",
    "acceptedDate": "2004-03-02 21:46:08",
    "calendarYear": "2003",
    "period": "FY",
    "revenue": 7041000000,
    "costOfRevenue": 2241000000,
    "grossProfit": 4800000000,
    "grossProfitRatio": 0.6817213464,
    "researchAndDevelopmentExpenses": 0,
    "generalAndAdministrativeExpenses": 0,
    "sellingAndMarketingExpenses": 0,
    "sellingGeneralAndAdministrativeExpenses": 0,
    "otherExpenses": 4053000000,
    "operatingExpenses": 4053000000,
    "costAndExpenses": 6294000000,
    "interestIncome": 0,
    "interestExpense": 0,
    "depreciationAndAmortization": 691000000,
    "ebitda": 1438000000,
    "ebitdaratio": 0.2042323534,
    "operatingIncome": 747000000,
    "operatingIncomeRatio": 0.1060928845,
    "totalOtherIncomeExpensesNet": -390000000,
    "incomeBeforeTax": 357000000,
    "incomeBeforeTaxRatio": 0.0507030251,
    "incomeTaxExpense": -123000000,
    "netIncome": 521000000,
    "netIncomeRatio": 0.0739951711,
    "eps": 2.5,
    "epsdiluted": 2.5,
    "weightedAverageShsOut": 168000000,
    "weightedAverageShsOutDil": 168000000,
    "link": "https://www.sec.gov/Archives/edgar/data/936340/000095012404000639/0000950124-04-000639-index.htm",
    "finalLink": "https://www.sec.gov/Archives/edgar/data/936340/000095012404000639/k81862e10vk.htm"
  },
  {
    "date": "2002-12-31",
    "symbol": "DTE",
    "reportedCurrency": "USD",
    "cik": "0000936340",
    "fillingDate": "2003-03-24",
    "acceptedDate": "2003-03-24 15:48:08",
    "calendarYear": "2002",
    "period": "FY",
    "revenue": 6749000000,
    "costOfRevenue": 2099000000,
    "grossProfit": 4630000000,
    "grossProfitRatio": 0.6860275596,
    "researchAndDevelopmentExpenses": 0,
    "generalAndAdministrativeExpenses": 0,
    "sellingAndMarketingExpenses": 0,
    "sellingGeneralAndAdministrativeExpenses": 0,
    "otherExpenses": 3636000000,
    "operatingExpenses": 3636000000,
    "costAndExpenses": 5735000000,
    "interestIncome": 0,
    "interestExpense": 0,
    "depreciationAndAmortization": 759000000,
    "ebitda": 1753000000,
    "ebitdaratio": 0.259742184,
    "operatingIncome": 994000000,
    "operatingIncomeRatio": 0.1472810787,
    "totalOtherIncomeExpensesNet": -492000000,
    "incomeBeforeTax": 502000000,
    "incomeBeforeTaxRatio": 0.0743813898,
    "incomeTaxExpense": -84000000,
    "netIncome": 632000000,
    "netIncomeRatio": 0.0936435027,
    "eps": 3.18,
    "epsdiluted": 3.18,
    "weightedAverageShsOut": 164000000,
    "weightedAverageShsOutDil": 165000000,
    "link": "https://www.sec.gov/Archives/edgar/data/936340/000095012403000824/0000950124-03-000824-index.htm",
    "finalLink": "https://www.sec.gov/Archives/edgar/data/936340/000095012403000824/k74326e10vk.htm"
  },
  {
    "date": "2001-12-31",
    "symbol": "DTE",
    "reportedCurrency": "USD",
    "cik": "0000936340",
    "fillingDate": "2002-03-29",
    "acceptedDate": "2002-03-29 00:00:00",
    "calendarYear": "2001",
    "period": "FY",
    "revenue": 7849000000,
    "costOfRevenue": 1919000000,
    "grossProfit": 3868000000,
    "grossProfitRatio": 0.4928016308,
    "researchAndDevelopmentExpenses": 0,
    "generalAndAdministrativeExpenses": 0,
    "sellingAndMarketingExpenses": 0,
    "sellingGeneralAndAdministrativeExpenses": 0,
    "otherExpenses": 3203000000,
    "operatingExpenses": 3203000000,
    "costAndExpenses": 5122000000,
    "interestIncome": 0,
    "interestExpense": 335000000,
    "depreciationAndAmortization": 795000000,
    "ebitda": 1460000000,
    "ebitdaratio": 0.1860109568,
    "operatingIncome": 665000000,
    "operatingIncomeRatio": 0.0847241687,
    "totalOtherIncomeExpensesNet": -475000000,
    "incomeBeforeTax": 190000000,
    "incomeBeforeTaxRatio": 0.0242069053,
    "incomeTaxExpense": -119000000,
    "netIncome": 332000000,
    "netIncomeRatio": 0.042298382,
    "eps": 1.44,
    "epsdiluted": 1.44,
    "weightedAverageShsOut": 150000000,
    "weightedAverageShsOutDil": 151000000,
    "link": "https://www.sec.gov/Archives/edgar/data/936340/000095012402001121/0000950124-02-001121-index.htm",
    "finalLink": "https://www.sec.gov/Archives/edgar/data/936340/000095012402001121/k68272e10-k405.htm"
  },
  {
    "date": "2000-12-31",
    "symbol": "DTE",
    "reportedCurrency": "USD",
    "cik": "0000936340",
    "fillingDate": "2001-03-01",
    "acceptedDate": "2001-03-01 00:00:00",
    "calendarYear": "2000",
    "period": "FY",
    "revenue": 5597000000,
    "costOfRevenue": 1305000000,
    "grossProfit": 3333000000,
    "grossProfitRatio": 0.595497588,
    "researchAndDevelopmentExpenses": 0,
    "generalAndAdministrativeExpenses": 0,
    "sellingAndMarketingExpenses": 0,
    "sellingGeneralAndAdministrativeExpenses": 0,
    "otherExpenses": 2503000000,
    "operatingExpenses": 2503000000,
    "costAndExpenses": 3808000000,
    "interestIncome": 0,
    "interestExpense": 0,
    "depreciationAndAmortization": 719000000,
    "ebitda": 1588000000,
    "ebitdaratio": 0.2837234233,
    "operatingIncome": 830000000,
    "operatingIncomeRatio": 0.1482937288,
    "totalOtherIncomeExpensesNet": -353000000,
    "incomeBeforeTax": 477000000,
    "incomeBeforeTaxRatio": 0.0852242273,
    "incomeTaxExpense": 9000000,
    "netIncome": 468000000,
    "netIncomeRatio": 0.083616223,
    "eps": 3.28,
    "epsdiluted": 3.27,
    "weightedAverageShsOut": 143043478,
    "weightedAverageShsOutDil": 143119266,
    "link": "https://www.sec.gov/Archives/edgar/data/936340/000095012401001134/0000950124-01-001134-index.htm",
    "finalLink": "https://www.sec.gov/Archives/edgar/data/28385/000095012401001134/k60357e10-k405.htm"
  },
  {
    "date": "1999-12-31",
    "symbol": "DTE",
    "reportedCurrency": "USD",
    "cik": "0000936340",
    "fillingDate": "2000-02-23",
    "acceptedDate": "2000-02-23 00:00:00",
    "calendarYear": "1999",
    "period": "FY",
    "revenue": 4728000000,
    "costOfRevenue": 1335000000,
    "grossProfit": 3393000000,
    "grossProfitRatio": 0.7176395939,
    "researchAndDevelopmentExpenses": 0,
    "generalAndAdministrativeExpenses": 0,
    "sellingAndMarketingExpenses": 0,
    "sellingGeneralAndAdministrativeExpenses": 0,
    "otherExpenses": 2492000000,
    "operatingExpenses": 2492000000,
    "costAndExpenses": 3827000000,
    "interestIncome": 0,
    "interestExpense": 0,
    "depreciationAndAmortization": 735000000,
    "ebitda": 1636000000,
    "ebitdaratio": 0.3460236887,
    "operatingIncome": 901000000,
    "operatingIncomeRatio": 0.1905668359,
    "totalOtherIncomeExpensesNet": -358000000,
    "incomeBeforeTax": 543000000,
    "incomeBeforeTaxRatio": 0.1148477157,
    "incomeTaxExpense": 60000000,
    "netIncome": 483000000,
    "netIncomeRatio": 0.1021573604,
    "eps": 3.33,
    "epsdiluted": 3.33,
    "weightedAverageShsOut": 145000000,
    "weightedAverageShsOutDil": 145045045,
    "link": "https://www.sec.gov/Archives/edgar/data/936340/000095012400000882/0000950124-00-000882-index.html",
    "finalLink": "https://www.sec.gov/Archives/edgar/data/28385/000095012400000882/0000950124-00-000882-d1.html"
  },
  {
    "date": "1998-12-31",
    "symbol": "DTE",
    "reportedCurrency": "USD",
    "cik": "0000936340",
    "fillingDate": "1999-02-25",
    "acceptedDate": "1999-02-25 00:00:00",
    "calendarYear": "1998",
    "period": "FY",
    "revenue": 4221000000,
    "costOfRevenue": 1063000000,
    "grossProfit": 3158000000,
    "grossProfitRatio": 0.7481639422,
    "researchAndDevelopmentExpenses": 0,
    "generalAndAdministrativeExpenses": 0,
    "sellingAndMarketingExpenses": 0,
    "sellingGeneralAndAdministrativeExpenses": 0,
    "otherExpenses": 2221000000,
    "operatingExpenses": 2221000000,
    "costAndExpenses": 3284000000,
    "interestIncome": 0,
    "interestExpense": 0,
    "depreciationAndAmortization": 0,
    "ebitda": 1598000000,
    "ebitdaratio": 0.3785832741,
    "operatingIncome": 937000000,
    "operatingIncomeRatio": 0.2219853115,
    "totalOtherIncomeExpensesNet": -340000000,
    "incomeBeforeTax": 597000000,
    "incomeBeforeTaxRatio": 0.1414356787,
    "incomeTaxExpense": 154000000,
    "netIncome": 443000000,
    "netIncomeRatio": 0.1049514333,
    "eps": 3.05,
    "epsdiluted": 3.05,
    "weightedAverageShsOut": 145258621,
    "weightedAverageShsOutDil": 145258621,
    "link": "https://www.sec.gov/Archives/edgar/data/936340/000095012499001483/0000950124-99-001483-index.html",
    "finalLink": "https://www.sec.gov/Archives/edgar/data/28385/"
  },
  {
    "date": "1997-12-31",
    "symbol": "DTE",
    "reportedCurrency": "USD",
    "cik": "0000936340",
    "fillingDate": "1998-02-24",
    "acceptedDate": "1998-02-24 00:00:00",
    "calendarYear": "1997",
    "period": "FY",
    "revenue": 3764000000,
    "costOfRevenue": 837000000,
    "grossProfit": 2927000000,
    "grossProfitRatio": 0.7776301807,
    "researchAndDevelopmentExpenses": 0,
    "generalAndAdministrativeExpenses": 0,
    "sellingAndMarketingExpenses": 0,
    "sellingGeneralAndAdministrativeExpenses": 0,
    "otherExpenses": 1926000000,
    "operatingExpenses": 1926000000,
    "costAndExpenses": 2763000000,
    "interestIncome": 0,
    "interestExpense": 0,
    "depreciationAndAmortization": 0,
    "ebitda": 1661000000,
    "ebitdaratio": 0.4412858661,
    "operatingIncome": 1001000000,
    "operatingIncomeRatio": 0.2659404888,
    "totalOtherIncomeExpensesNet": -327000000,
    "incomeBeforeTax": 674000000,
    "incomeBeforeTaxRatio": 0.1790648247,
    "incomeTaxExpense": 257000000,
    "netIncome": 417000000,
    "netIncomeRatio": 0.1107863974,
    "eps": 2.88,
    "epsdiluted": 2.88,
    "weightedAverageShsOut": 144791667,
    "weightedAverageShsOutDil": 144791667,
    "link": "https://www.sec.gov/Archives/edgar/data/936340/000095012498000894/0000950124-98-000894-index.html",
    "finalLink": "https://www.sec.gov/Archives/edgar/data/28385/"
  },
  {
    "date": "1996-12-31",
    "symbol": "DTE",
    "reportedCurrency": "USD",
    "cik": "0000936340",
    "fillingDate": "1997-03-25",
    "acceptedDate": "1997-03-25 00:00:00",
    "calendarYear": "1996",
    "period": "FY",
    "revenue": 3645300000,
    "costOfRevenue": 845700000,
    "grossProfit": 2799600000,
    "grossProfitRatio": 0.7680026335,
    "researchAndDevelopmentExpenses": 0,
    "generalAndAdministrativeExpenses": 0,
    "sellingAndMarketingExpenses": 0,
    "sellingGeneralAndAdministrativeExpenses": 0,
    "otherExpenses": 1963100000,
    "operatingExpenses": 1963100000,
    "costAndExpenses": 2808800000,
    "interestIncome": 0,
    "interestExpense": 0,
    "depreciationAndAmortization": 0,
    "ebitda": 1460700000,
    "ebitdaratio": 0.4007077607,
    "operatingIncome": 836500000,
    "operatingIncomeRatio": 0.2294735687,
    "totalOtherIncomeExpensesNet": -304600000,
    "incomeBeforeTax": 531900000,
    "incomeBeforeTaxRatio": 0.1459139166,
    "incomeTaxExpense": 222600000,
    "netIncome": 309300000,
    "netIncomeRatio": 0.0848489836,
    "eps": 2.13,
    "epsdiluted": 2.13,
    "weightedAverageShsOut": 145211268,
    "weightedAverageShsOutDil": 145211268,
    "link": "https://www.sec.gov/Archives/edgar/data/936340/000095012497001779/0000950124-97-001779-index.html",
    "finalLink": "https://www.sec.gov/Archives/edgar/data/28385/"
  },
  {
    "date": "1995-12-31",
    "symbol": "DTE",
    "reportedCurrency": "USD",
    "cik": "0000936340",
    "fillingDate": "1996-03-26",
    "acceptedDate": "1996-03-26 00:00:00",
    "calendarYear": "1995",
    "period": "FY",
    "revenue": 3635600000,
    "costOfRevenue": 849600000,
    "grossProfit": 2786000000,
    "grossProfitRatio": 0.7663109253,
    "researchAndDevelopmentExpenses": 0,
    "generalAndAdministrativeExpenses": 0,
    "sellingAndMarketingExpenses": 0,
    "sellingGeneralAndAdministrativeExpenses": 0,
    "otherExpenses": 1756900000,
    "operatingExpenses": 1756900000,
    "costAndExpenses": 2606500000,
    "interestIncome": 0,
    "interestExpense": 0,
    "depreciationAndAmortization": 0,
    "ebitda": 1616700000,
    "ebitdaratio": 0.444685884,
    "operatingIncome": 1029100000,
    "operatingIncomeRatio": 0.283061943,
    "totalOtherIncomeExpensesNet": -333500000,
    "incomeBeforeTax": 695600000,
    "incomeBeforeTaxRatio": 0.1913301793,
    "incomeTaxExpense": 289700000,
    "netIncome": 405900000,
    "netIncomeRatio": 0.1116459456,
    "eps": 2.8,
    "epsdiluted": 2.8,
    "weightedAverageShsOut": 137321429,
    "weightedAverageShsOutDil": 137321429,
    "link": "https://www.sec.gov/Archives/edgar/data/936340/000095012496001320/0000950124-96-001320-index.html",
    "finalLink": "https://www.sec.gov/Archives/edgar/data/28385/"
  },
  {
    "date": "1994-12-31",
    "symbol": "DTE",
    "reportedCurrency": "USD",
    "cik": "0000936340",
    "fillingDate": "1994-12-31",
    "acceptedDate": "1994-12-30 19:00:00",
    "calendarYear": "1994",
    "period": "FY",
    "revenue": 3519300000,
    "costOfRevenue": 0,
    "grossProfit": 0,
    "grossProfitRatio": 0,
    "researchAndDevelopmentExpenses": 0,
    "generalAndAdministrativeExpenses": 0,
    "sellingAndMarketingExpenses": 0,
    "sellingGeneralAndAdministrativeExpenses": 0,
    "otherExpenses": 3519300000,
    "operatingExpenses": 3519300000,
    "costAndExpenses": 3519300000,
    "interestIncome": 0,
    "interestExpense": 0,
    "depreciationAndAmortization": 0,
    "ebitda": 3519300000,
    "ebitdaratio": 1,
    "operatingIncome": 3519300000,
    "operatingIncomeRatio": 1,
    "totalOtherIncomeExpensesNet": -3519300000,
    "incomeBeforeTax": 0,
    "incomeBeforeTaxRatio": 0,
    "incomeTaxExpense": 0,
    "netIncome": 390200000,
    "netIncomeRatio": 0.1108743216,
    "eps": 2.67,
    "epsdiluted": 2.67,
    "weightedAverageShsOut": 146142322,
    "weightedAverageShsOutDil": 146142322,
    "link": "",
    "finalLink": ""
  },
  {
    "date": "1993-12-31",
    "symbol": "DTE",
    "reportedCurrency": "USD",
    "cik": "0000936340",
    "fillingDate": "1993-12-31",
    "acceptedDate": "1993-12-30 19:00:00",
    "calendarYear": "1993",
    "period": "FY",
    "revenue": 3555200000,
    "costOfRevenue": 0,
    "grossProfit": 0,
    "grossProfitRatio": 0,
    "researchAndDevelopmentExpenses": 0,
    "generalAndAdministrativeExpenses": 0,
    "sellingAndMarketingExpenses": 0,
    "sellingGeneralAndAdministrativeExpenses": 0,
    "otherExpenses": 3555200000,
    "operatingExpenses": 3555200000,
    "costAndExpenses": 3555200000,
    "interestIncome": 0,
    "interestExpense": 0,
    "depreciationAndAmortization": 0,
    "ebitda": 3555200000,
    "ebitdaratio": 1,
    "operatingIncome": 3555200000,
    "operatingIncomeRatio": 1,
    "totalOtherIncomeExpensesNet": -3555200000,
    "incomeBeforeTax": 0,
    "incomeBeforeTaxRatio": 0,
    "incomeTaxExpense": 0,
    "netIncome": 491100000,
    "netIncomeRatio": 0.1381356886,
    "eps": 3.34,
    "epsdiluted": 3.34,
    "weightedAverageShsOut": 147035928,
    "weightedAverageShsOutDil": 147035928,
    "link": "",
    "finalLink": ""
  },
  {
    "date": "1992-12-31",
    "symbol": "DTE",
    "reportedCurrency": "USD",
    "cik": "0000936340",
    "fillingDate": "1992-12-31",
    "acceptedDate": "1992-12-30 19:00:00",
    "calendarYear": "1992",
    "period": "FY",
    "revenue": 3558100000,
    "costOfRevenue": 0,
    "grossProfit": 0,
    "grossProfitRatio": 0,
    "researchAndDevelopmentExpenses": 0,
    "generalAndAdministrativeExpenses": 0,
    "sellingAndMarketingExpenses": 0,
    "sellingGeneralAndAdministrativeExpenses": 0,
    "otherExpenses": 3558100000,
    "operatingExpenses": 3558100000,
    "costAndExpenses": 3558100000,
    "interestIncome": 0,
    "interestExpense": 0,
    "depreciationAndAmortization": 0,
    "ebitda": 3558100000,
    "ebitdaratio": 1,
    "operatingIncome": 3558100000,
    "operatingIncomeRatio": 1,
    "totalOtherIncomeExpensesNet": -3558100000,
    "incomeBeforeTax": 0,
    "incomeBeforeTaxRatio": 0,
    "incomeTaxExpense": 0,
    "netIncome": 557500000,
    "netIncomeRatio": 0.1566847475,
    "eps": 3.79,
    "epsdiluted": 3.79,
    "weightedAverageShsOut": 147097625,
    "weightedAverageShsOutDil": 147097625,
    "link": "",
    "finalLink": ""
  },
  {
    "date": "1991-12-31",
    "symbol": "DTE",
    "reportedCurrency": "USD",
    "cik": "0000936340",
    "fillingDate": "1991-12-31",
    "acceptedDate": "1991-12-30 19:00:00",
    "calendarYear": "1991",
    "period": "FY",
    "revenue": 3591500000,
    "costOfRevenue": 0,
    "grossProfit": 0,
    "grossProfitRatio": 0,
    "researchAndDevelopmentExpenses": 0,
    "generalAndAdministrativeExpenses": 0,
    "sellingAndMarketingExpenses": 0,
    "sellingGeneralAndAdministrativeExpenses": 0,
    "otherExpenses": 3591500000,
    "operatingExpenses": 3591500000,
    "costAndExpenses": 3591500000,
    "interestIncome": 0,
    "interestExpense": 0,
    "depreciationAndAmortization": 0,
    "ebitda": 3591500000,
    "ebitdaratio": 1,
    "operatingIncome": 3591500000,
    "operatingIncomeRatio": 1,
    "totalOtherIncomeExpensesNet": -3591500000,
    "incomeBeforeTax": 0,
    "incomeBeforeTaxRatio": 0,
    "incomeTaxExpense": 0,
    "netIncome": 535200000,
    "netIncomeRatio": 0.1490185159,
    "eps": 3.64,
    "epsdiluted": 3.64,
    "weightedAverageShsOut": 147032967,
    "weightedAverageShsOutDil": 147032967,
    "link": "",
    "finalLink": ""
  },
  {
    "date": "1990-12-31",
    "symbol": "DTE",
    "reportedCurrency": "USD",
    "cik": "0000936340",
    "fillingDate": "1990-12-31",
    "acceptedDate": "1990-12-30 19:00:00",
    "calendarYear": "1990",
    "period": "FY",
    "revenue": 3306700000,
    "costOfRevenue": 0,
    "grossProfit": 0,
    "grossProfitRatio": 0,
    "researchAndDevelopmentExpenses": 0,
    "generalAndAdministrativeExpenses": 0,
    "sellingAndMarketingExpenses": 0,
    "sellingGeneralAndAdministrativeExpenses": 0,
    "otherExpenses": 3306700000,
    "operatingExpenses": 3306700000,
    "costAndExpenses": 3306700000,
    "interestIncome": 0,
    "interestExpense": 0,
    "depreciationAndAmortization": 0,
    "ebitda": 3306700000,
    "ebitdaratio": 1,
    "operatingIncome": 3306700000,
    "operatingIncomeRatio": 1,
    "totalOtherIncomeExpensesNet": -3306700000,
    "incomeBeforeTax": 0,
    "incomeBeforeTaxRatio": 0,
    "incomeTaxExpense": 0,
    "netIncome": 514500000,
    "netIncomeRatio": 0.1555931896,
    "eps": 3.26,
    "epsdiluted": 3.26,
    "weightedAverageShsOut": 147024540,
    "weightedAverageShsOutDil": 147024540,
    "link": "",
    "finalLink": ""
  },
  {
    "date": "1989-12-31",
    "symbol": "DTE",
    "reportedCurrency": "USD",
    "cik": "0000936340",
    "fillingDate": "1989-12-31",
    "acceptedDate": "1989-12-30 19:00:00",
    "calendarYear": "1989",
    "period": "FY",
    "revenue": 3203000000,
    "costOfRevenue": 0,
    "grossProfit": 0,
    "grossProfitRatio": 0,
    "researchAndDevelopmentExpenses": 0,
    "generalAndAdministrativeExpenses": 0,
    "sellingAndMarketingExpenses": 0,
    "sellingGeneralAndAdministrativeExpenses": 0,
    "otherExpenses": 3203000000,
    "operatingExpenses": 3203000000,
    "costAndExpenses": 3203000000,
    "interestIncome": 0,
    "interestExpense": 0,
    "depreciationAndAmortization": 0,
    "ebitda": 3203000000,
    "ebitdaratio": 1,
    "operatingIncome": 3203000000,
    "operatingIncomeRatio": 1,
    "totalOtherIncomeExpensesNet": -3203000000,
    "incomeBeforeTax": 0,
    "incomeBeforeTaxRatio": 0,
    "incomeTaxExpense": 0,
    "netIncome": 426000000,
    "netIncomeRatio": 0.1330003122,
    "eps": 2.65,
    "epsdiluted": 2.65,
    "weightedAverageShsOut": 146792453,
    "weightedAverageShsOutDil": 146792453,
    "link": "",
    "finalLink": ""
  },
  {
    "date": "1988-12-31",
    "symbol": "DTE",
    "reportedCurrency": "USD",
    "cik": "0000936340",
    "fillingDate": "1988-12-31",
    "acceptedDate": "1988-12-30 19:00:00",
    "calendarYear": "1988",
    "period": "FY",
    "revenue": 3102200000,
    "costOfRevenue": 0,
    "grossProfit": 0,
    "grossProfitRatio": 0,
    "researchAndDevelopmentExpenses": 0,
    "generalAndAdministrativeExpenses": 0,
    "sellingAndMarketingExpenses": 0,
    "sellingGeneralAndAdministrativeExpenses": 0,
    "otherExpenses": 3102200000,
    "operatingExpenses": 3102200000,
    "costAndExpenses": 3102200000,
    "interestIncome": 0,
    "interestExpense": 0,
    "depreciationAndAmortization": 0,
    "ebitda": 3102200000,
    "ebitdaratio": 1,
    "operatingIncome": 3102200000,
    "operatingIncomeRatio": 1,
    "totalOtherIncomeExpensesNet": -3102200000,
    "incomeBeforeTax": 0,
    "incomeBeforeTaxRatio": 0,
    "incomeTaxExpense": 0,
    "netIncome": -235300000,
    "netIncomeRatio": -0.0758493972,
    "eps": -1.95,
    "epsdiluted": -1.95,
    "weightedAverageShsOut": 146205128,
    "weightedAverageShsOutDil": 146205128,
    "link": "",
    "finalLink": ""
  },
  {
    "date": "1987-12-31",
    "symbol": "DTE",
    "reportedCurrency": "USD",
    "cik": "0000936340",
    "fillingDate": "1987-12-31",
    "acceptedDate": "1987-12-30 19:00:00",
    "calendarYear": "1987",
    "period": "FY",
    "revenue": 2856700000,
    "costOfRevenue": 0,
    "grossProfit": 0,
    "grossProfitRatio": 0,
    "researchAndDevelopmentExpenses": 0,
    "generalAndAdministrativeExpenses": 0,
    "sellingAndMarketingExpenses": 0,
    "sellingGeneralAndAdministrativeExpenses": 0,
    "otherExpenses": 2856700000,
    "operatingExpenses": 2856700000,
    "costAndExpenses": 2856700000,
    "interestIncome": 0,
    "interestExpense": 0,
    "depreciationAndAmortization": 0,
    "ebitda": 2856700000,
    "ebitdaratio": 1,
    "operatingIncome": 2856700000,
    "operatingIncomeRatio": 1,
    "totalOtherIncomeExpensesNet": -2856700000,
    "incomeBeforeTax": 0,
    "incomeBeforeTaxRatio": 0,
    "incomeTaxExpense": 0,
    "netIncome": 555000000,
    "netIncomeRatio": 0.1942801134,
    "eps": 3.25,
    "epsdiluted": 3.25,
    "weightedAverageShsOut": 146707692,
    "weightedAverageShsOutDil": 146707692,
    "link": "",
    "finalLink": ""
  },
  {
    "date": "1986-12-31",
    "symbol": "DTE",
    "reportedCurrency": "USD",
    "cik": "0000936340",
    "fillingDate": "1986-12-31",
    "acceptedDate": "1986-12-30 19:00:00",
    "calendarYear": "1986",
    "period": "FY",
    "revenue": 2869300000,
    "costOfRevenue": 0,
    "grossProfit": 0,
    "grossProfitRatio": 0,
    "researchAndDevelopmentExpenses": 0,
    "generalAndAdministrativeExpenses": 0,
    "sellingAndMarketingExpenses": 0,
    "sellingGeneralAndAdministrativeExpenses": 0,
    "otherExpenses": 2869300000,
    "operatingExpenses": 2869300000,
    "costAndExpenses": 2869300000,
    "interestIncome": 0,
    "interestExpense": 0,
    "depreciationAndAmortization": 0,
    "ebitda": 2869300000,
    "ebitdaratio": 1,
    "operatingIncome": 2869300000,
    "operatingIncomeRatio": 1,
    "totalOtherIncomeExpensesNet": -2869300000,
    "incomeBeforeTax": 0,
    "incomeBeforeTaxRatio": 0,
    "incomeTaxExpense": 0,
    "netIncome": 477100000,
    "netIncomeRatio": 0.1662774893,
    "eps": 2.58,
    "epsdiluted": 2.58,
    "weightedAverageShsOut": 146627907,
    "weightedAverageShsOutDil": 146627907,
    "link": "",
    "finalLink": ""
  },
  {
    "date": "1985-12-31",
    "symbol": "DTE",
    "reportedCurrency": "USD",
    "cik": "0000936340",
    "fillingDate": "1985-12-31",
    "acceptedDate": "1985-12-30 19:00:00",
    "calendarYear": "1985",
    "period": "FY",
    "revenue": 2788200000,
    "costOfRevenue": 0,
    "grossProfit": 0,
    "grossProfitRatio": 0,
    "researchAndDevelopmentExpenses": 0,
    "generalAndAdministrativeExpenses": 0,
    "sellingAndMarketingExpenses": 0,
    "sellingGeneralAndAdministrativeExpenses": 0,
    "otherExpenses": 2788200000,
    "operatingExpenses": 2788200000,
    "costAndExpenses": 2788200000,
    "interestIncome": 0,
    "interestExpense": 0,
    "depreciationAndAmortization": 0,
    "ebitda": 2788200000,
    "ebitdaratio": 1,
    "operatingIncome": 2788200000,
    "operatingIncomeRatio": 1,
    "totalOtherIncomeExpensesNet": -2788200000,
    "incomeBeforeTax": 0,
    "incomeBeforeTaxRatio": 0,
    "incomeTaxExpense": 0,
    "netIncome": 437500000,
    "netIncomeRatio": 0.1569112689,
    "eps": 2.33,
    "epsdiluted": 2.33,
    "weightedAverageShsOut": 143433476,
    "weightedAverageShsOutDil": 143433476,
    "link": "",
    "finalLink": ""
  }
]