[
  {
    "date": "2025-06-30",
    "symbol": "DUK",
    "reportedCurrency": "USD",
    "cik": "0001326160",
    "fillingDate": "2025-08-05",
    "acceptedDate": "2025-08-05 12:13:18",
    "calendarYear": "2025",
    "period": "Q2",
    "revenue": 7508000000,
    "costOfRevenue": 5274000000,
    "grossProfit": 2234000000,
    "grossProfitRatio": 0.2975492808,
    "researchAndDevelopmentExpenses": 0,
    "generalAndAdministrativeExpenses": 0,
    "sellingAndMarketingExpenses": 0,
    "sellingGeneralAndAdministrativeExpenses": 0,
    "otherExpenses": 415000000,
    "operatingExpenses": 415000000,
    "costAndExpenses": 5689000000,
    "interestIncome": 0,
    "interestExpense": 897000000,
    "depreciationAndAmortization": 1583000000,
    "ebitda": 3607000000,
    "ebitdaratio": 0.4804208844,
    "operatingIncome": 1819000000,
    "operatingIncomeRatio": 0.2422749068,
    "totalOtherIncomeExpensesNet": -692000000,
    "incomeBeforeTax": 1127000000,
    "incomeBeforeTaxRatio": 0.150106553,
    "incomeTaxExpense": 119000000,
    "netIncome": 984000000,
    "netIncomeRatio": 0.1310602025,
    "eps": 1.25,
    "epsdiluted": 1.25,
    "weightedAverageShsOut": 777000000,
    "weightedAverageShsOutDil": 777000000,
    "link": "https://www.sec.gov/Archives/edgar/data/1326160/000132616025000168/0001326160-25-000168-index.htm",
    "finalLink": "https://www.sec.gov/Archives/edgar/data/20290/000132616025000168/duk-20250630.htm"
  },
  {
    "date": "2025-03-31",
    "symbol": "DUK",
    "reportedCurrency": "USD",
    "cik": "0001326160",
    "fillingDate": "2025-05-06",
    "acceptedDate": "2025-05-06 11:09:30",
    "calendarYear": "2025",
    "period": "Q1",
    "revenue": 8249000000,
    "costOfRevenue": 3972000000,
    "grossProfit": 4277000000,
    "grossProfitRatio": 0.5184870893,
    "researchAndDevelopmentExpenses": 0,
    "generalAndAdministrativeExpenses": 0,
    "sellingAndMarketingExpenses": 0,
    "sellingGeneralAndAdministrativeExpenses": 0,
    "otherExpenses": 1934000000,
    "operatingExpenses": 1934000000,
    "costAndExpenses": 5906000000,
    "interestIncome": 0,
    "interestExpense": 889000000,
    "depreciationAndAmortization": 1691000000,
    "ebitda": 4177000000,
    "ebitdaratio": 0.5063644078,
    "operatingIncome": 2343000000,
    "operatingIncomeRatio": 0.2840344284,
    "totalOtherIncomeExpensesNet": -746000000,
    "incomeBeforeTax": 1597000000,
    "incomeBeforeTaxRatio": 0.1935992241,
    "incomeTaxExpense": 193000000,
    "netIncome": 1375000000,
    "netIncomeRatio": 0.1666868711,
    "eps": 1.76,
    "epsdiluted": 1.76,
    "weightedAverageShsOut": 777000000,
    "weightedAverageShsOutDil": 777000000,
    "link": "https://www.sec.gov/Archives/edgar/data/1326160/000132616025000150/0001326160-25-000150-index.htm",
    "finalLink": "https://www.sec.gov/Archives/edgar/data/1326160/000132616025000150/duk-20250331.htm"
  },
  {
    "date": "2024-12-31",
    "symbol": "DUK",
    "reportedCurrency": "USD",
    "cik": "0001326160",
    "fillingDate": "2025-02-27",
    "acceptedDate": "2025-02-27 12:18:05",
    "calendarYear": "2024",
    "period": "Q4",
    "revenue": 7360000000,
    "costOfRevenue": 3465000000,
    "grossProfit": 3895000000,
    "grossProfitRatio": 0.5292119565,
    "researchAndDevelopmentExpenses": 0,
    "generalAndAdministrativeExpenses": 0,
    "sellingAndMarketingExpenses": 0,
    "sellingGeneralAndAdministrativeExpenses": 0,
    "otherExpenses": 1783000000,
    "operatingExpenses": 1783000000,
    "costAndExpenses": 5248000000,
    "interestIncome": 0,
    "interestExpense": 871000000,
    "depreciationAndAmortization": 1627000000,
    "ebitda": 3836000000,
    "ebitdaratio": 0.5211956522,
    "operatingIncome": 2112000000,
    "operatingIncomeRatio": 0.2869565217,
    "totalOtherIncomeExpensesNet": -774000000,
    "incomeBeforeTax": 1338000000,
    "incomeBeforeTaxRatio": 0.1817934783,
    "incomeTaxExpense": 109000000,
    "netIncome": 1213000000,
    "netIncomeRatio": 0.1648097826,
    "eps": 1.54,
    "epsdiluted": 1.54,
    "weightedAverageShsOut": 773000000,
    "weightedAverageShsOutDil": 773000000,
    "link": "https://www.sec.gov/Archives/edgar/data/1326160/000132616025000072/0001326160-25-000072-index.htm",
    "finalLink": "https://www.sec.gov/Archives/edgar/data/20290/000132616025000072/duk-20241231.htm"
  },
  {
    "date": "2024-09-30",
    "symbol": "DUK",
    "reportedCurrency": "USD",
    "cik": "0001326160",
    "fillingDate": "2024-11-07",
    "acceptedDate": "2024-11-07 11:01:29",
    "calendarYear": "2024",
    "period": "Q3",
    "revenue": 8154000000,
    "costOfRevenue": 4123000000,
    "grossProfit": 4031000000,
    "grossProfitRatio": 0.494358597,
    "researchAndDevelopmentExpenses": 0,
    "generalAndAdministrativeExpenses": 0,
    "sellingAndMarketingExpenses": 0,
    "sellingGeneralAndAdministrativeExpenses": 0,
    "otherExpenses": 1887000000,
    "operatingExpenses": 1887000000,
    "costAndExpenses": 6010000000,
    "interestIncome": 0,
    "interestExpense": 872000000,
    "depreciationAndAmortization": 1692000000,
    "ebitda": 4017000000,
    "ebitdaratio": 0.4926416483,
    "operatingIncome": 2144000000,
    "operatingIncomeRatio": 0.2629384351,
    "totalOtherIncomeExpensesNet": -691000000,
    "incomeBeforeTax": 1453000000,
    "incomeBeforeTaxRatio": 0.178194751,
    "incomeTaxExpense": 163000000,
    "netIncome": 1264000000,
    "netIncomeRatio": 0.1550159431,
    "eps": 1.57,
    "epsdiluted": 1.57,
    "weightedAverageShsOut": 772000000,
    "weightedAverageShsOutDil": 773000000,
    "link": "https://www.sec.gov/Archives/edgar/data/1326160/000132616024000181/0001326160-24-000181-index.htm",
    "finalLink": "https://www.sec.gov/Archives/edgar/data/17797/000132616024000181/duk-20240930.htm"
  },
  {
    "date": "2024-06-30",
    "symbol": "DUK",
    "reportedCurrency": "USD",
    "cik": "0001326160",
    "fillingDate": "2024-08-06",
    "acceptedDate": "2024-08-06 10:56:09",
    "calendarYear": "2024",
    "period": "Q2",
    "revenue": 7172000000,
    "costOfRevenue": 3626000000,
    "grossProfit": 3546000000,
    "grossProfitRatio": 0.4944227552,
    "researchAndDevelopmentExpenses": 0,
    "generalAndAdministrativeExpenses": 0,
    "sellingAndMarketingExpenses": 0,
    "sellingGeneralAndAdministrativeExpenses": 0,
    "otherExpenses": 1839000000,
    "operatingExpenses": 1839000000,
    "costAndExpenses": 5465000000,
    "interestIncome": 0,
    "interestExpense": 824000000,
    "depreciationAndAmortization": 1566000000,
    "ebitda": 3461000000,
    "ebitdaratio": 0.4825711099,
    "operatingIncome": 1707000000,
    "operatingIncomeRatio": 0.2380089236,
    "totalOtherIncomeExpensesNet": -636000000,
    "incomeBeforeTax": 1071000000,
    "incomeBeforeTaxRatio": 0.1493307306,
    "incomeTaxExpense": 140000000,
    "netIncome": 885000000,
    "netIncomeRatio": 0.1233965421,
    "eps": 1.13,
    "epsdiluted": 1.13,
    "weightedAverageShsOut": 772000000,
    "weightedAverageShsOutDil": 772000000,
    "link": "https://www.sec.gov/Archives/edgar/data/1326160/000132616024000167/0001326160-24-000167-index.htm",
    "finalLink": "https://www.sec.gov/Archives/edgar/data/17797/000132616024000167/duk-20240630.htm"
  },
  {
    "date": "2024-03-31",
    "symbol": "DUK",
    "reportedCurrency": "USD",
    "cik": "0001326160",
    "fillingDate": "2024-05-07",
    "acceptedDate": "2024-05-07 11:40:29",
    "calendarYear": "2024",
    "period": "Q1",
    "revenue": 7671000000,
    "costOfRevenue": 3947000000,
    "grossProfit": 3724000000,
    "grossProfitRatio": 0.4854647373,
    "researchAndDevelopmentExpenses": 0,
    "generalAndAdministrativeExpenses": 0,
    "sellingAndMarketingExpenses": 0,
    "sellingGeneralAndAdministrativeExpenses": 0,
    "otherExpenses": 1761000000,
    "operatingExpenses": 1761000000,
    "costAndExpenses": 5708000000,
    "interestIncome": 0,
    "interestExpense": 817000000,
    "depreciationAndAmortization": 1534000000,
    "ebitda": 3683000000,
    "ebitdaratio": 0.4801199322,
    "operatingIncome": 1963000000,
    "operatingIncomeRatio": 0.2558988398,
    "totalOtherIncomeExpensesNet": -631000000,
    "incomeBeforeTax": 1332000000,
    "incomeBeforeTaxRatio": 0.1736409855,
    "incomeTaxExpense": 178000000,
    "netIncome": 1148000000,
    "netIncomeRatio": 0.1496545431,
    "eps": 1.44,
    "epsdiluted": 1.44,
    "weightedAverageShsOut": 771000000,
    "weightedAverageShsOutDil": 771000000,
    "link": "https://www.sec.gov/Archives/edgar/data/1326160/000132616024000108/0001326160-24-000108-index.htm",
    "finalLink": "https://www.sec.gov/Archives/edgar/data/17797/000132616024000108/duk-20240331.htm"
  },
  {
    "date": "2023-12-31",
    "symbol": "DUK",
    "reportedCurrency": "USD",
    "cik": "0001326160",
    "fillingDate": "2024-02-23",
    "acceptedDate": "2024-02-23 13:27:16",
    "calendarYear": "2023",
    "period": "Q4",
    "revenue": 7212000000,
    "costOfRevenue": 3770000000,
    "grossProfit": 3442000000,
    "grossProfitRatio": 0.477260122,
    "researchAndDevelopmentExpenses": 0,
    "generalAndAdministrativeExpenses": 0,
    "sellingAndMarketingExpenses": 0,
    "sellingGeneralAndAdministrativeExpenses": 0,
    "otherExpenses": 1587000000,
    "operatingExpenses": 1587000000,
    "costAndExpenses": 5357000000,
    "interestIncome": 0,
    "interestExpense": 793000000,
    "depreciationAndAmortization": 1546000000,
    "ebitda": 3596000000,
    "ebitdaratio": 0.4986134221,
    "operatingIncome": 1855000000,
    "operatingIncomeRatio": 0.2572102052,
    "totalOtherIncomeExpensesNet": -598000000,
    "incomeBeforeTax": 1257000000,
    "incomeBeforeTaxRatio": 0.1742928453,
    "incomeTaxExpense": 122000000,
    "netIncome": 1113000000,
    "netIncomeRatio": 0.1543261231,
    "eps": 1.43,
    "epsdiluted": 1.43,
    "weightedAverageShsOut": 771000000,
    "weightedAverageShsOutDil": 771000000,
    "link": "https://www.sec.gov/Archives/edgar/data/1326160/000132616024000037/0001326160-24-000037-index.htm",
    "finalLink": "https://www.sec.gov/Archives/edgar/data/17797/000132616024000037/duk-20231231.htm"
  },
  {
    "date": "2023-09-30",
    "symbol": "DUK",
    "reportedCurrency": "USD",
    "cik": "0001326160",
    "fillingDate": "2023-11-02",
    "acceptedDate": "2023-11-02 11:09:00",
    "calendarYear": "2023",
    "period": "Q3",
    "revenue": 7994000000,
    "costOfRevenue": 4056000000,
    "grossProfit": 3938000000,
    "grossProfitRatio": 0.4926194646,
    "researchAndDevelopmentExpenses": 0,
    "generalAndAdministrativeExpenses": 0,
    "sellingAndMarketingExpenses": 0,
    "sellingGeneralAndAdministrativeExpenses": 0,
    "otherExpenses": 1827000000,
    "operatingExpenses": 1827000000,
    "costAndExpenses": 5883000000,
    "interestIncome": 0,
    "interestExpense": 774000000,
    "depreciationAndAmortization": 1622000000,
    "ebitda": 3911000000,
    "ebitdaratio": 0.4892419314,
    "operatingIncome": 2111000000,
    "operatingIncomeRatio": 0.2640730548,
    "totalOtherIncomeExpensesNet": -596000000,
    "incomeBeforeTax": 1515000000,
    "incomeBeforeTaxRatio": 0.1895171379,
    "incomeTaxExpense": 42000000,
    "netIncome": 1252000000,
    "netIncomeRatio": 0.1566174631,
    "eps": 1.57,
    "epsdiluted": 1.57,
    "weightedAverageShsOut": 771000000,
    "weightedAverageShsOutDil": 771000000,
    "link": "https://www.sec.gov/Archives/edgar/data/1326160/000132616023000191/0001326160-23-000191-index.htm",
    "finalLink": "https://www.sec.gov/Archives/edgar/data/17797/000132616023000191/duk-20230930.htm"
  },
  {
    "date": "2023-06-30",
    "symbol": "DUK",
    "reportedCurrency": "USD",
    "cik": "0001326160",
    "fillingDate": "2023-08-08",
    "acceptedDate": "2023-08-08 10:57:15",
    "calendarYear": "2023",
    "period": "Q2",
    "revenue": 6578000000,
    "costOfRevenue": 3493000000,
    "grossProfit": 3085000000,
    "grossProfitRatio": 0.4689875342,
    "researchAndDevelopmentExpenses": 0,
    "generalAndAdministrativeExpenses": 0,
    "sellingAndMarketingExpenses": 0,
    "sellingGeneralAndAdministrativeExpenses": 0,
    "otherExpenses": 1655000000,
    "operatingExpenses": 1655000000,
    "costAndExpenses": 5148000000,
    "interestIncome": 0,
    "interestExpense": 727000000,
    "depreciationAndAmortization": 1572000000,
    "ebitda": 3169000000,
    "ebitdaratio": 0.4817573731,
    "operatingIncome": 1430000000,
    "operatingIncomeRatio": 0.2173913043,
    "totalOtherIncomeExpensesNet": -560000000,
    "incomeBeforeTax": 870000000,
    "incomeBeforeTaxRatio": 0.1322590453,
    "incomeTaxExpense": 119000000,
    "netIncome": -220000000,
    "netIncomeRatio": -0.0334448161,
    "eps": -0.29,
    "epsdiluted": -0.29,
    "weightedAverageShsOut": 771000000,
    "weightedAverageShsOutDil": 771000000,
    "link": "https://www.sec.gov/Archives/edgar/data/1326160/000132616023000172/0001326160-23-000172-index.htm",
    "finalLink": "https://www.sec.gov/Archives/edgar/data/17797/000132616023000172/duk-20230630.htm"
  },
  {
    "date": "2023-03-31",
    "symbol": "DUK",
    "reportedCurrency": "USD",
    "cik": "0001326160",
    "fillingDate": "2023-05-09",
    "acceptedDate": "2023-05-09 11:02:42",
    "calendarYear": "2023",
    "period": "Q1",
    "revenue": 7276000000,
    "costOfRevenue": 3985000000,
    "grossProfit": 3291000000,
    "grossProfitRatio": 0.452308961,
    "researchAndDevelopmentExpenses": 0,
    "generalAndAdministrativeExpenses": 0,
    "sellingAndMarketingExpenses": 0,
    "sellingGeneralAndAdministrativeExpenses": 0,
    "otherExpenses": 1617000000,
    "operatingExpenses": 1617000000,
    "costAndExpenses": 5602000000,
    "interestIncome": 0,
    "interestExpense": 720000000,
    "depreciationAndAmortization": 1344000000,
    "ebitda": 3189000000,
    "ebitdaratio": 0.4382902694,
    "operatingIncome": 1674000000,
    "operatingIncomeRatio": 0.2300714678,
    "totalOtherIncomeExpensesNet": -549000000,
    "incomeBeforeTax": 1125000000,
    "incomeBeforeTaxRatio": 0.1546179219,
    "incomeTaxExpense": 155000000,
    "netIncome": 804000000,
    "netIncomeRatio": 0.1105002749,
    "eps": 1.01,
    "epsdiluted": 1.01,
    "weightedAverageShsOut": 770000000,
    "weightedAverageShsOutDil": 770000000,
    "link": "https://www.sec.gov/Archives/edgar/data/1326160/000132616023000148/0001326160-23-000148-index.htm",
    "finalLink": "https://www.sec.gov/Archives/edgar/data/17797/000132616023000148/duk-20230331.htm"
  },
  {
    "date": "2022-12-31",
    "symbol": "DUK",
    "reportedCurrency": "USD",
    "cik": "0001326160",
    "fillingDate": "2023-02-27",
    "acceptedDate": "2023-02-27 06:12:41",
    "calendarYear": "2022",
    "period": "Q4",
    "revenue": 7351000000,
    "costOfRevenue": 5582000000,
    "grossProfit": 1769000000,
    "grossProfitRatio": 0.2406475309,
    "researchAndDevelopmentExpenses": 0,
    "generalAndAdministrativeExpenses": 0,
    "sellingAndMarketingExpenses": 0,
    "sellingGeneralAndAdministrativeExpenses": 0,
    "otherExpenses": 348000000,
    "operatingExpenses": 348000000,
    "costAndExpenses": 5930000000,
    "interestIncome": 0,
    "interestExpense": 679000000,
    "depreciationAndAmortization": 1293000000,
    "ebitda": 2785000000,
    "ebitdaratio": 0.378860019,
    "operatingIncome": 1421000000,
    "operatingIncomeRatio": 0.1933070331,
    "totalOtherIncomeExpensesNet": -608000000,
    "incomeBeforeTax": 813000000,
    "incomeBeforeTaxRatio": 0.1105971977,
    "incomeTaxExpense": 45000000,
    "netIncome": -517000000,
    "netIncomeRatio": -0.0703305673,
    "eps": -0.83,
    "epsdiluted": -0.83,
    "weightedAverageShsOut": 770000000,
    "weightedAverageShsOutDil": 770000000,
    "link": "https://www.sec.gov/Archives/edgar/data/1326160/000132616023000073/0001326160-23-000073-index.htm",
    "finalLink": "https://www.sec.gov/Archives/edgar/data/17797/000132616023000073/duk-20221231.htm"
  },
  {
    "date": "2022-09-30",
    "symbol": "DUK",
    "reportedCurrency": "USD",
    "cik": "0001326160",
    "fillingDate": "2022-11-04",
    "acceptedDate": "2022-11-04 10:06:29",
    "calendarYear": "2022",
    "period": "Q3",
    "revenue": 7842000000,
    "costOfRevenue": 4129000000,
    "grossProfit": 3713000000,
    "grossProfitRatio": 0.473476154,
    "researchAndDevelopmentExpenses": 0,
    "generalAndAdministrativeExpenses": 0,
    "sellingAndMarketingExpenses": 0,
    "sellingGeneralAndAdministrativeExpenses": 0,
    "otherExpenses": 1657000000,
    "operatingExpenses": 1657000000,
    "costAndExpenses": 5786000000,
    "interestIncome": 0,
    "interestExpense": 603000000,
    "depreciationAndAmortization": 1491000000,
    "ebitda": 3662000000,
    "ebitdaratio": 0.466972711,
    "operatingIncome": 2056000000,
    "operatingIncomeRatio": 0.2621780158,
    "totalOtherIncomeExpensesNet": -488000000,
    "incomeBeforeTax": 1568000000,
    "incomeBeforeTaxRatio": 0.1999489926,
    "incomeTaxExpense": 158000000,
    "netIncome": 1422000000,
    "netIncomeRatio": 0.181331293,
    "eps": 1.81,
    "epsdiluted": 1.81,
    "weightedAverageShsOut": 770000000,
    "weightedAverageShsOutDil": 770000000,
    "link": "https://www.sec.gov/Archives/edgar/data/1326160/000132616022000279/0001326160-22-000279-index.htm",
    "finalLink": "https://www.sec.gov/Archives/edgar/data/17797/000132616022000279/duk-20220930.htm"
  },
  {
    "date": "2022-06-30",
    "symbol": "DUK",
    "reportedCurrency": "USD",
    "cik": "0001326160",
    "fillingDate": "2022-08-04",
    "acceptedDate": "2022-08-04 11:34:23",
    "calendarYear": "2022",
    "period": "Q2",
    "revenue": 6564000000,
    "costOfRevenue": 3528000000,
    "grossProfit": 3036000000,
    "grossProfitRatio": 0.4625228519,
    "researchAndDevelopmentExpenses": 0,
    "generalAndAdministrativeExpenses": 0,
    "sellingAndMarketingExpenses": 0,
    "sellingGeneralAndAdministrativeExpenses": 0,
    "otherExpenses": 1588000000,
    "operatingExpenses": 1588000000,
    "costAndExpenses": 5116000000,
    "interestIncome": 0,
    "interestExpense": 588000000,
    "depreciationAndAmortization": 1443000000,
    "ebitda": 3043000000,
    "ebitdaratio": 0.4635892748,
    "operatingIncome": 1448000000,
    "operatingIncomeRatio": 0.2205971968,
    "totalOtherIncomeExpensesNet": -436000000,
    "incomeBeforeTax": 1012000000,
    "incomeBeforeTaxRatio": 0.154174284,
    "incomeTaxExpense": 114000000,
    "netIncome": 907000000,
    "netIncomeRatio": 0.1381779403,
    "eps": 1.14,
    "epsdiluted": 1.14,
    "weightedAverageShsOut": 770000000,
    "weightedAverageShsOutDil": 770000000,
    "link": "https://www.sec.gov/Archives/edgar/data/1326160/000132616022000246/0001326160-22-000246-index.htm",
    "finalLink": "https://www.sec.gov/Archives/edgar/data/17797/000132616022000246/duk-20220630.htm"
  },
  {
    "date": "2022-03-31",
    "symbol": "DUK",
    "reportedCurrency": "USD",
    "cik": "0001326160",
    "fillingDate": "2022-05-09",
    "acceptedDate": "2022-05-09 11:50:25",
    "calendarYear": "2022",
    "period": "Q1",
    "revenue": 7011000000,
    "costOfRevenue": 3846000000,
    "grossProfit": 3165000000,
    "grossProfitRatio": 0.4514334617,
    "researchAndDevelopmentExpenses": 0,
    "generalAndAdministrativeExpenses": 0,
    "sellingAndMarketingExpenses": 0,
    "sellingGeneralAndAdministrativeExpenses": 0,
    "otherExpenses": 1851000000,
    "operatingExpenses": 1851000000,
    "costAndExpenses": 5697000000,
    "interestIncome": 0,
    "interestExpense": 569000000,
    "depreciationAndAmortization": 1480000000,
    "ebitda": 2909000000,
    "ebitdaratio": 0.4149194124,
    "operatingIncome": 1314000000,
    "operatingIncomeRatio": 0.1874197689,
    "totalOtherIncomeExpensesNet": -454000000,
    "incomeBeforeTax": 860000000,
    "incomeBeforeTaxRatio": 0.1226643845,
    "incomeTaxExpense": 25000000,
    "netIncome": 857000000,
    "netIncomeRatio": 0.1222364855,
    "eps": 1.08,
    "epsdiluted": 1.08,
    "weightedAverageShsOut": 770000000,
    "weightedAverageShsOutDil": 770000000,
    "link": "https://www.sec.gov/Archives/edgar/data/1326160/000132616022000179/0001326160-22-000179-index.htm",
    "finalLink": "https://www.sec.gov/Archives/edgar/data/17797/000132616022000179/duk-20220331.htm"
  },
  {
    "date": "2021-12-31",
    "symbol": "DUK",
    "reportedCurrency": "USD",
    "cik": "0001326160",
    "fillingDate": "2022-02-24",
    "acceptedDate": "2022-02-24 13:35:41",
    "calendarYear": "2021",
    "period": "Q4",
    "revenue": 6117000000,
    "costOfRevenue": 4685000000,
    "grossProfit": 1432000000,
    "grossProfitRatio": 0.2341016838,
    "researchAndDevelopmentExpenses": 0,
    "generalAndAdministrativeExpenses": 0,
    "sellingAndMarketingExpenses": 0,
    "sellingGeneralAndAdministrativeExpenses": 0,
    "otherExpenses": 310000000,
    "operatingExpenses": 310000000,
    "costAndExpenses": 4995000000,
    "interestIncome": 0,
    "interestExpense": 572000000,
    "depreciationAndAmortization": 1232000000,
    "ebitda": 2505000000,
    "ebitdaratio": 0.4095144679,
    "operatingIncome": 1122000000,
    "operatingIncomeRatio": 0.1834232467,
    "totalOtherIncomeExpensesNet": -421000000,
    "incomeBeforeTax": 701000000,
    "incomeBeforeTaxRatio": 0.1145986595,
    "incomeTaxExpense": 1000000,
    "netIncome": 746000000,
    "netIncomeRatio": 0.1219552068,
    "eps": 0.9519,
    "epsdiluted": 0.9519,
    "weightedAverageShsOut": 769000000,
    "weightedAverageShsOutDil": 769000000,
    "link": "https://www.sec.gov/Archives/edgar/data/1326160/000132616022000072/0001326160-22-000072-index.htm",
    "finalLink": "https://www.sec.gov/Archives/edgar/data/17797/000132616022000072/duk-20211231.htm"
  },
  {
    "date": "2021-09-30",
    "symbol": "DUK",
    "reportedCurrency": "USD",
    "cik": "0001326160",
    "fillingDate": "2021-11-04",
    "acceptedDate": "2021-11-04 11:07:18",
    "calendarYear": "2021",
    "period": "Q3",
    "revenue": 6951000000,
    "costOfRevenue": 3426000000,
    "grossProfit": 3525000000,
    "grossProfitRatio": 0.5071212775,
    "researchAndDevelopmentExpenses": 0,
    "generalAndAdministrativeExpenses": 0,
    "sellingAndMarketingExpenses": 0,
    "sellingGeneralAndAdministrativeExpenses": 0,
    "otherExpenses": 1838000000,
    "operatingExpenses": 1838000000,
    "costAndExpenses": 5264000000,
    "interestIncome": 0,
    "interestExpense": 581000000,
    "depreciationAndAmortization": 1436000000,
    "ebitda": 3383000000,
    "ebitdaratio": 0.4866925622,
    "operatingIncome": 1687000000,
    "operatingIncomeRatio": 0.2426988922,
    "totalOtherIncomeExpensesNet": -321000000,
    "incomeBeforeTax": 1366000000,
    "incomeBeforeTaxRatio": 0.1965184865,
    "incomeTaxExpense": 90000000,
    "netIncome": 1405000000,
    "netIncomeRatio": 0.20212919,
    "eps": 1.79,
    "epsdiluted": 1.79,
    "weightedAverageShsOut": 769000000,
    "weightedAverageShsOutDil": 769000000,
    "link": "https://www.sec.gov/Archives/edgar/data/1326160/000132616021000231/0001326160-21-000231-index.htm",
    "finalLink": "https://www.sec.gov/Archives/edgar/data/17797/000132616021000231/duk-20210930.htm"
  },
  {
    "date": "2021-06-30",
    "symbol": "DUK",
    "reportedCurrency": "USD",
    "cik": "0001326160",
    "fillingDate": "2021-08-05",
    "acceptedDate": "2021-08-05 12:36:39",
    "calendarYear": "2021",
    "period": "Q2",
    "revenue": 5758000000,
    "costOfRevenue": 2904000000,
    "grossProfit": 2854000000,
    "grossProfitRatio": 0.4956582147,
    "researchAndDevelopmentExpenses": 0,
    "generalAndAdministrativeExpenses": 0,
    "sellingAndMarketingExpenses": 0,
    "sellingGeneralAndAdministrativeExpenses": 0,
    "otherExpenses": 1685000000,
    "operatingExpenses": 1685000000,
    "costAndExpenses": 4589000000,
    "interestIncome": 0,
    "interestExpense": 572000000,
    "depreciationAndAmortization": 1368000000,
    "ebitda": 2674000000,
    "ebitdaratio": 0.4643973602,
    "operatingIncome": 1169000000,
    "operatingIncomeRatio": 0.2030218826,
    "totalOtherIncomeExpensesNet": -435000000,
    "incomeBeforeTax": 734000000,
    "incomeBeforeTaxRatio": 0.1274748176,
    "incomeTaxExpense": 36000000,
    "netIncome": 765000000,
    "netIncomeRatio": 0.1328586315,
    "eps": 0.96,
    "epsdiluted": 0.96,
    "weightedAverageShsOut": 769000000,
    "weightedAverageShsOutDil": 769000000,
    "link": "https://www.sec.gov/Archives/edgar/data/1326160/000132616021000216/0001326160-21-000216-index.htm",
    "finalLink": "https://www.sec.gov/Archives/edgar/data/17797/000132616021000216/duk-20210630.htm"
  },
  {
    "date": "2021-03-31",
    "symbol": "DUK",
    "reportedCurrency": "USD",
    "cik": "0001326160",
    "fillingDate": "2021-05-10",
    "acceptedDate": "2021-05-10 14:08:17",
    "calendarYear": "2021",
    "period": "Q1",
    "revenue": 6150000000,
    "costOfRevenue": 3121000000,
    "grossProfit": 3029000000,
    "grossProfitRatio": 0.4925203252,
    "researchAndDevelopmentExpenses": 0,
    "generalAndAdministrativeExpenses": 0,
    "sellingAndMarketingExpenses": 0,
    "sellingGeneralAndAdministrativeExpenses": 0,
    "otherExpenses": 1579000000,
    "operatingExpenses": 1579000000,
    "costAndExpenses": 4700000000,
    "interestIncome": 0,
    "interestExpense": 535000000,
    "depreciationAndAmortization": 1385000000,
    "ebitda": 2945000000,
    "ebitdaratio": 0.4788617886,
    "operatingIncome": 1450000000,
    "operatingIncomeRatio": 0.2357723577,
    "totalOtherIncomeExpensesNet": -425000000,
    "incomeBeforeTax": 1025000000,
    "incomeBeforeTaxRatio": 0.1666666667,
    "incomeTaxExpense": 84000000,
    "netIncome": 992000000,
    "netIncomeRatio": 0.161300813,
    "eps": 1.25,
    "epsdiluted": 1.25,
    "weightedAverageShsOut": 769000000,
    "weightedAverageShsOutDil": 769000000,
    "link": "https://www.sec.gov/Archives/edgar/data/1326160/000132616021000136/0001326160-21-000136-index.htm",
    "finalLink": "https://www.sec.gov/Archives/edgar/data/17797/000132616021000136/duk-20210331.htm"
  },
  {
    "date": "2020-12-31",
    "symbol": "DUK",
    "reportedCurrency": "USD",
    "cik": "0001326160",
    "fillingDate": "2021-02-25",
    "acceptedDate": "2021-02-25 14:46:09",
    "calendarYear": "2020",
    "period": "Q4",
    "revenue": 5777000000,
    "costOfRevenue": 3213000000,
    "grossProfit": 2564000000,
    "grossProfitRatio": 0.443828977,
    "researchAndDevelopmentExpenses": 0,
    "generalAndAdministrativeExpenses": 0,
    "sellingAndMarketingExpenses": 0,
    "sellingGeneralAndAdministrativeExpenses": 0,
    "otherExpenses": 2490000000,
    "operatingExpenses": 2490000000,
    "costAndExpenses": 5703000000,
    "interestIncome": 0,
    "interestExpense": 535000000,
    "depreciationAndAmortization": 1405000000,
    "ebitda": 1621000000,
    "ebitdaratio": 0.2805954648,
    "operatingIncome": 74000000,
    "operatingIncomeRatio": 0.0128094167,
    "totalOtherIncomeExpensesNet": -393000000,
    "incomeBeforeTax": -319000000,
    "incomeBeforeTaxRatio": -0.0552189718,
    "incomeTaxExpense": -162000000,
    "netIncome": -63000000,
    "netIncomeRatio": -0.0109053142,
    "eps": -0.1038,
    "epsdiluted": -0.1038,
    "weightedAverageShsOut": 753000000,
    "weightedAverageShsOutDil": 753500000,
    "link": "https://www.sec.gov/Archives/edgar/data/1326160/000132616021000063/0001326160-21-000063-index.htm",
    "finalLink": "https://www.sec.gov/Archives/edgar/data/17797/000132616021000063/duk-20201231.htm"
  },
  {
    "date": "2020-09-30",
    "symbol": "DUK",
    "reportedCurrency": "USD",
    "cik": "0001326160",
    "fillingDate": "2020-11-05",
    "acceptedDate": "2020-11-05 11:39:29",
    "calendarYear": "2020",
    "period": "Q3",
    "revenue": 6721000000,
    "costOfRevenue": 3340000000,
    "grossProfit": 3381000000,
    "grossProfitRatio": 0.5030501413,
    "researchAndDevelopmentExpenses": 0,
    "generalAndAdministrativeExpenses": 0,
    "sellingAndMarketingExpenses": 0,
    "sellingGeneralAndAdministrativeExpenses": 0,
    "otherExpenses": 1567000000,
    "operatingExpenses": 1567000000,
    "costAndExpenses": 4907000000,
    "interestIncome": 0,
    "interestExpense": 522000000,
    "depreciationAndAmortization": 1430000000,
    "ebitda": 3291000000,
    "ebitdaratio": 0.4896592769,
    "operatingIncome": 1814000000,
    "operatingIncomeRatio": 0.2699003125,
    "totalOtherIncomeExpensesNet": -475000000,
    "incomeBeforeTax": 1339000000,
    "incomeBeforeTaxRatio": 0.1992263056,
    "incomeTaxExpense": 105000000,
    "netIncome": 1304000000,
    "netIncomeRatio": 0.1940187472,
    "eps": 1.74,
    "epsdiluted": 1.74,
    "weightedAverageShsOut": 735000000,
    "weightedAverageShsOutDil": 735000000,
    "link": "https://www.sec.gov/Archives/edgar/data/1326160/000132616020000224/0001326160-20-000224-index.htm",
    "finalLink": "https://www.sec.gov/Archives/edgar/data/17797/000132616020000224/duk-20200930x10q.htm"
  },
  {
    "date": "2020-06-30",
    "symbol": "DUK",
    "reportedCurrency": "USD",
    "cik": "0001326160",
    "fillingDate": "2020-08-10",
    "acceptedDate": "2020-08-10 12:32:40",
    "calendarYear": "2020",
    "period": "Q2",
    "revenue": 5421000000,
    "costOfRevenue": 2761000000,
    "grossProfit": 2660000000,
    "grossProfitRatio": 0.4906843756,
    "researchAndDevelopmentExpenses": 0,
    "generalAndAdministrativeExpenses": 0,
    "sellingAndMarketingExpenses": 0,
    "sellingGeneralAndAdministrativeExpenses": 0,
    "otherExpenses": 1483000000,
    "operatingExpenses": 1483000000,
    "costAndExpenses": 4244000000,
    "interestIncome": 0,
    "interestExpense": 554000000,
    "depreciationAndAmortization": 1350000000,
    "ebitda": 696000000,
    "ebitdaratio": 0.128389596,
    "operatingIncome": 1177000000,
    "operatingIncomeRatio": 0.2171186128,
    "totalOtherIncomeExpensesNet": -2385000000,
    "incomeBeforeTax": -1208000000,
    "incomeBeforeTaxRatio": -0.2228371149,
    "incomeTaxExpense": -316000000,
    "netIncome": -802000000,
    "netIncomeRatio": -0.1479431839,
    "eps": -1.13,
    "epsdiluted": -1.13,
    "weightedAverageShsOut": 735000000,
    "weightedAverageShsOutDil": 735000000,
    "link": "https://www.sec.gov/Archives/edgar/data/1326160/000132616020000201/0001326160-20-000201-index.htm",
    "finalLink": "https://www.sec.gov/Archives/edgar/data/17797/000132616020000201/duk-20200630x10q.htm"
  },
  {
    "date": "2020-03-31",
    "symbol": "DUK",
    "reportedCurrency": "USD",
    "cik": "0001326160",
    "fillingDate": "2020-06-02",
    "acceptedDate": "2020-06-02 11:19:41",
    "calendarYear": "2020",
    "period": "Q1",
    "revenue": 5949000000,
    "costOfRevenue": 2985000000,
    "grossProfit": 2964000000,
    "grossProfitRatio": 0.4982349975,
    "researchAndDevelopmentExpenses": 0,
    "generalAndAdministrativeExpenses": 0,
    "sellingAndMarketingExpenses": 0,
    "sellingGeneralAndAdministrativeExpenses": 0,
    "otherExpenses": 1476000000,
    "operatingExpenses": 1476000000,
    "costAndExpenses": 4461000000,
    "interestIncome": 0,
    "interestExpense": 551000000,
    "depreciationAndAmortization": 1301000000,
    "ebitda": 2879000000,
    "ebitdaratio": 0.4839468818,
    "operatingIncome": 1488000000,
    "operatingIncomeRatio": 0.2501260716,
    "totalOtherIncomeExpensesNet": -461000000,
    "incomeBeforeTax": 1027000000,
    "incomeBeforeTaxRatio": 0.1726340561,
    "incomeTaxExpense": 137000000,
    "netIncome": 938000000,
    "netIncomeRatio": 0.1576735586,
    "eps": 1.24,
    "epsdiluted": 1.24,
    "weightedAverageShsOut": 734000000,
    "weightedAverageShsOutDil": 736000000,
    "link": "https://www.sec.gov/Archives/edgar/data/1326160/000132616020000172/0001326160-20-000172-index.htm",
    "finalLink": "https://www.sec.gov/Archives/edgar/data/17797/000132616020000172/duk-20200331x10qa.htm"
  },
  {
    "date": "2019-12-31",
    "symbol": "DUK",
    "reportedCurrency": "USD",
    "cik": "0001326160",
    "fillingDate": "2020-02-20",
    "acceptedDate": "2020-02-20 14:37:25",
    "calendarYear": "2019",
    "period": "Q4",
    "revenue": 6103000000,
    "costOfRevenue": 3503000000,
    "grossProfit": 2600000000,
    "grossProfitRatio": 0.4260199902,
    "researchAndDevelopmentExpenses": 0,
    "generalAndAdministrativeExpenses": 0,
    "sellingAndMarketingExpenses": 0,
    "sellingGeneralAndAdministrativeExpenses": 0,
    "otherExpenses": 1491000000,
    "operatingExpenses": 1491000000,
    "costAndExpenses": 4994000000,
    "interestIncome": 0,
    "interestExpense": 547000000,
    "depreciationAndAmortization": 1345000000,
    "ebitda": 2601000000,
    "ebitdaratio": 0.426183844,
    "operatingIncome": 1109000000,
    "operatingIncomeRatio": 0.1817139112,
    "totalOtherIncomeExpensesNet": -400000000,
    "incomeBeforeTax": 709000000,
    "incomeBeforeTaxRatio": 0.1161723742,
    "incomeTaxExpense": 95000000,
    "netIncome": 674000000,
    "netIncomeRatio": 0.1104374898,
    "eps": 0.88,
    "epsdiluted": 0.88,
    "weightedAverageShsOut": 729000000,
    "weightedAverageShsOutDil": 729000000,
    "link": "https://www.sec.gov/Archives/edgar/data/1326160/000132616020000034/0001326160-20-000034-index.htm",
    "finalLink": "https://www.sec.gov/Archives/edgar/data/17797/000132616020000034/duk-20191231x10k.htm"
  },
  {
    "date": "2019-09-30",
    "symbol": "DUK",
    "reportedCurrency": "USD",
    "cik": "0001326160",
    "fillingDate": "2019-11-08",
    "acceptedDate": "2019-11-08 11:23:12",
    "calendarYear": "2019",
    "period": "Q3",
    "revenue": 6940000000,
    "costOfRevenue": 3510000000,
    "grossProfit": 3430000000,
    "grossProfitRatio": 0.4942363112,
    "researchAndDevelopmentExpenses": 0,
    "generalAndAdministrativeExpenses": 0,
    "sellingAndMarketingExpenses": 0,
    "sellingGeneralAndAdministrativeExpenses": 0,
    "otherExpenses": 1501000000,
    "operatingExpenses": 1501000000,
    "costAndExpenses": 5011000000,
    "interestIncome": 0,
    "interestExpense": 572000000,
    "depreciationAndAmortization": 1348000000,
    "ebitda": 3431000000,
    "ebitdaratio": 0.4943804035,
    "operatingIncome": 1929000000,
    "operatingIncomeRatio": 0.2779538905,
    "totalOtherIncomeExpensesNet": -418000000,
    "incomeBeforeTax": 1511000000,
    "incomeBeforeTaxRatio": 0.2177233429,
    "incomeTaxExpense": 188000000,
    "netIncome": 1342000000,
    "netIncomeRatio": 0.1933717579,
    "eps": 1.82,
    "epsdiluted": 1.82,
    "weightedAverageShsOut": 729000000,
    "weightedAverageShsOutDil": 729000000,
    "link": "https://www.sec.gov/Archives/edgar/data/1326160/000132616019000229/0001326160-19-000229-index.htm",
    "finalLink": "https://www.sec.gov/Archives/edgar/data/17797/000132616019000229/duk-20190930x10q.htm"
  },
  {
    "date": "2019-06-30",
    "symbol": "DUK",
    "reportedCurrency": "USD",
    "cik": "0001326160",
    "fillingDate": "2019-08-06",
    "acceptedDate": "2019-08-06 11:10:51",
    "calendarYear": "2019",
    "period": "Q2",
    "revenue": 5873000000,
    "costOfRevenue": 3151000000,
    "grossProfit": 2722000000,
    "grossProfitRatio": 0.4634769283,
    "researchAndDevelopmentExpenses": 0,
    "generalAndAdministrativeExpenses": 0,
    "sellingAndMarketingExpenses": 0,
    "sellingGeneralAndAdministrativeExpenses": 0,
    "otherExpenses": 1424000000,
    "operatingExpenses": 1424000000,
    "costAndExpenses": 4575000000,
    "interestIncome": 0,
    "interestExpense": 542000000,
    "depreciationAndAmortization": 1245000000,
    "ebitda": 2676000000,
    "ebitdaratio": 0.4556444747,
    "operatingIncome": 1298000000,
    "operatingIncomeRatio": 0.2210114081,
    "totalOtherIncomeExpensesNet": -409000000,
    "incomeBeforeTax": 889000000,
    "incomeBeforeTaxRatio": 0.1513706794,
    "incomeTaxExpense": 141000000,
    "netIncome": 832000000,
    "netIncomeRatio": 0.1416652477,
    "eps": 1.12,
    "epsdiluted": 1.12,
    "weightedAverageShsOut": 728000000,
    "weightedAverageShsOutDil": 728000000,
    "link": "https://www.sec.gov/Archives/edgar/data/1326160/000132616019000189/0001326160-19-000189-index.htm",
    "finalLink": "https://www.sec.gov/Archives/edgar/data/17797/000132616019000189/duk-20190630x10q.htm"
  },
  {
    "date": "2019-03-31",
    "symbol": "DUK",
    "reportedCurrency": "USD",
    "cik": "0001326160",
    "fillingDate": "2019-05-09",
    "acceptedDate": "2019-05-09 11:20:04",
    "calendarYear": "2019",
    "period": "Q1",
    "revenue": 6163000000,
    "costOfRevenue": 3355000000,
    "grossProfit": 2808000000,
    "grossProfitRatio": 0.4556222619,
    "researchAndDevelopmentExpenses": 0,
    "generalAndAdministrativeExpenses": 0,
    "sellingAndMarketingExpenses": 0,
    "sellingGeneralAndAdministrativeExpenses": 0,
    "otherExpenses": 1435000000,
    "operatingExpenses": 1435000000,
    "costAndExpenses": 4790000000,
    "interestIncome": 0,
    "interestExpense": 543000000,
    "depreciationAndAmortization": 1238000000,
    "ebitda": 2769000000,
    "ebitdaratio": 0.4492941749,
    "operatingIncome": 1373000000,
    "operatingIncomeRatio": 0.2227811131,
    "totalOtherIncomeExpensesNet": -385000000,
    "incomeBeforeTax": 988000000,
    "incomeBeforeTaxRatio": 0.1603115366,
    "incomeTaxExpense": 95000000,
    "netIncome": 900000000,
    "netIncomeRatio": 0.1460327762,
    "eps": 1.24,
    "epsdiluted": 1.24,
    "weightedAverageShsOut": 727000000,
    "weightedAverageShsOutDil": 727000000,
    "link": "https://www.sec.gov/Archives/edgar/data/1326160/000132616019000151/0001326160-19-000151-index.htm",
    "finalLink": "https://www.sec.gov/Archives/edgar/data/17797/000132616019000151/duk-20190331x10q.htm"
  },
  {
    "date": "2018-12-31",
    "symbol": "DUK",
    "reportedCurrency": "USD",
    "cik": "0001326160",
    "fillingDate": "2019-02-28",
    "acceptedDate": "2019-02-28 15:36:52",
    "calendarYear": "2018",
    "period": "Q4",
    "revenue": 6115000000,
    "costOfRevenue": 3758000000,
    "grossProfit": 2357000000,
    "grossProfitRatio": 0.3854456255,
    "researchAndDevelopmentExpenses": 0,
    "generalAndAdministrativeExpenses": 0,
    "sellingAndMarketingExpenses": 0,
    "sellingGeneralAndAdministrativeExpenses": 0,
    "otherExpenses": 1486000000,
    "operatingExpenses": 1486000000,
    "costAndExpenses": 5244000000,
    "interestIncome": 0,
    "interestExpense": 544000000,
    "depreciationAndAmortization": 1249000000,
    "ebitda": 2226000000,
    "ebitdaratio": 0.3640228945,
    "operatingIncome": 871000000,
    "operatingIncomeRatio": 0.1424366312,
    "totalOtherIncomeExpensesNet": -438000000,
    "incomeBeforeTax": 433000000,
    "incomeBeforeTaxRatio": 0.0708094849,
    "incomeTaxExpense": -1000000,
    "netIncome": 464000000,
    "netIncomeRatio": 0.0758789861,
    "eps": 0.64,
    "epsdiluted": 0.64,
    "weightedAverageShsOut": 749941410,
    "weightedAverageShsOutDil": 708000000,
    "link": "https://www.sec.gov/Archives/edgar/data/1326160/000132616019000057/0001326160-19-000057-index.htm",
    "finalLink": "https://www.sec.gov/Archives/edgar/data/17797/000132616019000057/duk-20181231x10k.htm"
  },
  {
    "date": "2018-09-30",
    "symbol": "DUK",
    "reportedCurrency": "USD",
    "cik": "0001326160",
    "fillingDate": "2018-11-02",
    "acceptedDate": "2018-11-02 11:21:45",
    "calendarYear": "2018",
    "period": "Q3",
    "revenue": 6628000000,
    "costOfRevenue": 3573000000,
    "grossProfit": 3055000000,
    "grossProfitRatio": 0.4609233555,
    "researchAndDevelopmentExpenses": 0,
    "generalAndAdministrativeExpenses": 0,
    "sellingAndMarketingExpenses": 0,
    "sellingGeneralAndAdministrativeExpenses": 0,
    "otherExpenses": 1476000000,
    "operatingExpenses": 1476000000,
    "costAndExpenses": 5049000000,
    "interestIncome": 0,
    "interestExpense": 517000000,
    "depreciationAndAmortization": 1197000000,
    "ebitda": 2944000000,
    "ebitdaratio": 0.4441762221,
    "operatingIncome": 1579000000,
    "operatingIncomeRatio": 0.2382317441,
    "totalOtherIncomeExpensesNet": -349000000,
    "incomeBeforeTax": 1230000000,
    "incomeBeforeTaxRatio": 0.1855763428,
    "incomeTaxExpense": 168000000,
    "netIncome": 1082000000,
    "netIncomeRatio": 0.1632468316,
    "eps": 1.51,
    "epsdiluted": 1.51,
    "weightedAverageShsOut": 713000000,
    "weightedAverageShsOutDil": 714000000,
    "link": "https://www.sec.gov/Archives/edgar/data/1326160/000132616018000201/0001326160-18-000201-index.htm",
    "finalLink": "https://www.sec.gov/Archives/edgar/data/17797/000132616018000201/duk-20180930x10q.htm"
  },
  {
    "date": "2018-06-30",
    "symbol": "DUK",
    "reportedCurrency": "USD",
    "cik": "0001326160",
    "fillingDate": "2018-08-02",
    "acceptedDate": "2018-08-02 13:29:20",
    "calendarYear": "2018",
    "period": "Q2",
    "revenue": 5643000000,
    "costOfRevenue": 3207000000,
    "grossProfit": 2436000000,
    "grossProfitRatio": 0.4316852738,
    "researchAndDevelopmentExpenses": 0,
    "generalAndAdministrativeExpenses": 0,
    "sellingAndMarketingExpenses": 0,
    "sellingGeneralAndAdministrativeExpenses": 0,
    "otherExpenses": 1457000000,
    "operatingExpenses": 1457000000,
    "costAndExpenses": 4664000000,
    "interestIncome": 0,
    "interestExpense": 518000000,
    "depreciationAndAmortization": 1161000000,
    "ebitda": 2286000000,
    "ebitdaratio": 0.4051036683,
    "operatingIncome": 979000000,
    "operatingIncomeRatio": 0.1734892788,
    "totalOtherIncomeExpensesNet": -372000000,
    "incomeBeforeTax": 607000000,
    "incomeBeforeTaxRatio": 0.107566897,
    "incomeTaxExpense": 100000000,
    "netIncome": 500000000,
    "netIncomeRatio": 0.0886053518,
    "eps": 0.71,
    "epsdiluted": 0.71,
    "weightedAverageShsOut": 703000000,
    "weightedAverageShsOutDil": 704000000,
    "link": "https://www.sec.gov/Archives/edgar/data/1326160/000132616018000176/0001326160-18-000176-index.htm",
    "finalLink": "https://www.sec.gov/Archives/edgar/data/17797/000132616018000176/duk-20180630x10q.htm"
  },
  {
    "date": "2018-03-31",
    "symbol": "DUK",
    "reportedCurrency": "USD",
    "cik": "0001326160",
    "fillingDate": "2018-05-10",
    "acceptedDate": "2018-05-10 11:08:40",
    "calendarYear": "2018",
    "period": "Q1",
    "revenue": 6135000000,
    "costOfRevenue": 3453000000,
    "grossProfit": 2682000000,
    "grossProfitRatio": 0.4371638142,
    "researchAndDevelopmentExpenses": 0,
    "generalAndAdministrativeExpenses": 0,
    "sellingAndMarketingExpenses": 0,
    "sellingGeneralAndAdministrativeExpenses": 0,
    "otherExpenses": 1426000000,
    "operatingExpenses": 1426000000,
    "costAndExpenses": 4879000000,
    "interestIncome": 0,
    "interestExpense": 515000000,
    "depreciationAndAmortization": 1089000000,
    "ebitda": 2407000000,
    "ebitdaratio": 0.3923390383,
    "operatingIncome": 1256000000,
    "operatingIncomeRatio": 0.2047269764,
    "totalOtherIncomeExpensesNet": -453000000,
    "incomeBeforeTax": 803000000,
    "incomeBeforeTaxRatio": 0.1308883456,
    "incomeTaxExpense": 181000000,
    "netIncome": 620000000,
    "netIncomeRatio": 0.1010594947,
    "eps": 0.88,
    "epsdiluted": 0.88,
    "weightedAverageShsOut": 701000000,
    "weightedAverageShsOutDil": 701000000,
    "link": "https://www.sec.gov/Archives/edgar/data/1326160/000132616018000139/0001326160-18-000139-index.htm",
    "finalLink": "https://www.sec.gov/Archives/edgar/data/17797/000132616018000139/duk-20180331x10q.htm"
  },
  {
    "date": "2017-12-31",
    "symbol": "DUK",
    "reportedCurrency": "USD",
    "cik": "0001326160",
    "fillingDate": "2018-02-21",
    "acceptedDate": "2018-02-21 16:28:38",
    "calendarYear": "2017",
    "period": "Q4",
    "revenue": 5799000000,
    "costOfRevenue": 3233000000,
    "grossProfit": 2566000000,
    "grossProfitRatio": 0.4424900845,
    "researchAndDevelopmentExpenses": 0,
    "generalAndAdministrativeExpenses": 0,
    "sellingAndMarketingExpenses": 0,
    "sellingGeneralAndAdministrativeExpenses": 0,
    "otherExpenses": 1304000000,
    "operatingExpenses": 1304000000,
    "costAndExpenses": 4537000000,
    "interestIncome": 0,
    "interestExpense": 511000000,
    "depreciationAndAmortization": 1056000000,
    "ebitda": 2433000000,
    "ebitdaratio": 0.4195550957,
    "operatingIncome": 1209000000,
    "operatingIncomeRatio": 0.2084842214,
    "totalOtherIncomeExpensesNet": -343000000,
    "incomeBeforeTax": 866000000,
    "incomeBeforeTaxRatio": 0.1493360924,
    "incomeTaxExpense": 161000000,
    "netIncome": 703000000,
    "netIncomeRatio": 0.1212277979,
    "eps": 1,
    "epsdiluted": 1,
    "weightedAverageShsOut": 700000000,
    "weightedAverageShsOutDil": 700000000,
    "link": "https://www.sec.gov/Archives/edgar/data/1326160/000132616018000034/0001326160-18-000034-index.htm",
    "finalLink": "https://www.sec.gov/Archives/edgar/data/17797/000132616018000034/duk-20171231x10k.htm"
  },
  {
    "date": "2017-09-30",
    "symbol": "DUK",
    "reportedCurrency": "USD",
    "cik": "0001326160",
    "fillingDate": "2017-11-03",
    "acceptedDate": "2017-11-03 12:21:20",
    "calendarYear": "2017",
    "period": "Q3",
    "revenue": 6482000000,
    "costOfRevenue": 3407000000,
    "grossProfit": 3075000000,
    "grossProfitRatio": 0.4743906202,
    "researchAndDevelopmentExpenses": 0,
    "generalAndAdministrativeExpenses": 0,
    "sellingAndMarketingExpenses": 0,
    "sellingGeneralAndAdministrativeExpenses": 0,
    "otherExpenses": 1414000000,
    "operatingExpenses": 1414000000,
    "costAndExpenses": 4821000000,
    "interestIncome": 0,
    "interestExpense": 498000000,
    "depreciationAndAmortization": 1037000000,
    "ebitda": 2856000000,
    "ebitdaratio": 0.4406047516,
    "operatingIncome": 1661000000,
    "operatingIncomeRatio": 0.2562480716,
    "totalOtherIncomeExpensesNet": -340000000,
    "incomeBeforeTax": 1321000000,
    "incomeBeforeTaxRatio": 0.203795125,
    "incomeTaxExpense": 364000000,
    "netIncome": 954000000,
    "netIncomeRatio": 0.1471767973,
    "eps": 1.36,
    "epsdiluted": 1.36,
    "weightedAverageShsOut": 700000000,
    "weightedAverageShsOutDil": 700000000,
    "link": "https://www.sec.gov/Archives/edgar/data/1326160/000132616017000175/0001326160-17-000175-index.htm",
    "finalLink": "https://www.sec.gov/Archives/edgar/data/17797/000132616017000175/duk-20170930x10q.htm"
  },
  {
    "date": "2017-06-30",
    "symbol": "DUK",
    "reportedCurrency": "USD",
    "cik": "0001326160",
    "fillingDate": "2017-08-03",
    "acceptedDate": "2017-08-03 13:55:02",
    "calendarYear": "2017",
    "period": "Q2",
    "revenue": 5555000000,
    "costOfRevenue": 3058000000,
    "grossProfit": 2497000000,
    "grossProfitRatio": 0.4495049505,
    "researchAndDevelopmentExpenses": 0,
    "generalAndAdministrativeExpenses": 0,
    "sellingAndMarketingExpenses": 0,
    "sellingGeneralAndAdministrativeExpenses": 0,
    "otherExpenses": 1144000000,
    "operatingExpenses": 1144000000,
    "costAndExpenses": 4202000000,
    "interestIncome": 0,
    "interestExpense": 486000000,
    "depreciationAndAmortization": 962000000,
    "ebitda": 2466000000,
    "ebitdaratio": 0.4439243924,
    "operatingIncome": 1353000000,
    "operatingIncomeRatio": 0.2435643564,
    "totalOtherIncomeExpensesNet": -335000000,
    "incomeBeforeTax": 1018000000,
    "incomeBeforeTaxRatio": 0.1832583258,
    "incomeTaxExpense": 327000000,
    "netIncome": 686000000,
    "netIncomeRatio": 0.1234923492,
    "eps": 0.98,
    "epsdiluted": 0.98,
    "weightedAverageShsOut": 700000000,
    "weightedAverageShsOutDil": 700000000,
    "link": "https://www.sec.gov/Archives/edgar/data/1326160/000132616017000151/0001326160-17-000151-index.htm",
    "finalLink": "https://www.sec.gov/Archives/edgar/data/17797/000132616017000151/duk-20170630x10q.htm"
  },
  {
    "date": "2017-03-31",
    "symbol": "DUK",
    "reportedCurrency": "USD",
    "cik": "0001326160",
    "fillingDate": "2017-05-09",
    "acceptedDate": "2017-05-09 12:09:53",
    "calendarYear": "2017",
    "period": "Q1",
    "revenue": 5729000000,
    "costOfRevenue": 3175000000,
    "grossProfit": 2554000000,
    "grossProfitRatio": 0.4458020597,
    "researchAndDevelopmentExpenses": 0,
    "generalAndAdministrativeExpenses": 0,
    "sellingAndMarketingExpenses": 0,
    "sellingGeneralAndAdministrativeExpenses": 0,
    "otherExpenses": 1152000000,
    "operatingExpenses": 1152000000,
    "costAndExpenses": 4327000000,
    "interestIncome": 0,
    "interestExpense": 491000000,
    "depreciationAndAmortization": 991000000,
    "ebitda": 2543000000,
    "ebitdaratio": 0.4438820038,
    "operatingIncome": 1402000000,
    "operatingIncomeRatio": 0.2447198464,
    "totalOtherIncomeExpensesNet": -341000000,
    "incomeBeforeTax": 1061000000,
    "incomeBeforeTaxRatio": 0.1851981149,
    "incomeTaxExpense": 344000000,
    "netIncome": 716000000,
    "netIncomeRatio": 0.1249781812,
    "eps": 1.02,
    "epsdiluted": 1.02,
    "weightedAverageShsOut": 700000000,
    "weightedAverageShsOutDil": 700000000,
    "link": "https://www.sec.gov/Archives/edgar/data/1326160/000132616017000109/0001326160-17-000109-index.htm",
    "finalLink": "https://www.sec.gov/Archives/edgar/data/17797/000132616017000109/duk-20170331x10q.htm"
  },
  {
    "date": "2016-12-31",
    "symbol": "DUK",
    "reportedCurrency": "USD",
    "cik": "0001326160",
    "fillingDate": "2017-02-24",
    "acceptedDate": "2017-02-24 16:22:25",
    "calendarYear": "2016",
    "period": "Q4",
    "revenue": 4816000000,
    "costOfRevenue": 3093000000,
    "grossProfit": 1723000000,
    "grossProfitRatio": 0.3577657807,
    "researchAndDevelopmentExpenses": 0,
    "generalAndAdministrativeExpenses": 0,
    "sellingAndMarketingExpenses": 0,
    "sellingGeneralAndAdministrativeExpenses": 0,
    "otherExpenses": 249000000,
    "operatingExpenses": 882000000,
    "costAndExpenses": 3975000000,
    "interestIncome": 0,
    "interestExpense": 423000000,
    "depreciationAndAmortization": 1033000000,
    "ebitda": 1950000000,
    "ebitdaratio": 0.4049003322,
    "operatingIncome": 841000000,
    "operatingIncomeRatio": 0.1746262458,
    "totalOtherIncomeExpensesNet": -347000000,
    "incomeBeforeTax": 494000000,
    "incomeBeforeTaxRatio": 0.1025747508,
    "incomeTaxExpense": 184000000,
    "netIncome": -227000000,
    "netIncomeRatio": -0.0471345515,
    "eps": -0.33,
    "epsdiluted": -0.32,
    "weightedAverageShsOut": 690000000,
    "weightedAverageShsOutDil": 700000000,
    "link": "https://www.sec.gov/Archives/edgar/data/1326160/000132616017000016/0001326160-17-000016-index.htm",
    "finalLink": "https://www.sec.gov/Archives/edgar/data/17797/000132616017000016/duk-20161231x10k.htm"
  },
  {
    "date": "2016-09-30",
    "symbol": "DUK",
    "reportedCurrency": "USD",
    "cik": "0001326160",
    "fillingDate": "2016-11-04",
    "acceptedDate": "2016-11-04 15:13:37",
    "calendarYear": "2016",
    "period": "Q3",
    "revenue": 6469000000,
    "costOfRevenue": 3497000000,
    "grossProfit": 3079000000,
    "grossProfitRatio": 0.4759622817,
    "researchAndDevelopmentExpenses": 0,
    "generalAndAdministrativeExpenses": 0,
    "sellingAndMarketingExpenses": 0,
    "sellingGeneralAndAdministrativeExpenses": 0,
    "otherExpenses": 1125000000,
    "operatingExpenses": 1125000000,
    "costAndExpenses": 4622000000,
    "interestIncome": 0,
    "interestExpense": 460000000,
    "depreciationAndAmortization": 979000000,
    "ebitda": 2959000000,
    "ebitdaratio": 0.4574122739,
    "operatingIncome": 1954000000,
    "operatingIncomeRatio": 0.3020559592,
    "totalOtherIncomeExpensesNet": -438000000,
    "incomeBeforeTax": 1516000000,
    "incomeBeforeTaxRatio": 0.234348431,
    "incomeTaxExpense": 515000000,
    "netIncome": 1176000000,
    "netIncomeRatio": 0.1817900757,
    "eps": 1.7,
    "epsdiluted": 1.7,
    "weightedAverageShsOut": 689000000,
    "weightedAverageShsOutDil": 691000000,
    "link": "https://www.sec.gov/Archives/edgar/data/1326160/000132616016000411/0001326160-16-000411-index.htm",
    "finalLink": "https://www.sec.gov/Archives/edgar/data/17797/000132616016000411/duk-20160930x10q.htm"
  },
  {
    "date": "2016-06-30",
    "symbol": "DUK",
    "reportedCurrency": "USD",
    "cik": "0001326160",
    "fillingDate": "2016-08-04",
    "acceptedDate": "2016-08-04 15:23:37",
    "calendarYear": "2016",
    "period": "Q2",
    "revenue": 5213000000,
    "costOfRevenue": 2881000000,
    "grossProfit": 2332000000,
    "grossProfitRatio": 0.4473431805,
    "researchAndDevelopmentExpenses": 0,
    "generalAndAdministrativeExpenses": 0,
    "sellingAndMarketingExpenses": 0,
    "sellingGeneralAndAdministrativeExpenses": 33000000,
    "otherExpenses": 1040000000,
    "operatingExpenses": 1073000000,
    "costAndExpenses": 3954000000,
    "interestIncome": 0,
    "interestExpense": 478000000,
    "depreciationAndAmortization": 937000000,
    "ebitda": 2292000000,
    "ebitdaratio": 0.4396700556,
    "operatingIncome": 1259000000,
    "operatingIncomeRatio": 0.2415116056,
    "totalOtherIncomeExpensesNet": -382000000,
    "incomeBeforeTax": 877000000,
    "incomeBeforeTaxRatio": 0.168233263,
    "incomeTaxExpense": 253000000,
    "netIncome": 509000000,
    "netIncomeRatio": 0.0976405141,
    "eps": 0.74,
    "epsdiluted": 0.74,
    "weightedAverageShsOut": 689000000,
    "weightedAverageShsOutDil": 690000000,
    "link": "https://www.sec.gov/Archives/edgar/data/1326160/000132616016000356/0001326160-16-000356-index.htm",
    "finalLink": "https://www.sec.gov/Archives/edgar/data/17797/000132616016000356/duk-20160630x10q.htm"
  },
  {
    "date": "2016-03-31",
    "symbol": "DUK",
    "reportedCurrency": "USD",
    "cik": "0001326160",
    "fillingDate": "2016-05-05",
    "acceptedDate": "2016-05-04 19:16:07",
    "calendarYear": "2016",
    "period": "Q1",
    "revenue": 5377000000,
    "costOfRevenue": 3053000000,
    "grossProfit": 2324000000,
    "grossProfitRatio": 0.4322112702,
    "researchAndDevelopmentExpenses": 0,
    "generalAndAdministrativeExpenses": 0,
    "sellingAndMarketingExpenses": 0,
    "sellingGeneralAndAdministrativeExpenses": 27000000,
    "otherExpenses": 1057000000,
    "operatingExpenses": 1084000000,
    "costAndExpenses": 4137000000,
    "interestIncome": 0,
    "interestExpense": 489000000,
    "depreciationAndAmortization": 931000000,
    "ebitda": 2249000000,
    "ebitdaratio": 0.4182629719,
    "operatingIncome": 1240000000,
    "operatingIncomeRatio": 0.2306118654,
    "totalOtherIncomeExpensesNet": -411000000,
    "incomeBeforeTax": 829000000,
    "incomeBeforeTaxRatio": 0.1541751906,
    "incomeTaxExpense": 252000000,
    "netIncome": 694000000,
    "netIncomeRatio": 0.1290682537,
    "eps": 1.01,
    "epsdiluted": 1.01,
    "weightedAverageShsOut": 689000000,
    "weightedAverageShsOutDil": 689000000,
    "link": "https://www.sec.gov/Archives/edgar/data/1326160/000132616016000296/0001326160-16-000296-index.htm",
    "finalLink": "https://www.sec.gov/Archives/edgar/data/17797/000132616016000296/duk-20160331x10q.htm"
  },
  {
    "date": "2015-12-31",
    "symbol": "DUK",
    "reportedCurrency": "USD",
    "cik": "0001326160",
    "fillingDate": "2016-02-25",
    "acceptedDate": "2016-02-25 17:07:24",
    "calendarYear": "2015",
    "period": "Q4",
    "revenue": 5322000000,
    "costOfRevenue": 3238000000,
    "grossProfit": 2084000000,
    "grossProfitRatio": 0.391582112,
    "researchAndDevelopmentExpenses": 0,
    "generalAndAdministrativeExpenses": 0,
    "sellingAndMarketingExpenses": 0,
    "sellingGeneralAndAdministrativeExpenses": 313000000,
    "otherExpenses": 1143000000,
    "operatingExpenses": 1107000000,
    "costAndExpenses": 4345000000,
    "interestIncome": 38000000,
    "interestExpense": 405000000,
    "depreciationAndAmortization": 933000000,
    "ebitda": 2037000000,
    "ebitdaratio": 0.3827508455,
    "operatingIncome": 688000000,
    "operatingIncomeRatio": 0.1292747088,
    "totalOtherIncomeExpensesNet": -216000000,
    "incomeBeforeTax": 472000000,
    "incomeBeforeTaxRatio": 0.088688463,
    "incomeTaxExpense": 138000000,
    "netIncome": 477000000,
    "netIncomeRatio": 0.0896279594,
    "eps": 0.69,
    "epsdiluted": 0.69,
    "weightedAverageShsOut": 688000000,
    "weightedAverageShsOutDil": 688000000,
    "link": "https://www.sec.gov/Archives/edgar/data/1326160/000132616016000221/0001326160-16-000221-index.htm",
    "finalLink": "https://www.sec.gov/Archives/edgar/data/17797/000132616016000221/duk-20151231x10k.htm"
  },
  {
    "date": "2015-09-30",
    "symbol": "DUK",
    "reportedCurrency": "USD",
    "cik": "0001326160",
    "fillingDate": "2015-11-05",
    "acceptedDate": "2015-11-05 16:47:50",
    "calendarYear": "2015",
    "period": "Q3",
    "revenue": 6483000000,
    "costOfRevenue": 3621000000,
    "grossProfit": 2862000000,
    "grossProfitRatio": 0.441462286,
    "researchAndDevelopmentExpenses": 0,
    "generalAndAdministrativeExpenses": 0,
    "sellingAndMarketingExpenses": 0,
    "sellingGeneralAndAdministrativeExpenses": 0,
    "otherExpenses": 1174000000,
    "operatingExpenses": 1174000000,
    "costAndExpenses": 4795000000,
    "interestIncome": 0,
    "interestExpense": 402000000,
    "depreciationAndAmortization": 896000000,
    "ebitda": 2658000000,
    "ebitdaratio": 0.4099953725,
    "operatingIncome": 1688000000,
    "operatingIncomeRatio": 0.260373284,
    "totalOtherIncomeExpensesNet": -328000000,
    "incomeBeforeTax": 1360000000,
    "incomeBeforeTaxRatio": 0.2097794231,
    "incomeTaxExpense": 420000000,
    "netIncome": 932000000,
    "netIncomeRatio": 0.1437606047,
    "eps": 1.35,
    "epsdiluted": 1.35,
    "weightedAverageShsOut": 688000000,
    "weightedAverageShsOutDil": 688000000,
    "link": "https://www.sec.gov/Archives/edgar/data/1326160/000132616015000178/0001326160-15-000178-index.htm",
    "finalLink": "https://www.sec.gov/Archives/edgar/data/17797/000132616015000178/duk-20150930x10q.htm"
  },
  {
    "date": "2015-06-30",
    "symbol": "DUK",
    "reportedCurrency": "USD",
    "cik": "0001326160",
    "fillingDate": "2015-08-07",
    "acceptedDate": "2015-08-07 13:35:51",
    "calendarYear": "2015",
    "period": "Q2",
    "revenue": 5589000000,
    "costOfRevenue": 3287000000,
    "grossProfit": 2302000000,
    "grossProfitRatio": 0.4118804795,
    "researchAndDevelopmentExpenses": 0,
    "generalAndAdministrativeExpenses": 0,
    "sellingAndMarketingExpenses": 0,
    "sellingGeneralAndAdministrativeExpenses": 0,
    "otherExpenses": 1056000000,
    "operatingExpenses": 1056000000,
    "costAndExpenses": 4343000000,
    "interestIncome": 0,
    "interestExpense": 403000000,
    "depreciationAndAmortization": 901000000,
    "ebitda": 2242000000,
    "ebitdaratio": 0.4011451065,
    "operatingIncome": 1246000000,
    "operatingIncomeRatio": 0.2229379138,
    "totalOtherIncomeExpensesNet": -308000000,
    "incomeBeforeTax": 938000000,
    "incomeBeforeTaxRatio": 0.1678296654,
    "incomeTaxExpense": 334000000,
    "netIncome": 543000000,
    "netIncomeRatio": 0.0971551261,
    "eps": 0.78,
    "epsdiluted": 0.78,
    "weightedAverageShsOut": 692000000,
    "weightedAverageShsOutDil": 692000000,
    "link": "https://www.sec.gov/Archives/edgar/data/1326160/000132616015000151/0001326160-15-000151-index.htm",
    "finalLink": "https://www.sec.gov/Archives/edgar/data/17797/000132616015000151/duk-20150630x10q.htm"
  },
  {
    "date": "2015-03-31",
    "symbol": "DUK",
    "reportedCurrency": "USD",
    "cik": "0001326160",
    "fillingDate": "2015-05-08",
    "acceptedDate": "2015-05-08 16:07:11",
    "calendarYear": "2015",
    "period": "Q1",
    "revenue": 6065000000,
    "costOfRevenue": 3582000000,
    "grossProfit": 2483000000,
    "grossProfitRatio": 0.4093981863,
    "researchAndDevelopmentExpenses": 0,
    "generalAndAdministrativeExpenses": 0,
    "sellingAndMarketingExpenses": 0,
    "sellingGeneralAndAdministrativeExpenses": 0,
    "otherExpenses": 1027000000,
    "operatingExpenses": 1027000000,
    "costAndExpenses": 4609000000,
    "interestIncome": 0,
    "interestExpense": 403000000,
    "depreciationAndAmortization": 883000000,
    "ebitda": 2426000000,
    "ebitdaratio": 0.4,
    "operatingIncome": 1456000000,
    "operatingIncomeRatio": 0.2400659522,
    "totalOtherIncomeExpensesNet": -316000000,
    "incomeBeforeTax": 1140000000,
    "incomeBeforeTaxRatio": 0.1879637263,
    "incomeTaxExpense": 364000000,
    "netIncome": 864000000,
    "netIncomeRatio": 0.1424567189,
    "eps": 1.22,
    "epsdiluted": 1.22,
    "weightedAverageShsOut": 708000000,
    "weightedAverageShsOutDil": 708000000,
    "link": "https://www.sec.gov/Archives/edgar/data/1326160/000132616015000076/0001326160-15-000076-index.htm",
    "finalLink": "https://www.sec.gov/Archives/edgar/data/17797/000132616015000076/duk-20150331x10q.htm"
  },
  {
    "date": "2014-12-31",
    "symbol": "DUK",
    "reportedCurrency": "USD",
    "cik": "0001326160",
    "fillingDate": "2015-03-02",
    "acceptedDate": "2015-02-27 19:04:35",
    "calendarYear": "2014",
    "period": "Q4",
    "revenue": 5559000000,
    "costOfRevenue": 3538000000,
    "grossProfit": 2021000000,
    "grossProfitRatio": 0.3635545962,
    "researchAndDevelopmentExpenses": 0,
    "generalAndAdministrativeExpenses": 0,
    "sellingAndMarketingExpenses": 0,
    "sellingGeneralAndAdministrativeExpenses": 355000000,
    "otherExpenses": 678000000,
    "operatingExpenses": 1033000000,
    "costAndExpenses": 4571000000,
    "interestIncome": 45000000,
    "interestExpense": 398000000,
    "depreciationAndAmortization": 866000000,
    "ebitda": 1962000000,
    "ebitdaratio": 0.3529411765,
    "operatingIncome": 988000000,
    "operatingIncomeRatio": 0.1777298075,
    "totalOtherIncomeExpensesNet": -302000000,
    "incomeBeforeTax": 686000000,
    "incomeBeforeTaxRatio": 0.1234034898,
    "incomeTaxExpense": 588000000,
    "netIncome": 97000000,
    "netIncomeRatio": 0.0174491815,
    "eps": 0.14,
    "epsdiluted": 0.14,
    "weightedAverageShsOut": 746153846,
    "weightedAverageShsOutDil": 708000000,
    "link": "https://www.sec.gov/Archives/edgar/data/1326160/000132616015000008/0001326160-15-000008-index.htm",
    "finalLink": "https://www.sec.gov/Archives/edgar/data/17797/000132616015000008/duk-20141231x10k.htm"
  },
  {
    "date": "2014-09-30",
    "symbol": "DUK",
    "reportedCurrency": "USD",
    "cik": "0001326160",
    "fillingDate": "2014-11-07",
    "acceptedDate": "2014-11-07 16:30:53",
    "calendarYear": "2014",
    "period": "Q3",
    "revenue": 6395000000,
    "costOfRevenue": 3716000000,
    "grossProfit": 2679000000,
    "grossProfitRatio": 0.4189210321,
    "researchAndDevelopmentExpenses": 0,
    "generalAndAdministrativeExpenses": 0,
    "sellingAndMarketingExpenses": 0,
    "sellingGeneralAndAdministrativeExpenses": 0,
    "otherExpenses": 1060000000,
    "operatingExpenses": 1060000000,
    "costAndExpenses": 4776000000,
    "interestIncome": 0,
    "interestExpense": 405000000,
    "depreciationAndAmortization": 893000000,
    "ebitda": 2649000000,
    "ebitdaratio": 0.4142298671,
    "operatingIncome": 1619000000,
    "operatingIncomeRatio": 0.2531665364,
    "totalOtherIncomeExpensesNet": -268000000,
    "incomeBeforeTax": 1351000000,
    "incomeBeforeTaxRatio": 0.2112587959,
    "incomeTaxExpense": 460000000,
    "netIncome": 1274000000,
    "netIncomeRatio": 0.1992181392,
    "eps": 1.8,
    "epsdiluted": 1.8,
    "weightedAverageShsOut": 707000000,
    "weightedAverageShsOutDil": 707000000,
    "link": "https://www.sec.gov/Archives/edgar/data/1326160/000132616014000032/0001326160-14-000032-index.htm",
    "finalLink": "https://www.sec.gov/Archives/edgar/data/17797/000132616014000032/duk-20140930x10q.htm"
  },
  {
    "date": "2014-06-30",
    "symbol": "DUK",
    "reportedCurrency": "USD",
    "cik": "0001326160",
    "fillingDate": "2014-08-07",
    "acceptedDate": "2014-08-07 11:21:59",
    "calendarYear": "2014",
    "period": "Q2",
    "revenue": 5708000000,
    "costOfRevenue": 3368000000,
    "grossProfit": 2340000000,
    "grossProfitRatio": 0.409950946,
    "researchAndDevelopmentExpenses": 0,
    "generalAndAdministrativeExpenses": 0,
    "sellingAndMarketingExpenses": 0,
    "sellingGeneralAndAdministrativeExpenses": 28000000,
    "otherExpenses": 1023000000,
    "operatingExpenses": 1051000000,
    "costAndExpenses": 4419000000,
    "interestIncome": 0,
    "interestExpense": 403000000,
    "depreciationAndAmortization": 864000000,
    "ebitda": 2275000000,
    "ebitdaratio": 0.3985634198,
    "operatingIncome": 1289000000,
    "operatingIncomeRatio": 0.2258234057,
    "totalOtherIncomeExpensesNet": -281000000,
    "incomeBeforeTax": 1008000000,
    "incomeBeforeTaxRatio": 0.1765942537,
    "incomeTaxExpense": 282000000,
    "netIncome": 609000000,
    "netIncomeRatio": 0.1066923616,
    "eps": 0.86,
    "epsdiluted": 0.86,
    "weightedAverageShsOut": 707000000,
    "weightedAverageShsOutDil": 707000000,
    "link": "https://www.sec.gov/Archives/edgar/data/1326160/000132616014000022/0001326160-14-000022-index.htm",
    "finalLink": "https://www.sec.gov/Archives/edgar/data/17797/000132616014000022/duk-20140630x10q.htm"
  },
  {
    "date": "2014-03-31",
    "symbol": "DUK",
    "reportedCurrency": "USD",
    "cik": "0001326160",
    "fillingDate": "2014-05-09",
    "acceptedDate": "2014-05-09 16:15:03",
    "calendarYear": "2014",
    "period": "Q1",
    "revenue": 6263000000,
    "costOfRevenue": 3701000000,
    "grossProfit": 2562000000,
    "grossProfitRatio": 0.4090691362,
    "researchAndDevelopmentExpenses": 0,
    "generalAndAdministrativeExpenses": 0,
    "sellingAndMarketingExpenses": 0,
    "sellingGeneralAndAdministrativeExpenses": 0,
    "otherExpenses": 1200000000,
    "operatingExpenses": 1200000000,
    "costAndExpenses": 4901000000,
    "interestIncome": 0,
    "interestExpense": 404000000,
    "depreciationAndAmortization": 884000000,
    "ebitda": 2377000000,
    "ebitdaratio": 0.3795305764,
    "operatingIncome": 1362000000,
    "operatingIncomeRatio": 0.2174676673,
    "totalOtherIncomeExpensesNet": -273000000,
    "incomeBeforeTax": 1089000000,
    "incomeBeforeTaxRatio": 0.1738783331,
    "incomeTaxExpense": 339000000,
    "netIncome": -97000000,
    "netIncomeRatio": -0.0154877854,
    "eps": -0.14,
    "epsdiluted": -0.14,
    "weightedAverageShsOut": 706000000,
    "weightedAverageShsOutDil": 706000000,
    "link": "https://www.sec.gov/Archives/edgar/data/1326160/000132616014000005/0001326160-14-000005-index.htm",
    "finalLink": "https://www.sec.gov/Archives/edgar/data/17797/000132616014000005/form10q.htm"
  },
  {
    "date": "2013-12-31",
    "symbol": "DUK",
    "reportedCurrency": "USD",
    "cik": "0001326160",
    "fillingDate": "2014-02-28",
    "acceptedDate": "2014-02-28 15:50:25",
    "calendarYear": "2013",
    "period": "Q4",
    "revenue": 6112000000,
    "costOfRevenue": 3808000000,
    "grossProfit": 2620000000,
    "grossProfitRatio": 0.4286649215,
    "researchAndDevelopmentExpenses": 0,
    "generalAndAdministrativeExpenses": 0,
    "sellingAndMarketingExpenses": 0,
    "sellingGeneralAndAdministrativeExpenses": 0,
    "otherExpenses": 1429000000,
    "operatingExpenses": 1101000000,
    "costAndExpenses": 4909000000,
    "interestIncome": 26000000,
    "interestExpense": 419000000,
    "depreciationAndAmortization": 864000000,
    "ebitda": 2278000000,
    "ebitdaratio": 0.3727094241,
    "operatingIncome": 1191000000,
    "operatingIncomeRatio": 0.1948625654,
    "totalOtherIncomeExpensesNet": -208000000,
    "incomeBeforeTax": 995000000,
    "incomeBeforeTaxRatio": 0.1627945026,
    "incomeTaxExpense": 309000000,
    "netIncome": 688000000,
    "netIncomeRatio": 0.112565445,
    "eps": 0.98,
    "epsdiluted": 0.97,
    "weightedAverageShsOut": 706000000,
    "weightedAverageShsOutDil": 706000000,
    "link": "https://www.sec.gov/Archives/edgar/data/1326160/000132616014000003/0001326160-14-000003-index.htm",
    "finalLink": "https://www.sec.gov/Archives/edgar/data/17797/000132616014000003/form10k.htm"
  },
  {
    "date": "2013-09-30",
    "symbol": "DUK",
    "reportedCurrency": "USD",
    "cik": "0001326160",
    "fillingDate": "2013-11-08",
    "acceptedDate": "2013-11-08 12:51:48",
    "calendarYear": "2013",
    "period": "Q3",
    "revenue": 6217000000,
    "costOfRevenue": 3563000000,
    "grossProfit": 2654000000,
    "grossProfitRatio": 0.4268940003,
    "researchAndDevelopmentExpenses": 0,
    "generalAndAdministrativeExpenses": 0,
    "sellingAndMarketingExpenses": 0,
    "sellingGeneralAndAdministrativeExpenses": 38000000,
    "otherExpenses": 956000000,
    "operatingExpenses": 994000000,
    "costAndExpenses": 4557000000,
    "interestIncome": 0,
    "interestExpense": 378000000,
    "depreciationAndAmortization": 821000000,
    "ebitda": 2568000000,
    "ebitdaratio": 0.4130609619,
    "operatingIncome": 1660000000,
    "operatingIncomeRatio": 0.2670098118,
    "totalOtherIncomeExpensesNet": -291000000,
    "incomeBeforeTax": 1369000000,
    "incomeBeforeTaxRatio": 0.2202026701,
    "incomeTaxExpense": 423000000,
    "netIncome": 1004000000,
    "netIncomeRatio": 0.1614926814,
    "eps": 1.42,
    "epsdiluted": 1.42,
    "weightedAverageShsOut": 706000000,
    "weightedAverageShsOutDil": 706000000,
    "link": "https://www.sec.gov/Archives/edgar/data/1326160/000132616013000042/0001326160-13-000042-index.htm",
    "finalLink": "https://www.sec.gov/Archives/edgar/data/17797/000132616013000042/form10q.htm"
  },
  {
    "date": "2013-06-30",
    "symbol": "DUK",
    "reportedCurrency": "USD",
    "cik": "0001326160",
    "fillingDate": "2013-08-08",
    "acceptedDate": "2013-08-08 14:29:55",
    "calendarYear": "2013",
    "period": "Q2",
    "revenue": 5879000000,
    "costOfRevenue": 3672000000,
    "grossProfit": 2207000000,
    "grossProfitRatio": 0.3754039803,
    "researchAndDevelopmentExpenses": 0,
    "generalAndAdministrativeExpenses": 0,
    "sellingAndMarketingExpenses": 0,
    "sellingGeneralAndAdministrativeExpenses": 0,
    "otherExpenses": 1386000000,
    "operatingExpenses": 1386000000,
    "costAndExpenses": 5058000000,
    "interestIncome": 0,
    "interestExpense": 381000000,
    "depreciationAndAmortization": 782000000,
    "ebitda": 1673000000,
    "ebitdaratio": 0.2845722062,
    "operatingIncome": 1183000000,
    "operatingIncomeRatio": 0.2012246981,
    "totalOtherIncomeExpensesNet": 0,
    "incomeBeforeTax": 592000000,
    "incomeBeforeTaxRatio": 0.1006973975,
    "incomeTaxExpense": 199000000,
    "netIncome": 339000000,
    "netIncomeRatio": 0.0576628678,
    "eps": 0.48,
    "epsdiluted": 0.48,
    "weightedAverageShsOut": 706000000,
    "weightedAverageShsOutDil": 706000000,
    "link": "https://www.sec.gov/Archives/edgar/data/1326160/000132616013000032/0001326160-13-000032-index.htm",
    "finalLink": "https://www.sec.gov/Archives/edgar/data/17797/000132616013000032/form10q.htm"
  },
  {
    "date": "2013-03-31",
    "symbol": "DUK",
    "reportedCurrency": "USD",
    "cik": "0001326160",
    "fillingDate": "2013-05-09",
    "acceptedDate": "2013-05-09 16:18:51",
    "calendarYear": "2013",
    "period": "Q1",
    "revenue": 5898000000,
    "costOfRevenue": 3682000000,
    "grossProfit": 2216000000,
    "grossProfitRatio": 0.3757205832,
    "researchAndDevelopmentExpenses": 0,
    "generalAndAdministrativeExpenses": 0,
    "sellingAndMarketingExpenses": 0,
    "sellingGeneralAndAdministrativeExpenses": -116000000,
    "otherExpenses": 1117000000,
    "operatingExpenses": 1001000000,
    "costAndExpenses": 4683000000,
    "interestIncome": 0,
    "interestExpense": 367000000,
    "depreciationAndAmortization": 762000000,
    "ebitda": 2093000000,
    "ebitdaratio": 0.3548660563,
    "operatingIncome": 1213000000,
    "operatingIncomeRatio": 0.2056629366,
    "totalOtherIncomeExpensesNet": -249000000,
    "incomeBeforeTax": 964000000,
    "incomeBeforeTaxRatio": 0.1634452357,
    "incomeTaxExpense": 330000000,
    "netIncome": 634000000,
    "netIncomeRatio": 0.1074940658,
    "eps": 0.89,
    "epsdiluted": 0.89,
    "weightedAverageShsOut": 705000000,
    "weightedAverageShsOutDil": 705000000,
    "link": "https://www.sec.gov/Archives/edgar/data/1326160/000132616013000014/0001326160-13-000014-index.htm",
    "finalLink": "https://www.sec.gov/Archives/edgar/data/17797/000132616013000014/form10q.htm"
  },
  {
    "date": "2012-12-31",
    "symbol": "DUK",
    "reportedCurrency": "USD",
    "cik": "0001326160",
    "fillingDate": "2013-03-01",
    "acceptedDate": "2013-03-01 09:24:17",
    "calendarYear": "2012",
    "period": "Q4",
    "revenue": 5695000000,
    "costOfRevenue": 7214000000,
    "grossProfit": -1519000000,
    "grossProfitRatio": -0.2667251975,
    "researchAndDevelopmentExpenses": 0,
    "generalAndAdministrativeExpenses": 0,
    "sellingAndMarketingExpenses": 0,
    "sellingGeneralAndAdministrativeExpenses": 0,
    "otherExpenses": -2286000000,
    "operatingExpenses": -2286000000,
    "costAndExpenses": 4928000000,
    "interestIncome": 50000000,
    "interestExpense": 385000000,
    "depreciationAndAmortization": 787000000,
    "ebitda": 1718000000,
    "ebitdaratio": 0.3016681299,
    "operatingIncome": 765000000,
    "operatingIncomeRatio": 0.1343283582,
    "totalOtherIncomeExpensesNet": -219000000,
    "incomeBeforeTax": 546000000,
    "incomeBeforeTaxRatio": 0.0958735733,
    "incomeTaxExpense": 140000000,
    "netIncome": 435000000,
    "netIncomeRatio": 0.0763827919,
    "eps": 0.56,
    "epsdiluted": 0.56,
    "weightedAverageShsOut": 574000000,
    "weightedAverageShsOutDil": 575000000,
    "link": "https://www.sec.gov/Archives/edgar/data/1326160/000132616013000009/0001326160-13-000009-index.htm",
    "finalLink": "https://www.sec.gov/Archives/edgar/data/17797/000132616013000009/form10k.htm"
  },
  {
    "date": "2012-09-30",
    "symbol": "DUK",
    "reportedCurrency": "USD",
    "cik": "0001326160",
    "fillingDate": "2012-11-08",
    "acceptedDate": "2012-11-08 14:35:56",
    "calendarYear": "2012",
    "period": "Q3",
    "revenue": 6722000000,
    "costOfRevenue": 4400000000,
    "grossProfit": 2322000000,
    "grossProfitRatio": 0.3454329069,
    "researchAndDevelopmentExpenses": 0,
    "generalAndAdministrativeExpenses": 0,
    "sellingAndMarketingExpenses": 0,
    "sellingGeneralAndAdministrativeExpenses": 0,
    "otherExpenses": 1244000000,
    "operatingExpenses": 1244000000,
    "costAndExpenses": 5644000000,
    "interestIncome": 0,
    "interestExpense": 401000000,
    "depreciationAndAmortization": 788000000,
    "ebitda": 2031000000,
    "ebitdaratio": 0.3021422196,
    "operatingIncome": 1476000000,
    "operatingIncomeRatio": 0.2195775067,
    "totalOtherIncomeExpensesNet": -634000000,
    "incomeBeforeTax": 842000000,
    "incomeBeforeTaxRatio": 0.1252603392,
    "incomeTaxExpense": 248000000,
    "netIncome": 589000000,
    "netIncomeRatio": 0.0876227313,
    "eps": 0.85,
    "epsdiluted": 0.85,
    "weightedAverageShsOut": 699000000,
    "weightedAverageShsOutDil": 699000000,
    "link": "https://www.sec.gov/Archives/edgar/data/1326160/000132616012000010/0001326160-12-000010-index.htm",
    "finalLink": "https://www.sec.gov/Archives/edgar/data/20290/000132616012000010/form10q.htm"
  },
  {
    "date": "2012-06-30",
    "symbol": "DUK",
    "reportedCurrency": "USD",
    "cik": "0001326160",
    "fillingDate": "2012-08-08",
    "acceptedDate": "2012-08-08 16:16:53",
    "calendarYear": "2012",
    "period": "Q2",
    "revenue": 3577000000,
    "costOfRevenue": 2149000000,
    "grossProfit": 1428000000,
    "grossProfitRatio": 0.3992172211,
    "researchAndDevelopmentExpenses": 0,
    "generalAndAdministrativeExpenses": 0,
    "sellingAndMarketingExpenses": 0,
    "sellingGeneralAndAdministrativeExpenses": 0,
    "otherExpenses": 642000000,
    "operatingExpenses": 642000000,
    "costAndExpenses": 2791000000,
    "interestIncome": 0,
    "interestExpense": 232000000,
    "depreciationAndAmortization": 533000000,
    "ebitda": 1428000000,
    "ebitdaratio": 0.3992172211,
    "operatingIncome": 786000000,
    "operatingIncomeRatio": 0.21973721,
    "totalOtherIncomeExpensesNet": -123000000,
    "incomeBeforeTax": 663000000,
    "incomeBeforeTaxRatio": 0.1853508527,
    "incomeTaxExpense": 214000000,
    "netIncome": 444000000,
    "netIncomeRatio": 0.1241263629,
    "eps": 0.99,
    "epsdiluted": 0.99,
    "weightedAverageShsOut": 445999554,
    "weightedAverageShsOutDil": 445999554,
    "link": "https://www.sec.gov/Archives/edgar/data/1326160/000132616012000008/0001326160-12-000008-index.htm",
    "finalLink": "https://www.sec.gov/Archives/edgar/data/20290/000132616012000008/form10q.htm"
  },
  {
    "date": "2012-03-31",
    "symbol": "DUK",
    "reportedCurrency": "USD",
    "cik": "0001326160",
    "fillingDate": "2012-05-09",
    "acceptedDate": "2012-05-09 11:34:36",
    "calendarYear": "2012",
    "period": "Q1",
    "revenue": 3630000000,
    "costOfRevenue": 2073000000,
    "grossProfit": 1557000000,
    "grossProfitRatio": 0.4289256198,
    "researchAndDevelopmentExpenses": 0,
    "generalAndAdministrativeExpenses": 0,
    "sellingAndMarketingExpenses": 0,
    "sellingGeneralAndAdministrativeExpenses": 344000000,
    "otherExpenses": 718000000,
    "operatingExpenses": 1062000000,
    "costAndExpenses": 3135000000,
    "interestIncome": 0,
    "interestExpense": 224000000,
    "depreciationAndAmortization": 544000000,
    "ebitda": 1168000000,
    "ebitdaratio": 0.3217630854,
    "operatingIncome": 495000000,
    "operatingIncomeRatio": 0.1363636364,
    "totalOtherIncomeExpensesNet": -95000000,
    "incomeBeforeTax": 400000000,
    "incomeBeforeTaxRatio": 0.1101928375,
    "incomeTaxExpense": 103000000,
    "netIncome": 295000000,
    "netIncomeRatio": 0.0812672176,
    "eps": 0.66,
    "epsdiluted": 0.66,
    "weightedAverageShsOut": 446000000,
    "weightedAverageShsOutDil": 446000000,
    "link": "https://www.sec.gov/Archives/edgar/data/1326160/000119312512220901/0001193125-12-220901-index.htm",
    "finalLink": "https://www.sec.gov/Archives/edgar/data/20290/000119312512220901/d328186d10q.htm"
  },
  {
    "date": "2011-12-31",
    "symbol": "DUK",
    "reportedCurrency": "USD",
    "cik": "0001326160",
    "fillingDate": "2012-02-28",
    "acceptedDate": "2012-02-28 16:47:30",
    "calendarYear": "2011",
    "period": "Q4",
    "revenue": 3368000000,
    "costOfRevenue": 1133000000,
    "grossProfit": 2235000000,
    "grossProfitRatio": 0.6635985748,
    "researchAndDevelopmentExpenses": 0,
    "generalAndAdministrativeExpenses": 0,
    "sellingAndMarketingExpenses": 0,
    "sellingGeneralAndAdministrativeExpenses": 0,
    "otherExpenses": 1718000000,
    "operatingExpenses": 1718000000,
    "costAndExpenses": 2851000000,
    "interestIncome": 0,
    "interestExpense": 224000000,
    "depreciationAndAmortization": 518000000,
    "ebitda": 1151000000,
    "ebitdaratio": 0.3417458432,
    "operatingIncome": 517000000,
    "operatingIncomeRatio": 0.1535035629,
    "totalOtherIncomeExpensesNet": -108000000,
    "incomeBeforeTax": 409000000,
    "incomeBeforeTaxRatio": 0.1214370546,
    "incomeTaxExpense": 119000000,
    "netIncome": 288000000,
    "netIncomeRatio": 0.0855106888,
    "eps": 0.65,
    "epsdiluted": 0.65,
    "weightedAverageShsOut": 444000000,
    "weightedAverageShsOutDil": 444333109,
    "link": "https://www.sec.gov/Archives/edgar/data/1326160/000119312512085533/0001193125-12-085533-index.htm",
    "finalLink": "https://www.sec.gov/Archives/edgar/data/20290/000119312512085533/d265218d10k.htm"
  },
  {
    "date": "2011-09-30",
    "symbol": "DUK",
    "reportedCurrency": "USD",
    "cik": "0001326160",
    "fillingDate": "2011-11-08",
    "acceptedDate": "2011-11-08 14:03:00",
    "calendarYear": "2011",
    "period": "Q3",
    "revenue": 3964000000,
    "costOfRevenue": 1388000000,
    "grossProfit": 2576000000,
    "grossProfitRatio": 0.6498486377,
    "researchAndDevelopmentExpenses": 0,
    "generalAndAdministrativeExpenses": 0,
    "sellingAndMarketingExpenses": 0,
    "sellingGeneralAndAdministrativeExpenses": 0,
    "otherExpenses": 1809000000,
    "operatingExpenses": 1809000000,
    "costAndExpenses": 3197000000,
    "interestIncome": 0,
    "interestExpense": 213000000,
    "depreciationAndAmortization": 517000000,
    "ebitda": 1407000000,
    "ebitdaratio": 0.3549445005,
    "operatingIncome": 767000000,
    "operatingIncomeRatio": 0.1934914228,
    "totalOtherIncomeExpensesNet": -90000000,
    "incomeBeforeTax": 677000000,
    "incomeBeforeTaxRatio": 0.1707870838,
    "incomeTaxExpense": 208000000,
    "netIncome": 472000000,
    "netIncomeRatio": 0.1190716448,
    "eps": 1.05,
    "epsdiluted": 1.05,
    "weightedAverageShsOut": 444000000,
    "weightedAverageShsOutDil": 444332889,
    "link": "https://www.sec.gov/Archives/edgar/data/1326160/000119312511301773/0001193125-11-301773-index.htm",
    "finalLink": "https://www.sec.gov/Archives/edgar/data/20290/000119312511301773/d232037d10q.htm"
  },
  {
    "date": "2011-06-30",
    "symbol": "DUK",
    "reportedCurrency": "USD",
    "cik": "0001326160",
    "fillingDate": "2011-08-08",
    "acceptedDate": "2011-08-08 13:56:06",
    "calendarYear": "2011",
    "period": "Q2",
    "revenue": 3534000000,
    "costOfRevenue": 1285000000,
    "grossProfit": 2249000000,
    "grossProfitRatio": 0.6363893605,
    "researchAndDevelopmentExpenses": 0,
    "generalAndAdministrativeExpenses": 0,
    "sellingAndMarketingExpenses": 0,
    "sellingGeneralAndAdministrativeExpenses": 0,
    "otherExpenses": 1570000000,
    "operatingExpenses": 1570000000,
    "costAndExpenses": 2855000000,
    "interestIncome": 0,
    "interestExpense": 203000000,
    "depreciationAndAmortization": 487000000,
    "ebitda": 1323000000,
    "ebitdaratio": 0.3743633277,
    "operatingIncome": 679000000,
    "operatingIncomeRatio": 0.1921335597,
    "totalOtherIncomeExpensesNet": -46000000,
    "incomeBeforeTax": 633000000,
    "incomeBeforeTaxRatio": 0.1791171477,
    "incomeTaxExpense": 192000000,
    "netIncome": 435000000,
    "netIncomeRatio": 0.123089983,
    "eps": 0.98,
    "epsdiluted": 0.98,
    "weightedAverageShsOut": 443999556,
    "weightedAverageShsOutDil": 444043960,
    "link": "https://www.sec.gov/Archives/edgar/data/1326160/000119312511213908/0001193125-11-213908-index.htm",
    "finalLink": "https://www.sec.gov/Archives/edgar/data/20290/000119312511213908/d10q.htm"
  },
  {
    "date": "2011-03-31",
    "symbol": "DUK",
    "reportedCurrency": "USD",
    "cik": "0001326160",
    "fillingDate": "2011-05-09",
    "acceptedDate": "2011-05-09 13:41:45",
    "calendarYear": "2011",
    "period": "Q1",
    "revenue": 3663000000,
    "costOfRevenue": 1339000000,
    "grossProfit": 2324000000,
    "grossProfitRatio": 0.6344526345,
    "researchAndDevelopmentExpenses": 0,
    "generalAndAdministrativeExpenses": 0,
    "sellingAndMarketingExpenses": 0,
    "sellingGeneralAndAdministrativeExpenses": 0,
    "otherExpenses": 1520000000,
    "operatingExpenses": 1520000000,
    "costAndExpenses": 2859000000,
    "interestIncome": 0,
    "interestExpense": 219000000,
    "depreciationAndAmortization": 504000000,
    "ebitda": 1469000000,
    "ebitdaratio": 0.401037401,
    "operatingIncome": 804000000,
    "operatingIncomeRatio": 0.2194922195,
    "totalOtherIncomeExpensesNet": -58000000,
    "incomeBeforeTax": 746000000,
    "incomeBeforeTaxRatio": 0.2036582037,
    "incomeTaxExpense": 233000000,
    "netIncome": 511000000,
    "netIncomeRatio": 0.1395031395,
    "eps": 1.14,
    "epsdiluted": 1.14,
    "weightedAverageShsOut": 443332890,
    "weightedAverageShsOutDil": 443666223,
    "link": "https://www.sec.gov/Archives/edgar/data/1326160/000119312511132025/0001193125-11-132025-index.htm",
    "finalLink": "https://www.sec.gov/Archives/edgar/data/20290/000119312511132025/d10q.htm"
  },
  {
    "date": "2010-12-31",
    "symbol": "DUK",
    "reportedCurrency": "USD",
    "cik": "0001326160",
    "fillingDate": "2011-02-25",
    "acceptedDate": "2011-02-25 14:57:55",
    "calendarYear": "2010",
    "period": "Q4",
    "revenue": 3445000000,
    "costOfRevenue": 1160000000,
    "grossProfit": 2285000000,
    "grossProfitRatio": 0.6632801161,
    "researchAndDevelopmentExpenses": 0,
    "generalAndAdministrativeExpenses": 0,
    "sellingAndMarketingExpenses": 0,
    "sellingGeneralAndAdministrativeExpenses": 0,
    "otherExpenses": 1604000000,
    "operatingExpenses": 1604000000,
    "costAndExpenses": 2764000000,
    "interestIncome": 0,
    "interestExpense": 216000000,
    "depreciationAndAmortization": 513000000,
    "ebitda": 1403000000,
    "ebitdaratio": 0.407256894,
    "operatingIncome": 681000000,
    "operatingIncomeRatio": 0.1976777939,
    "totalOtherIncomeExpensesNet": -7000000,
    "incomeBeforeTax": 674000000,
    "incomeBeforeTaxRatio": 0.1956458636,
    "incomeTaxExpense": 247000000,
    "netIncome": 427000000,
    "netIncomeRatio": 0.1239477504,
    "eps": 0.97,
    "epsdiluted": 0.97,
    "weightedAverageShsOut": 441333109,
    "weightedAverageShsOutDil": 441833112,
    "link": "https://www.sec.gov/Archives/edgar/data/1326160/000119312511047229/0001193125-11-047229-index.htm",
    "finalLink": "https://www.sec.gov/Archives/edgar/data/20290/000119312511047229/d10k.htm"
  },
  {
    "date": "2010-09-30",
    "symbol": "DUK",
    "reportedCurrency": "USD",
    "cik": "0001326160",
    "fillingDate": "2010-11-05",
    "acceptedDate": "2010-11-05 13:06:33",
    "calendarYear": "2010",
    "period": "Q3",
    "revenue": 3946000000,
    "costOfRevenue": 1361000000,
    "grossProfit": 2585000000,
    "grossProfitRatio": 0.6550937658,
    "researchAndDevelopmentExpenses": 0,
    "generalAndAdministrativeExpenses": 0,
    "sellingAndMarketingExpenses": 0,
    "sellingGeneralAndAdministrativeExpenses": 0,
    "otherExpenses": 1552000000,
    "operatingExpenses": 1552000000,
    "costAndExpenses": 2913000000,
    "interestIncome": 0,
    "interestExpense": 202000000,
    "depreciationAndAmortization": 502000000,
    "ebitda": 1671000000,
    "ebitdaratio": 0.4234668018,
    "operatingIncome": 1033000000,
    "operatingIncomeRatio": 0.2617840851,
    "totalOtherIncomeExpensesNet": -66000000,
    "incomeBeforeTax": 967000000,
    "incomeBeforeTaxRatio": 0.2450582869,
    "incomeTaxExpense": 301000000,
    "netIncome": 670000000,
    "netIncomeRatio": 0.1697921946,
    "eps": 1.53,
    "epsdiluted": 1.53,
    "weightedAverageShsOut": 439999560,
    "weightedAverageShsOutDil": 440666226,
    "link": "https://www.sec.gov/Archives/edgar/data/1326160/000119312510249670/0001193125-10-249670-index.htm",
    "finalLink": "https://www.sec.gov/Archives/edgar/data/20290/000119312510249670/d10q.htm"
  },
  {
    "date": "2010-06-30",
    "symbol": "DUK",
    "reportedCurrency": "USD",
    "cik": "0001326160",
    "fillingDate": "2010-08-06",
    "acceptedDate": "2010-08-06 15:11:16",
    "calendarYear": "2010",
    "period": "Q2",
    "revenue": 3287000000,
    "costOfRevenue": 1117000000,
    "grossProfit": 2170000000,
    "grossProfitRatio": 0.6601764527,
    "researchAndDevelopmentExpenses": 0,
    "generalAndAdministrativeExpenses": 0,
    "sellingAndMarketingExpenses": 0,
    "sellingGeneralAndAdministrativeExpenses": 0,
    "otherExpenses": 2184000000,
    "operatingExpenses": 2184000000,
    "costAndExpenses": 3301000000,
    "interestIncome": 0,
    "interestExpense": 212000000,
    "depreciationAndAmortization": 473000000,
    "ebitda": 583000000,
    "ebitdaratio": 0.1773653788,
    "operatingIncome": -14000000,
    "operatingIncomeRatio": -0.0042592029,
    "totalOtherIncomeExpensesNet": -88000000,
    "incomeBeforeTax": -102000000,
    "incomeBeforeTaxRatio": -0.0310313356,
    "incomeTaxExpense": 116000000,
    "netIncome": -222000000,
    "netIncomeRatio": -0.0675387892,
    "eps": -0.51,
    "epsdiluted": -0.51,
    "weightedAverageShsOut": 437999562,
    "weightedAverageShsOutDil": 437999562,
    "link": "https://www.sec.gov/Archives/edgar/data/1326160/000119312510181227/0001193125-10-181227-index.htm",
    "finalLink": "https://www.sec.gov/Archives/edgar/data/20290/000119312510181227/d10q.htm"
  },
  {
    "date": "2010-03-31",
    "symbol": "DUK",
    "reportedCurrency": "USD",
    "cik": "0001326160",
    "fillingDate": "2010-05-07",
    "acceptedDate": "2010-05-07 15:18:31",
    "calendarYear": "2010",
    "period": "Q1",
    "revenue": 3594000000,
    "costOfRevenue": 1287000000,
    "grossProfit": 2307000000,
    "grossProfitRatio": 0.641903172,
    "researchAndDevelopmentExpenses": 0,
    "generalAndAdministrativeExpenses": 0,
    "sellingAndMarketingExpenses": 0,
    "sellingGeneralAndAdministrativeExpenses": 0,
    "otherExpenses": 1546000000,
    "operatingExpenses": 1546000000,
    "costAndExpenses": 2833000000,
    "interestIncome": 0,
    "interestExpense": 210000000,
    "depreciationAndAmortization": 506000000,
    "ebitda": 1387000000,
    "ebitdaratio": 0.3859209794,
    "operatingIncome": 761000000,
    "operatingIncomeRatio": 0.2117417919,
    "totalOtherIncomeExpensesNet": -90000000,
    "incomeBeforeTax": 671000000,
    "incomeBeforeTaxRatio": 0.1867000556,
    "incomeTaxExpense": 226000000,
    "netIncome": 445000000,
    "netIncomeRatio": 0.1238174736,
    "eps": 1.02,
    "epsdiluted": 1.02,
    "weightedAverageShsOut": 436666230,
    "weightedAverageShsOutDil": 436999563,
    "link": "https://www.sec.gov/Archives/edgar/data/1326160/000119312510112744/0001193125-10-112744-index.htm",
    "finalLink": "https://www.sec.gov/Archives/edgar/data/20290/000119312510112744/d10q.htm"
  },
  {
    "date": "2009-12-31",
    "symbol": "DUK",
    "reportedCurrency": "USD",
    "cik": "0001326160",
    "fillingDate": "2010-02-26",
    "acceptedDate": "2010-02-26 16:59:55",
    "calendarYear": "2009",
    "period": "Q4",
    "revenue": 3110000000,
    "costOfRevenue": 1104000000,
    "grossProfit": 2006000000,
    "grossProfitRatio": 0.6450160772,
    "researchAndDevelopmentExpenses": 0,
    "generalAndAdministrativeExpenses": 0,
    "sellingAndMarketingExpenses": 0,
    "sellingGeneralAndAdministrativeExpenses": 4000000,
    "otherExpenses": 1407000000,
    "operatingExpenses": 1411000000,
    "costAndExpenses": 2515000000,
    "interestIncome": 77000000,
    "interestExpense": 191000000,
    "depreciationAndAmortization": 451000000,
    "ebitda": 1136000000,
    "ebitdaratio": 0.3652733119,
    "operatingIncome": 595000000,
    "operatingIncomeRatio": 0.191318328,
    "totalOtherIncomeExpensesNet": -101000000,
    "incomeBeforeTax": 494000000,
    "incomeBeforeTaxRatio": 0.1588424437,
    "incomeTaxExpense": 158000000,
    "netIncome": 346000000,
    "netIncomeRatio": 0.1112540193,
    "eps": 0.8,
    "epsdiluted": 0.8,
    "weightedAverageShsOut": 431999781,
    "weightedAverageShsOutDil": 432333115,
    "link": "https://www.sec.gov/Archives/edgar/data/1326160/000119312510043083/0001193125-10-043083-index.htm",
    "finalLink": "https://www.sec.gov/Archives/edgar/data/1326160/000119312510043083/d10k.htm"
  },
  {
    "date": "2009-09-30",
    "symbol": "DUK",
    "reportedCurrency": "USD",
    "cik": "0001326160",
    "fillingDate": "2009-11-06",
    "acceptedDate": "2009-11-06 14:15:46",
    "calendarYear": "2009",
    "period": "Q3",
    "revenue": 3396000000,
    "costOfRevenue": 1138000000,
    "grossProfit": 2258000000,
    "grossProfitRatio": 0.6648998822,
    "researchAndDevelopmentExpenses": 0,
    "generalAndAdministrativeExpenses": 0,
    "sellingAndMarketingExpenses": 0,
    "sellingGeneralAndAdministrativeExpenses": 0,
    "otherExpenses": 1813000000,
    "operatingExpenses": 1813000000,
    "costAndExpenses": 2951000000,
    "interestIncome": 0,
    "interestExpense": 190000000,
    "depreciationAndAmortization": 478000000,
    "ebitda": 1019000000,
    "ebitdaratio": 0.3000588928,
    "operatingIncome": 445000000,
    "operatingIncomeRatio": 0.1310365135,
    "totalOtherIncomeExpensesNet": -94000000,
    "incomeBeforeTax": 351000000,
    "incomeBeforeTaxRatio": 0.1033568905,
    "incomeTaxExpense": 244000000,
    "netIncome": 109000000,
    "netIncomeRatio": 0.0320965842,
    "eps": 0.24,
    "epsdiluted": 0.24,
    "weightedAverageShsOut": 432999567,
    "weightedAverageShsOutDil": 433332900,
    "link": "https://www.sec.gov/Archives/edgar/data/1326160/000119312509227231/0001193125-09-227231-index.htm",
    "finalLink": "https://www.sec.gov/Archives/edgar/data/1326160/000119312509227231/d10q.htm"
  },
  {
    "date": "2009-06-30",
    "symbol": "DUK",
    "reportedCurrency": "USD",
    "cik": "0001326160",
    "fillingDate": "2009-08-07",
    "acceptedDate": "2009-08-07 11:58:51",
    "calendarYear": "2009",
    "period": "Q2",
    "revenue": 2913000000,
    "costOfRevenue": 983000000,
    "grossProfit": 1930000000,
    "grossProfitRatio": 0.6625472022,
    "researchAndDevelopmentExpenses": 0,
    "generalAndAdministrativeExpenses": 0,
    "sellingAndMarketingExpenses": 0,
    "sellingGeneralAndAdministrativeExpenses": 0,
    "otherExpenses": 1402000000,
    "operatingExpenses": 1402000000,
    "costAndExpenses": 2385000000,
    "interestIncome": 0,
    "interestExpense": 186000000,
    "depreciationAndAmortization": 454000000,
    "ebitda": 1101000000,
    "ebitdaratio": 0.3779608651,
    "operatingIncome": 528000000,
    "operatingIncomeRatio": 0.1812564367,
    "totalOtherIncomeExpensesNet": -67000000,
    "incomeBeforeTax": 461000000,
    "incomeBeforeTaxRatio": 0.1582560934,
    "incomeTaxExpense": 177000000,
    "netIncome": 276000000,
    "netIncomeRatio": 0.0947476828,
    "eps": 0.63,
    "epsdiluted": 0.63,
    "weightedAverageShsOut": 429332904,
    "weightedAverageShsOutDil": 429666237,
    "link": "https://www.sec.gov/Archives/edgar/data/1326160/000119312509168607/0001193125-09-168607-index.htm",
    "finalLink": "https://www.sec.gov/Archives/edgar/data/1326160/000119312509168607/d10q.htm"
  },
  {
    "date": "2009-03-31",
    "symbol": "DUK",
    "reportedCurrency": "USD",
    "cik": "0001326160",
    "fillingDate": "2009-05-08",
    "acceptedDate": "2009-05-08 12:19:41",
    "calendarYear": "2009",
    "period": "Q1",
    "revenue": 3312000000,
    "costOfRevenue": 1219000000,
    "grossProfit": 2093000000,
    "grossProfitRatio": 0.6319444444,
    "researchAndDevelopmentExpenses": 0,
    "generalAndAdministrativeExpenses": 0,
    "sellingAndMarketingExpenses": 0,
    "sellingGeneralAndAdministrativeExpenses": 0,
    "otherExpenses": 1412000000,
    "operatingExpenses": 1412000000,
    "costAndExpenses": 2631000000,
    "interestIncome": 0,
    "interestExpense": 184000000,
    "depreciationAndAmortization": 463000000,
    "ebitda": 1172000000,
    "ebitdaratio": 0.3538647343,
    "operatingIncome": 681000000,
    "operatingIncomeRatio": 0.205615942,
    "totalOtherIncomeExpensesNet": -156000000,
    "incomeBeforeTax": 525000000,
    "incomeBeforeTaxRatio": 0.1585144928,
    "incomeTaxExpense": 179000000,
    "netIncome": 344000000,
    "netIncomeRatio": 0.1038647343,
    "eps": 0.81,
    "epsdiluted": 0.81,
    "weightedAverageShsOut": 427332906,
    "weightedAverageShsOutDil": 427666239,
    "link": "https://www.sec.gov/Archives/edgar/data/1326160/000119312509104930/0001193125-09-104930-index.htm",
    "finalLink": "https://www.sec.gov/Archives/edgar/data/1326160/000119312509104930/d10q.htm"
  },
  {
    "date": "2008-12-31",
    "symbol": "DUK",
    "reportedCurrency": "USD",
    "cik": "0001326160",
    "fillingDate": "2009-02-27",
    "acceptedDate": "2009-02-27 16:48:05",
    "calendarYear": "2008",
    "period": "Q4",
    "revenue": 3133000000,
    "costOfRevenue": 1252000000,
    "grossProfit": 1881000000,
    "grossProfitRatio": 0.6003830195,
    "researchAndDevelopmentExpenses": 0,
    "generalAndAdministrativeExpenses": 0,
    "sellingAndMarketingExpenses": 0,
    "sellingGeneralAndAdministrativeExpenses": 0,
    "otherExpenses": 1406000000,
    "operatingExpenses": 1406000000,
    "costAndExpenses": 2658000000,
    "interestIncome": 0,
    "interestExpense": 0,
    "depreciationAndAmortization": 447000000,
    "ebitda": 922000000,
    "ebitdaratio": 0.2942866262,
    "operatingIncome": 475000000,
    "operatingIncomeRatio": 0.1516118736,
    "totalOtherIncomeExpensesNet": -118000000,
    "incomeBeforeTax": 357000000,
    "incomeBeforeTaxRatio": 0.1139482924,
    "incomeTaxExpense": 95000000,
    "netIncome": 331000000,
    "netIncomeRatio": 0.1056495372,
    "eps": 0.78,
    "epsdiluted": 0.78,
    "weightedAverageShsOut": 421666245,
    "weightedAverageShsOutDil": 422332911,
    "link": "https://www.sec.gov/Archives/edgar/data/1326160/000119312509041096/0001193125-09-041096-index.htm",
    "finalLink": "https://www.sec.gov/Archives/edgar/data/1326160/000119312509041096/d10k.htm"
  },
  {
    "date": "2008-09-30",
    "symbol": "DUK",
    "reportedCurrency": "USD",
    "cik": "0001326160",
    "fillingDate": "2008-11-07",
    "acceptedDate": "2008-11-07 15:05:47",
    "calendarYear": "2008",
    "period": "Q3",
    "revenue": 3508000000,
    "costOfRevenue": 1411000000,
    "grossProfit": 2097000000,
    "grossProfitRatio": 0.5977765108,
    "researchAndDevelopmentExpenses": 0,
    "generalAndAdministrativeExpenses": 0,
    "sellingAndMarketingExpenses": 0,
    "sellingGeneralAndAdministrativeExpenses": 0,
    "otherExpenses": 1520000000,
    "operatingExpenses": 1520000000,
    "costAndExpenses": 2931000000,
    "interestIncome": 0,
    "interestExpense": 176000000,
    "depreciationAndAmortization": 479000000,
    "ebitda": 1001000000,
    "ebitdaratio": 0.2853477765,
    "operatingIncome": 577000000,
    "operatingIncomeRatio": 0.1644811859,
    "totalOtherIncomeExpensesNet": -231000000,
    "incomeBeforeTax": 346000000,
    "incomeBeforeTaxRatio": 0.098631699,
    "incomeTaxExpense": 132000000,
    "netIncome": 215000000,
    "netIncomeRatio": 0.0612884835,
    "eps": 0.51,
    "epsdiluted": 0.51,
    "weightedAverageShsOut": 421666245,
    "weightedAverageShsOutDil": 422332911,
    "link": "https://www.sec.gov/Archives/edgar/data/1326160/000119312508229845/0001193125-08-229845-index.htm",
    "finalLink": "https://www.sec.gov/Archives/edgar/data/1326160/000119312508229845/d10q.htm"
  },
  {
    "date": "2008-06-30",
    "symbol": "DUK",
    "reportedCurrency": "USD",
    "cik": "0001326160",
    "fillingDate": "2008-08-11",
    "acceptedDate": "2008-08-08 18:00:12",
    "calendarYear": "2008",
    "period": "Q2",
    "revenue": 3229000000,
    "costOfRevenue": 1126000000,
    "grossProfit": 2103000000,
    "grossProfitRatio": 0.6512852276,
    "researchAndDevelopmentExpenses": 0,
    "generalAndAdministrativeExpenses": 0,
    "sellingAndMarketingExpenses": 0,
    "sellingGeneralAndAdministrativeExpenses": 0,
    "otherExpenses": 1420000000,
    "operatingExpenses": 1420000000,
    "costAndExpenses": 2546000000,
    "interestIncome": 0,
    "interestExpense": 194000000,
    "depreciationAndAmortization": 456000000,
    "ebitda": 1153000000,
    "ebitdaratio": 0.3570764943,
    "operatingIncome": 683000000,
    "operatingIncomeRatio": 0.2115205946,
    "totalOtherIncomeExpensesNet": -180000000,
    "incomeBeforeTax": 503000000,
    "incomeBeforeTaxRatio": 0.155775782,
    "incomeTaxExpense": 167000000,
    "netIncome": 351000000,
    "netIncomeRatio": 0.1087023846,
    "eps": 0.84,
    "epsdiluted": 0.84,
    "weightedAverageShsOut": 421332912,
    "weightedAverageShsOutDil": 421999578,
    "link": "https://www.sec.gov/Archives/edgar/data/1326160/000119312508172193/0001193125-08-172193-index.htm",
    "finalLink": "https://www.sec.gov/Archives/edgar/data/1326160/000119312508172193/d10q.htm"
  },
  {
    "date": "2008-03-31",
    "symbol": "DUK",
    "reportedCurrency": "USD",
    "cik": "0001326160",
    "fillingDate": "2008-05-09",
    "acceptedDate": "2008-05-09 17:14:48",
    "calendarYear": "2008",
    "period": "Q1",
    "revenue": 3337000000,
    "costOfRevenue": 1231000000,
    "grossProfit": 2106000000,
    "grossProfitRatio": 0.6311057836,
    "researchAndDevelopmentExpenses": 0,
    "generalAndAdministrativeExpenses": 0,
    "sellingAndMarketingExpenses": 0,
    "sellingGeneralAndAdministrativeExpenses": 0,
    "otherExpenses": 1355000000,
    "operatingExpenses": 1355000000,
    "costAndExpenses": 2586000000,
    "interestIncome": 0,
    "interestExpense": 182000000,
    "depreciationAndAmortization": 452000000,
    "ebitda": 1320000000,
    "ebitdaratio": 0.3955648786,
    "operatingIncome": 751000000,
    "operatingIncomeRatio": 0.2250524423,
    "totalOtherIncomeExpensesNet": -66000000,
    "incomeBeforeTax": 686000000,
    "incomeBeforeTaxRatio": 0.2055738687,
    "incomeTaxExpense": 222000000,
    "netIncome": 465000000,
    "netIncomeRatio": 0.1393467186,
    "eps": 1.11,
    "epsdiluted": 1.11,
    "weightedAverageShsOut": 421999578,
    "weightedAverageShsOutDil": 422666244,
    "link": "https://www.sec.gov/Archives/edgar/data/1326160/000119312508109997/0001193125-08-109997-index.htm",
    "finalLink": "https://www.sec.gov/Archives/edgar/data/1326160/000119312508109997/d10q.htm"
  },
  {
    "date": "2007-12-31",
    "symbol": "DUK",
    "reportedCurrency": "USD",
    "cik": "0001326160",
    "fillingDate": "2008-02-29",
    "acceptedDate": "2008-02-29 17:09:31",
    "calendarYear": "2007",
    "period": "Q4",
    "revenue": 2771000000,
    "costOfRevenue": 767000000,
    "grossProfit": 2004000000,
    "grossProfitRatio": 0.7232046193,
    "researchAndDevelopmentExpenses": 0,
    "generalAndAdministrativeExpenses": 0,
    "sellingAndMarketingExpenses": 0,
    "sellingGeneralAndAdministrativeExpenses": 218920000000,
    "otherExpenses": -217488000000,
    "operatingExpenses": 1432000000,
    "costAndExpenses": 2199000000,
    "interestIncome": 0,
    "interestExpense": 0,
    "depreciationAndAmortization": 394000000,
    "ebitda": 966000000,
    "ebitdaratio": 0.3486106099,
    "operatingIncome": 572000000,
    "operatingIncomeRatio": 0.2064236738,
    "totalOtherIncomeExpensesNet": -48000000,
    "incomeBeforeTax": 524000000,
    "incomeBeforeTaxRatio": 0.1891014074,
    "incomeTaxExpense": 265000000,
    "netIncome": 243000000,
    "netIncomeRatio": 0.0876939733,
    "eps": 0.57,
    "epsdiluted": 0.57,
    "weightedAverageShsOut": 420999579,
    "weightedAverageShsOutDil": 420999579,
    "link": "https://www.sec.gov/Archives/edgar/data/1326160/000119312508043884/0001193125-08-043884-index.htm",
    "finalLink": "https://www.sec.gov/Archives/edgar/data/1326160/000119312508043884/d10k.htm"
  },
  {
    "date": "2007-09-30",
    "symbol": "DUK",
    "reportedCurrency": "USD",
    "cik": "0001326160",
    "fillingDate": "2007-11-09",
    "acceptedDate": "2007-11-09 17:24:15",
    "calendarYear": "2007",
    "period": "Q3",
    "revenue": 3688000000,
    "costOfRevenue": 1329000000,
    "grossProfit": 2359000000,
    "grossProfitRatio": 0.6396420824,
    "researchAndDevelopmentExpenses": 0,
    "generalAndAdministrativeExpenses": 0,
    "sellingAndMarketingExpenses": 0,
    "sellingGeneralAndAdministrativeExpenses": 33000000,
    "otherExpenses": 1396000000,
    "operatingExpenses": 1429000000,
    "costAndExpenses": 2758000000,
    "interestIncome": 0,
    "interestExpense": 0,
    "depreciationAndAmortization": 546000000,
    "ebitda": 1476000000,
    "ebitdaratio": 0.4002169197,
    "operatingIncome": 888000000,
    "operatingIncomeRatio": 0.2407809111,
    "totalOtherIncomeExpensesNet": -54000000,
    "incomeBeforeTax": 834000000,
    "incomeBeforeTaxRatio": 0.2261388286,
    "incomeTaxExpense": 304000000,
    "netIncome": 607000000,
    "netIncomeRatio": 0.1645878525,
    "eps": 1.44,
    "epsdiluted": 1.44,
    "weightedAverageShsOut": 419999580,
    "weightedAverageShsOutDil": 421666245,
    "link": "https://www.sec.gov/Archives/edgar/data/1326160/000119312507242697/0001193125-07-242697-index.htm",
    "finalLink": "https://www.sec.gov/Archives/edgar/data/1326160/000119312507242697/d10q.htm"
  },
  {
    "date": "2007-06-30",
    "symbol": "DUK",
    "reportedCurrency": "USD",
    "cik": "0001326160",
    "fillingDate": "2007-08-09",
    "acceptedDate": "2007-08-09 17:11:51",
    "calendarYear": "2007",
    "period": "Q2",
    "revenue": 2966000000,
    "costOfRevenue": 1051000000,
    "grossProfit": 1915000000,
    "grossProfitRatio": 0.645650708,
    "researchAndDevelopmentExpenses": 0,
    "generalAndAdministrativeExpenses": 0,
    "sellingAndMarketingExpenses": 0,
    "sellingGeneralAndAdministrativeExpenses": 23000000,
    "otherExpenses": 1402000000,
    "operatingExpenses": 1425000000,
    "costAndExpenses": 2476000000,
    "interestIncome": 0,
    "interestExpense": 0,
    "depreciationAndAmortization": 487000000,
    "ebitda": 977000000,
    "ebitdaratio": 0.3293998651,
    "operatingIncome": 462000000,
    "operatingIncomeRatio": 0.1557653405,
    "totalOtherIncomeExpensesNet": -40000000,
    "incomeBeforeTax": 422000000,
    "incomeBeforeTaxRatio": 0.1422791639,
    "incomeTaxExpense": 152000000,
    "netIncome": 293000000,
    "netIncomeRatio": 0.0987862441,
    "eps": 0.69,
    "epsdiluted": 0.69,
    "weightedAverageShsOut": 419999580,
    "weightedAverageShsOutDil": 422332911,
    "link": "https://www.sec.gov/Archives/edgar/data/1326160/000119312507177636/0001193125-07-177636-index.htm",
    "finalLink": "https://www.sec.gov/Archives/edgar/data/1326160/000119312507177636/d10q.htm"
  },
  {
    "date": "2007-03-31",
    "symbol": "DUK",
    "reportedCurrency": "USD",
    "cik": "0001326160",
    "fillingDate": "2007-05-10",
    "acceptedDate": "2007-05-10 16:37:14",
    "calendarYear": "2007",
    "period": "Q1",
    "revenue": 3035000000,
    "costOfRevenue": 1080000000,
    "grossProfit": 1955000000,
    "grossProfitRatio": 0.6441515651,
    "researchAndDevelopmentExpenses": 0,
    "generalAndAdministrativeExpenses": 0,
    "sellingAndMarketingExpenses": 0,
    "sellingGeneralAndAdministrativeExpenses": 21000000,
    "otherExpenses": 1335000000,
    "operatingExpenses": 1356000000,
    "costAndExpenses": 2436000000,
    "interestIncome": 0,
    "interestExpense": 0,
    "depreciationAndAmortization": 461000000,
    "ebitda": 1060000000,
    "ebitdaratio": 0.3492586491,
    "operatingIncome": 566000000,
    "operatingIncomeRatio": 0.186490939,
    "totalOtherIncomeExpensesNet": -112000000,
    "incomeBeforeTax": 454000000,
    "incomeBeforeTaxRatio": 0.1495881384,
    "incomeTaxExpense": 139000000,
    "netIncome": 357000000,
    "netIncomeRatio": 0.1176276771,
    "eps": 0.84,
    "epsdiluted": 0.84,
    "weightedAverageShsOut": 418999581,
    "weightedAverageShsOutDil": 422666244,
    "link": "https://www.sec.gov/Archives/edgar/data/1326160/000119312507110338/0001193125-07-110338-index.htm",
    "finalLink": "https://www.sec.gov/Archives/edgar/data/1326160/000119312507110338/d10q.htm"
  },
  {
    "date": "2006-12-31",
    "symbol": "DUK",
    "reportedCurrency": "USD",
    "cik": "0001326160",
    "fillingDate": "2007-03-01",
    "acceptedDate": "2007-03-01 17:26:53",
    "calendarYear": "2006",
    "period": "Q4",
    "revenue": 3836000000,
    "costOfRevenue": 1346000000,
    "grossProfit": 2490000000,
    "grossProfitRatio": 0.6491136601,
    "researchAndDevelopmentExpenses": 0,
    "generalAndAdministrativeExpenses": 0,
    "sellingAndMarketingExpenses": 0,
    "sellingGeneralAndAdministrativeExpenses": 218920000000,
    "otherExpenses": -216822000000,
    "operatingExpenses": 2098000000,
    "costAndExpenses": 3444000000,
    "interestIncome": 0,
    "interestExpense": 0,
    "depreciationAndAmortization": 563000000,
    "ebitda": 955000000,
    "ebitdaratio": 0.2489572471,
    "operatingIncome": 392000000,
    "operatingIncomeRatio": 0.102189781,
    "totalOtherIncomeExpensesNet": -23000000,
    "incomeBeforeTax": 369000000,
    "incomeBeforeTaxRatio": 0.096193952,
    "incomeTaxExpense": -12000000,
    "netIncome": 387000000,
    "netIncomeRatio": 0.1008863399,
    "eps": 0.9,
    "epsdiluted": 0.9,
    "weightedAverageShsOut": 418999581,
    "weightedAverageShsOutDil": 418999581,
    "link": "https://www.sec.gov/Archives/edgar/data/1326160/000119312507044568/0001193125-07-044568-index.htm",
    "finalLink": "https://www.sec.gov/Archives/edgar/data/1326160/000119312507044568/d10k.htm"
  },
  {
    "date": "2006-09-30",
    "symbol": "DUK",
    "reportedCurrency": "USD",
    "cik": "0001326160",
    "fillingDate": "2006-11-09",
    "acceptedDate": "2006-11-09 17:20:21",
    "calendarYear": "2006",
    "period": "Q3",
    "revenue": 3279000000,
    "costOfRevenue": 1164000000,
    "grossProfit": 2115000000,
    "grossProfitRatio": 0.6450137237,
    "researchAndDevelopmentExpenses": 0,
    "generalAndAdministrativeExpenses": 0,
    "sellingAndMarketingExpenses": 0,
    "sellingGeneralAndAdministrativeExpenses": 0,
    "otherExpenses": 1490000000,
    "operatingExpenses": 1490000000,
    "costAndExpenses": 2654000000,
    "interestIncome": 0,
    "interestExpense": 0,
    "depreciationAndAmortization": 610000000,
    "ebitda": 1235000000,
    "ebitdaratio": 0.3766392193,
    "operatingIncome": 625000000,
    "operatingIncomeRatio": 0.1906068923,
    "totalOtherIncomeExpensesNet": 166000000,
    "incomeBeforeTax": 791000000,
    "incomeBeforeTaxRatio": 0.241232083,
    "incomeTaxExpense": 310000000,
    "netIncome": 763000000,
    "netIncomeRatio": 0.2326928942,
    "eps": 1.83,
    "epsdiluted": 1.8,
    "weightedAverageShsOut": 417999582,
    "weightedAverageShsOutDil": 420999579,
    "link": "https://www.sec.gov/Archives/edgar/data/1326160/000119312506230622/0001193125-06-230622-index.htm",
    "finalLink": "https://www.sec.gov/Archives/edgar/data/1326160/000119312506230622/d10q.htm"
  },
  {
    "date": "2006-06-30",
    "symbol": "DUK",
    "reportedCurrency": "USD",
    "cik": "0001326160",
    "fillingDate": "2006-08-09",
    "acceptedDate": "2006-08-09 17:19:31",
    "calendarYear": "2006",
    "period": "Q2",
    "revenue": 2903000000,
    "costOfRevenue": 1083000000,
    "grossProfit": 1820000000,
    "grossProfitRatio": 0.6269376507,
    "researchAndDevelopmentExpenses": 0,
    "generalAndAdministrativeExpenses": 0,
    "sellingAndMarketingExpenses": 0,
    "sellingGeneralAndAdministrativeExpenses": 0,
    "otherExpenses": 1605000000,
    "operatingExpenses": 1605000000,
    "costAndExpenses": 2688000000,
    "interestIncome": 0,
    "interestExpense": 0,
    "depreciationAndAmortization": 604000000,
    "ebitda": 819000000,
    "ebitdaratio": 0.2821219428,
    "operatingIncome": 215000000,
    "operatingIncomeRatio": 0.0740613159,
    "totalOtherIncomeExpensesNet": 32000000,
    "incomeBeforeTax": 247000000,
    "incomeBeforeTaxRatio": 0.0850843955,
    "incomeTaxExpense": 51000000,
    "netIncome": 355000000,
    "netIncomeRatio": 0.122287289,
    "eps": 0.87,
    "epsdiluted": 0.84,
    "weightedAverageShsOut": 412666254,
    "weightedAverageShsOutDil": 419666247,
    "link": "https://www.sec.gov/Archives/edgar/data/1326160/000119312506167978/0001193125-06-167978-index.htm",
    "finalLink": "https://www.sec.gov/Archives/edgar/data/1326160/000119312506167978/d10q.htm"
  },
  {
    "date": "2006-03-31",
    "symbol": "DUK",
    "reportedCurrency": "USD",
    "cik": "0001326160",
    "fillingDate": "2006-05-10",
    "acceptedDate": "2006-05-09 21:03:43",
    "calendarYear": "2006",
    "period": "Q1",
    "revenue": 1620000000,
    "costOfRevenue": 388000000,
    "grossProfit": 1232000000,
    "grossProfitRatio": 0.7604938272,
    "researchAndDevelopmentExpenses": 0,
    "generalAndAdministrativeExpenses": 0,
    "sellingAndMarketingExpenses": 0,
    "sellingGeneralAndAdministrativeExpenses": 0,
    "otherExpenses": 894000000,
    "operatingExpenses": 894000000,
    "costAndExpenses": 1282000000,
    "interestIncome": 0,
    "interestExpense": 0,
    "depreciationAndAmortization": 438000000,
    "ebitda": 776000000,
    "ebitdaratio": 0.4790123457,
    "operatingIncome": 338000000,
    "operatingIncomeRatio": 0.2086419753,
    "totalOtherIncomeExpensesNet": -27000000,
    "incomeBeforeTax": 311000000,
    "incomeBeforeTaxRatio": 0.1919753086,
    "incomeTaxExpense": 108000000,
    "netIncome": 358000000,
    "netIncomeRatio": 0.2209876543,
    "eps": 1.17,
    "epsdiluted": 1.11,
    "weightedAverageShsOut": 309333024,
    "weightedAverageShsOutDil": 320999679,
    "link": "https://www.sec.gov/Archives/edgar/data/1326160/000119312506105941/0001193125-06-105941-index.htm",
    "finalLink": "https://www.sec.gov/Archives/edgar/data/1326160/000119312506105941/d10q.htm"
  },
  {
    "date": "2005-12-31",
    "symbol": "DUK",
    "reportedCurrency": "USD",
    "cik": "0001326160",
    "fillingDate": "2005-12-31",
    "acceptedDate": "2005-12-30 19:00:00",
    "calendarYear": "2005",
    "period": "Q4",
    "revenue": 3116000000,
    "costOfRevenue": 955000000,
    "grossProfit": 2161000000,
    "grossProfitRatio": 0.6935173299,
    "researchAndDevelopmentExpenses": 0,
    "generalAndAdministrativeExpenses": 0,
    "sellingAndMarketingExpenses": 0,
    "sellingGeneralAndAdministrativeExpenses": 0,
    "otherExpenses": 1592000000,
    "operatingExpenses": 1592000000,
    "costAndExpenses": 2547000000,
    "interestIncome": 0,
    "interestExpense": 0,
    "depreciationAndAmortization": 421000000,
    "ebitda": 990000000,
    "ebitdaratio": 0.3177150193,
    "operatingIncome": 569000000,
    "operatingIncomeRatio": 0.182605905,
    "totalOtherIncomeExpensesNet": 40000000,
    "incomeBeforeTax": 609000000,
    "incomeBeforeTaxRatio": 0.1954428755,
    "incomeTaxExpense": 188000000,
    "netIncome": 606000000,
    "netIncomeRatio": 0.1944801027,
    "eps": 7.77,
    "epsdiluted": 7.53,
    "weightedAverageShsOut": 308666358,
    "weightedAverageShsOutDil": 308666358,
    "link": "",
    "finalLink": ""
  },
  {
    "date": "2005-09-30",
    "symbol": "DUK",
    "reportedCurrency": "USD",
    "cik": "0001326160",
    "fillingDate": "2005-09-30",
    "acceptedDate": "2005-09-29 20:00:00",
    "calendarYear": "2005",
    "period": "Q3",
    "revenue": 3028000000,
    "costOfRevenue": 804000000,
    "grossProfit": 2224000000,
    "grossProfitRatio": 0.7344782034,
    "researchAndDevelopmentExpenses": 0,
    "generalAndAdministrativeExpenses": 0,
    "sellingAndMarketingExpenses": 0,
    "sellingGeneralAndAdministrativeExpenses": 0,
    "otherExpenses": 1334000000,
    "operatingExpenses": 1334000000,
    "costAndExpenses": 2138000000,
    "interestIncome": 0,
    "interestExpense": 0,
    "depreciationAndAmortization": 382000000,
    "ebitda": -299000000,
    "ebitdaratio": -0.0987450462,
    "operatingIncome": 890000000,
    "operatingIncomeRatio": 0.2939233818,
    "totalOtherIncomeExpensesNet": 521000000,
    "incomeBeforeTax": 1411000000,
    "incomeBeforeTaxRatio": 0.465984148,
    "incomeTaxExpense": 487000000,
    "netIncome": 41000000,
    "netIncomeRatio": 0.0135402906,
    "eps": 0.12,
    "epsdiluted": 0.12,
    "weightedAverageShsOut": 308666358,
    "weightedAverageShsOutDil": 321333012,
    "link": "",
    "finalLink": ""
  },
  {
    "date": "2005-06-30",
    "symbol": "DUK",
    "reportedCurrency": "USD",
    "cik": "0001326160",
    "fillingDate": "2005-06-30",
    "acceptedDate": "2005-06-29 20:00:00",
    "calendarYear": "2005",
    "period": "Q2",
    "revenue": 5274000000,
    "costOfRevenue": 3005000000,
    "grossProfit": 2269000000,
    "grossProfitRatio": 0.4302237391,
    "researchAndDevelopmentExpenses": 0,
    "generalAndAdministrativeExpenses": 0,
    "sellingAndMarketingExpenses": 0,
    "sellingGeneralAndAdministrativeExpenses": 0,
    "otherExpenses": 1503000000,
    "operatingExpenses": 1503000000,
    "costAndExpenses": 4508000000,
    "interestIncome": 0,
    "interestExpense": 0,
    "depreciationAndAmortization": 531000000,
    "ebitda": 1297000000,
    "ebitdaratio": 0.2459233978,
    "operatingIncome": 766000000,
    "operatingIncomeRatio": 0.1452408039,
    "totalOtherIncomeExpensesNet": -281000000,
    "incomeBeforeTax": 485000000,
    "incomeBeforeTaxRatio": 0.0919605612,
    "incomeTaxExpense": 157000000,
    "netIncome": 309000000,
    "netIncomeRatio": 0.058589306,
    "eps": 0.99,
    "epsdiluted": 0.96,
    "weightedAverageShsOut": 308999691,
    "weightedAverageShsOutDil": 321333012,
    "link": "",
    "finalLink": ""
  },
  {
    "date": "2005-03-31",
    "symbol": "DUK",
    "reportedCurrency": "USD",
    "cik": "0001326160",
    "fillingDate": "2005-03-31",
    "acceptedDate": "2005-03-30 19:00:00",
    "calendarYear": "2005",
    "period": "Q1",
    "revenue": 5328000000,
    "costOfRevenue": 3099000000,
    "grossProfit": 2229000000,
    "grossProfitRatio": 0.4183558559,
    "researchAndDevelopmentExpenses": 0,
    "generalAndAdministrativeExpenses": 0,
    "sellingAndMarketingExpenses": 0,
    "sellingGeneralAndAdministrativeExpenses": 0,
    "otherExpenses": 1563000000,
    "operatingExpenses": 1563000000,
    "costAndExpenses": 4662000000,
    "interestIncome": 0,
    "interestExpense": 0,
    "depreciationAndAmortization": 550000000,
    "ebitda": 1216000000,
    "ebitdaratio": 0.2282282282,
    "operatingIncome": 666000000,
    "operatingIncomeRatio": 0.125,
    "totalOtherIncomeExpensesNet": 645000000,
    "incomeBeforeTax": 1311000000,
    "incomeBeforeTaxRatio": 0.2460585586,
    "incomeTaxExpense": 451000000,
    "netIncome": 868000000,
    "netIncomeRatio": 0.1629129129,
    "eps": 2.73,
    "epsdiluted": 2.64,
    "weightedAverageShsOut": 317999682,
    "weightedAverageShsOutDil": 329999670,
    "link": "",
    "finalLink": ""
  },
  {
    "date": "2004-12-31",
    "symbol": "DUK",
    "reportedCurrency": "USD",
    "cik": "0001326160",
    "fillingDate": "2004-12-31",
    "acceptedDate": "2004-12-30 19:00:00",
    "calendarYear": "2004",
    "period": "Q4",
    "revenue": 6037000000,
    "costOfRevenue": 3567000000,
    "grossProfit": 2470000000,
    "grossProfitRatio": 0.4091436144,
    "researchAndDevelopmentExpenses": 0,
    "generalAndAdministrativeExpenses": 0,
    "sellingAndMarketingExpenses": 0,
    "sellingGeneralAndAdministrativeExpenses": 0,
    "otherExpenses": 1769000000,
    "operatingExpenses": 1769000000,
    "costAndExpenses": 5336000000,
    "interestIncome": 0,
    "interestExpense": 0,
    "depreciationAndAmortization": 513000000,
    "ebitda": 1214000000,
    "ebitdaratio": 0.2010932582,
    "operatingIncome": 701000000,
    "operatingIncomeRatio": 0.1161172768,
    "totalOtherIncomeExpensesNet": -97000000,
    "incomeBeforeTax": 604000000,
    "incomeBeforeTaxRatio": 0.1000496936,
    "incomeTaxExpense": 244000000,
    "netIncome": 358000000,
    "netIncomeRatio": 0.0593009773,
    "eps": 1.11,
    "epsdiluted": 1.08,
    "weightedAverageShsOut": 312666354,
    "weightedAverageShsOutDil": 312666354,
    "link": "",
    "finalLink": ""
  },
  {
    "date": "2004-09-30",
    "symbol": "DUK",
    "reportedCurrency": "USD",
    "cik": "0001326160",
    "fillingDate": "2004-09-30",
    "acceptedDate": "2004-09-29 20:00:00",
    "calendarYear": "2004",
    "period": "Q3",
    "revenue": 5081000000,
    "costOfRevenue": 2811000000,
    "grossProfit": 2270000000,
    "grossProfitRatio": 0.4467624483,
    "researchAndDevelopmentExpenses": 0,
    "generalAndAdministrativeExpenses": 0,
    "sellingAndMarketingExpenses": 0,
    "sellingGeneralAndAdministrativeExpenses": 0,
    "otherExpenses": 1425000000,
    "operatingExpenses": 1425000000,
    "costAndExpenses": 4236000000,
    "interestIncome": 0,
    "interestExpense": 0,
    "depreciationAndAmortization": 581000000,
    "ebitda": 1426000000,
    "ebitdaratio": 0.2806534147,
    "operatingIncome": 845000000,
    "operatingIncomeRatio": 0.1663058453,
    "totalOtherIncomeExpensesNet": -317000000,
    "incomeBeforeTax": 528000000,
    "incomeBeforeTaxRatio": 0.1039165519,
    "incomeTaxExpense": 147000000,
    "netIncome": 389000000,
    "netIncomeRatio": 0.0765597323,
    "eps": 1.23,
    "epsdiluted": 1.2,
    "weightedAverageShsOut": 312666354,
    "weightedAverageShsOutDil": 324333009,
    "link": "",
    "finalLink": ""
  },
  {
    "date": "2004-06-30",
    "symbol": "DUK",
    "reportedCurrency": "USD",
    "cik": "0001326160",
    "fillingDate": "2004-06-30",
    "acceptedDate": "2004-06-29 20:00:00",
    "calendarYear": "2004",
    "period": "Q2",
    "revenue": 5316000000,
    "costOfRevenue": 3163000000,
    "grossProfit": 2153000000,
    "grossProfitRatio": 0.4050037622,
    "researchAndDevelopmentExpenses": 0,
    "generalAndAdministrativeExpenses": 0,
    "sellingAndMarketingExpenses": 0,
    "sellingGeneralAndAdministrativeExpenses": 0,
    "otherExpenses": 1371000000,
    "operatingExpenses": 1371000000,
    "costAndExpenses": 4534000000,
    "interestIncome": 0,
    "interestExpense": 0,
    "depreciationAndAmortization": 467000000,
    "ebitda": 1249000000,
    "ebitdaratio": 0.234951091,
    "operatingIncome": 782000000,
    "operatingIncomeRatio": 0.147103085,
    "totalOtherIncomeExpensesNet": -242000000,
    "incomeBeforeTax": 540000000,
    "incomeBeforeTaxRatio": 0.1015801354,
    "incomeTaxExpense": 134000000,
    "netIncome": 432000000,
    "netIncomeRatio": 0.0812641084,
    "eps": 1.38,
    "epsdiluted": 1.35,
    "weightedAverageShsOut": 308666358,
    "weightedAverageShsOutDil": 320333013,
    "link": "",
    "finalLink": ""
  },
  {
    "date": "2004-03-31",
    "symbol": "DUK",
    "reportedCurrency": "USD",
    "cik": "0001326160",
    "fillingDate": "2004-03-31",
    "acceptedDate": "2004-03-30 19:00:00",
    "calendarYear": "2004",
    "period": "Q1",
    "revenue": 5636000000,
    "costOfRevenue": 3553000000,
    "grossProfit": 2083000000,
    "grossProfitRatio": 0.3695883605,
    "researchAndDevelopmentExpenses": 0,
    "generalAndAdministrativeExpenses": 0,
    "sellingAndMarketingExpenses": 0,
    "sellingGeneralAndAdministrativeExpenses": 0,
    "otherExpenses": 1372000000,
    "operatingExpenses": 1372000000,
    "costAndExpenses": 4925000000,
    "interestIncome": 0,
    "interestExpense": 0,
    "depreciationAndAmortization": 476000000,
    "ebitda": 1187000000,
    "ebitdaratio": 0.210610362,
    "operatingIncome": 711000000,
    "operatingIncomeRatio": 0.1261533002,
    "totalOtherIncomeExpensesNet": -613000000,
    "incomeBeforeTax": 98000000,
    "incomeBeforeTaxRatio": 0.0173882186,
    "incomeTaxExpense": 33000000,
    "netIncome": 311000000,
    "netIncomeRatio": 0.0551809794,
    "eps": 1.02,
    "epsdiluted": 0.99,
    "weightedAverageShsOut": 303999696,
    "weightedAverageShsOutDil": 315666351,
    "link": "",
    "finalLink": ""
  },
  {
    "date": "2003-12-31",
    "symbol": "DUK",
    "reportedCurrency": "USD",
    "cik": "0001326160",
    "fillingDate": "2003-12-31",
    "acceptedDate": "2003-12-30 19:00:00",
    "calendarYear": "2003",
    "period": "Q4",
    "revenue": 5417000000,
    "costOfRevenue": 3221000000,
    "grossProfit": 2196000000,
    "grossProfitRatio": 0.4053904375,
    "researchAndDevelopmentExpenses": 0,
    "generalAndAdministrativeExpenses": 0,
    "sellingAndMarketingExpenses": 0,
    "sellingGeneralAndAdministrativeExpenses": 0,
    "otherExpenses": 4769000000,
    "operatingExpenses": 4769000000,
    "costAndExpenses": 7990000000,
    "interestIncome": 0,
    "interestExpense": 0,
    "depreciationAndAmortization": 494000000,
    "ebitda": -2079000000,
    "ebitdaratio": -0.3837917667,
    "operatingIncome": -2573000000,
    "operatingIncomeRatio": -0.4749861547,
    "totalOtherIncomeExpensesNet": -311000000,
    "incomeBeforeTax": -2884000000,
    "incomeBeforeTaxRatio": -0.5323980063,
    "incomeTaxExpense": -1019000000,
    "netIncome": -2021000000,
    "netIncomeRatio": -0.3730847332,
    "eps": -6.72,
    "epsdiluted": -6.72,
    "weightedAverageShsOut": 301666365,
    "weightedAverageShsOutDil": 301666365,
    "link": "",
    "finalLink": ""
  },
  {
    "date": "2003-09-30",
    "symbol": "DUK",
    "reportedCurrency": "USD",
    "cik": "0001326160",
    "fillingDate": "2003-09-30",
    "acceptedDate": "2003-09-29 20:00:00",
    "calendarYear": "2003",
    "period": "Q3",
    "revenue": 5549000000,
    "costOfRevenue": 3444000000,
    "grossProfit": 2105000000,
    "grossProfitRatio": 0.3793476302,
    "researchAndDevelopmentExpenses": 0,
    "generalAndAdministrativeExpenses": 0,
    "sellingAndMarketingExpenses": 0,
    "sellingGeneralAndAdministrativeExpenses": 0,
    "otherExpenses": 1818000000,
    "operatingExpenses": 1818000000,
    "costAndExpenses": 5262000000,
    "interestIncome": 0,
    "interestExpense": 0,
    "depreciationAndAmortization": 521000000,
    "ebitda": 808000000,
    "ebitdaratio": 0.1456118219,
    "operatingIncome": 287000000,
    "operatingIncomeRatio": 0.0517210308,
    "totalOtherIncomeExpensesNet": -304000000,
    "incomeBeforeTax": -17000000,
    "incomeBeforeTaxRatio": -0.0030636151,
    "incomeTaxExpense": -22000000,
    "netIncome": 49000000,
    "netIncomeRatio": 0.0088304199,
    "eps": 0.15,
    "epsdiluted": 0.15,
    "weightedAverageShsOut": 301666365,
    "weightedAverageShsOutDil": 302333031,
    "link": "",
    "finalLink": ""
  },
  {
    "date": "2003-06-30",
    "symbol": "DUK",
    "reportedCurrency": "USD",
    "cik": "0001326160",
    "fillingDate": "2003-06-30",
    "acceptedDate": "2003-06-29 20:00:00",
    "calendarYear": "2003",
    "period": "Q2",
    "revenue": 5152000000,
    "costOfRevenue": 3033000000,
    "grossProfit": 2119000000,
    "grossProfitRatio": 0.4112965839,
    "researchAndDevelopmentExpenses": 0,
    "generalAndAdministrativeExpenses": 0,
    "sellingAndMarketingExpenses": 0,
    "sellingGeneralAndAdministrativeExpenses": 0,
    "otherExpenses": 1453000000,
    "operatingExpenses": 1453000000,
    "costAndExpenses": 4486000000,
    "interestIncome": 0,
    "interestExpense": 0,
    "depreciationAndAmortization": 488000000,
    "ebitda": 1154000000,
    "ebitdaratio": 0.2239906832,
    "operatingIncome": 666000000,
    "operatingIncomeRatio": 0.1292701863,
    "totalOtherIncomeExpensesNet": -70000000,
    "incomeBeforeTax": 596000000,
    "incomeBeforeTaxRatio": 0.1156832298,
    "incomeTaxExpense": 195000000,
    "netIncome": 424000000,
    "netIncomeRatio": 0.0822981366,
    "eps": 1.38,
    "epsdiluted": 1.38,
    "weightedAverageShsOut": 300666366,
    "weightedAverageShsOutDil": 300999699,
    "link": "",
    "finalLink": ""
  },
  {
    "date": "2003-03-31",
    "symbol": "DUK",
    "reportedCurrency": "USD",
    "cik": "0001326160",
    "fillingDate": "2003-03-31",
    "acceptedDate": "2003-03-30 19:00:00",
    "calendarYear": "2003",
    "period": "Q1",
    "revenue": 6172000000,
    "costOfRevenue": 4040000000,
    "grossProfit": 2132000000,
    "grossProfitRatio": 0.3454309786,
    "researchAndDevelopmentExpenses": 0,
    "generalAndAdministrativeExpenses": 0,
    "sellingAndMarketingExpenses": 0,
    "sellingGeneralAndAdministrativeExpenses": 0,
    "otherExpenses": 1245000000,
    "operatingExpenses": 1245000000,
    "costAndExpenses": 5285000000,
    "interestIncome": 0,
    "interestExpense": 0,
    "depreciationAndAmortization": 484000000,
    "ebitda": 1371000000,
    "ebitdaratio": 0.22213221,
    "operatingIncome": 887000000,
    "operatingIncomeRatio": 0.143713545,
    "totalOtherIncomeExpensesNet": -300000000,
    "incomeBeforeTax": 587000000,
    "incomeBeforeTaxRatio": 0.0951069345,
    "incomeTaxExpense": 195000000,
    "netIncome": 225000000,
    "netIncomeRatio": 0.0364549579,
    "eps": 0.75,
    "epsdiluted": 0.75,
    "weightedAverageShsOut": 298999701,
    "weightedAverageShsOutDil": 298999701,
    "link": "",
    "finalLink": ""
  },
  {
    "date": "2002-12-31",
    "symbol": "DUK",
    "reportedCurrency": "USD",
    "cik": "0001326160",
    "fillingDate": "2002-12-31",
    "acceptedDate": "2002-12-30 19:00:00",
    "calendarYear": "2002",
    "period": "Q4",
    "revenue": 4477000000,
    "costOfRevenue": 2426000000,
    "grossProfit": 2051000000,
    "grossProfitRatio": 0.4581192763,
    "researchAndDevelopmentExpenses": 0,
    "generalAndAdministrativeExpenses": 0,
    "sellingAndMarketingExpenses": 0,
    "sellingGeneralAndAdministrativeExpenses": 0,
    "otherExpenses": 1890000000,
    "operatingExpenses": 1890000000,
    "costAndExpenses": 4316000000,
    "interestIncome": 0,
    "interestExpense": 0,
    "depreciationAndAmortization": 423000000,
    "ebitda": 584000000,
    "ebitdaratio": 0.1304444941,
    "operatingIncome": 161000000,
    "operatingIncomeRatio": 0.0359615814,
    "totalOtherIncomeExpensesNet": -108000000,
    "incomeBeforeTax": 53000000,
    "incomeBeforeTaxRatio": 0.0118382846,
    "incomeTaxExpense": 105000000,
    "netIncome": -52000000,
    "netIncomeRatio": -0.0116149207,
    "eps": -0.3,
    "epsdiluted": -0.3,
    "weightedAverageShsOut": 298846696,
    "weightedAverageShsOutDil": 298999701,
    "link": "",
    "finalLink": ""
  },
  {
    "date": "2002-09-30",
    "symbol": "DUK",
    "reportedCurrency": "USD",
    "cik": "0001326160",
    "fillingDate": "2002-09-30",
    "acceptedDate": "2002-09-30 00:00:00",
    "calendarYear": "2002",
    "period": "Q3",
    "revenue": 3982000000,
    "costOfRevenue": 1788000000,
    "grossProfit": 2194000000,
    "grossProfitRatio": 0.5509794073,
    "researchAndDevelopmentExpenses": 0,
    "generalAndAdministrativeExpenses": 0,
    "sellingAndMarketingExpenses": 0,
    "sellingGeneralAndAdministrativeExpenses": 0,
    "otherExpenses": 1654000000,
    "operatingExpenses": 1654000000,
    "costAndExpenses": 3442000000,
    "interestIncome": 0,
    "interestExpense": 0,
    "depreciationAndAmortization": 480000000,
    "ebitda": 1020000000,
    "ebitdaratio": 0.2561526871,
    "operatingIncome": 540000000,
    "operatingIncomeRatio": 0.1356102461,
    "totalOtherIncomeExpensesNet": -202000000,
    "incomeBeforeTax": 338000000,
    "incomeBeforeTaxRatio": 0.0848819689,
    "incomeTaxExpense": 108000000,
    "netIncome": 230000000,
    "netIncomeRatio": 0.0577599196,
    "eps": 0.81,
    "epsdiluted": 0.81,
    "weightedAverageShsOut": 277999722,
    "weightedAverageShsOutDil": 277999722,
    "link": null,
    "finalLink": null
  },
  {
    "date": "2002-06-30",
    "symbol": "DUK",
    "reportedCurrency": "USD",
    "cik": "0001326160",
    "fillingDate": "2002-06-30",
    "acceptedDate": "2002-06-30 00:00:00",
    "calendarYear": "2002",
    "period": "Q2",
    "revenue": 3617000000,
    "costOfRevenue": 1423000000,
    "grossProfit": 2194000000,
    "grossProfitRatio": 0.6065800387,
    "researchAndDevelopmentExpenses": 0,
    "generalAndAdministrativeExpenses": 0,
    "sellingAndMarketingExpenses": 0,
    "sellingGeneralAndAdministrativeExpenses": 0,
    "otherExpenses": 1352000000,
    "operatingExpenses": 1352000000,
    "costAndExpenses": 2775000000,
    "interestIncome": 0,
    "interestExpense": 0,
    "depreciationAndAmortization": 410000000,
    "ebitda": 1252000000,
    "ebitdaratio": 0.3461432126,
    "operatingIncome": 842000000,
    "operatingIncomeRatio": 0.2327896046,
    "totalOtherIncomeExpensesNet": -121000000,
    "incomeBeforeTax": 721000000,
    "incomeBeforeTaxRatio": 0.1993364667,
    "incomeTaxExpense": 247000000,
    "netIncome": 474000000,
    "netIncomeRatio": 0.1310478297,
    "eps": 1.71,
    "epsdiluted": 1.68,
    "weightedAverageShsOut": 276999723,
    "weightedAverageShsOutDil": 279761625,
    "link": null,
    "finalLink": null
  },
  {
    "date": "2002-03-31",
    "symbol": "DUK",
    "reportedCurrency": "USD",
    "cik": "0001326160",
    "fillingDate": "2002-03-31",
    "acceptedDate": "2002-03-31 00:00:00",
    "calendarYear": "2002",
    "period": "Q1",
    "revenue": 3308000000,
    "costOfRevenue": 1317000000,
    "grossProfit": 1991000000,
    "grossProfitRatio": 0.6018742443,
    "researchAndDevelopmentExpenses": 0,
    "generalAndAdministrativeExpenses": 0,
    "sellingAndMarketingExpenses": 0,
    "sellingGeneralAndAdministrativeExpenses": 0,
    "otherExpenses": 1323000000,
    "operatingExpenses": 1323000000,
    "costAndExpenses": 2640000000,
    "interestIncome": 0,
    "interestExpense": 0,
    "depreciationAndAmortization": 379000000,
    "ebitda": 1047000000,
    "ebitdaratio": 0.3165054414,
    "operatingIncome": 668000000,
    "operatingIncomeRatio": 0.2019347037,
    "totalOtherIncomeExpensesNet": -128000000,
    "incomeBeforeTax": 540000000,
    "incomeBeforeTaxRatio": 0.1632406288,
    "incomeTaxExpense": 158000000,
    "netIncome": 382000000,
    "netIncomeRatio": 0.11547763,
    "eps": 1.44,
    "epsdiluted": 1.44,
    "weightedAverageShsOut": 262666404,
    "weightedAverageShsOutDil": 262666404,
    "link": null,
    "finalLink": null
  },
  {
    "date": "2001-12-31",
    "symbol": "DUK",
    "reportedCurrency": "USD",
    "cik": "0001326160",
    "fillingDate": "2001-12-31",
    "acceptedDate": "2001-12-31 00:00:00",
    "calendarYear": "2001",
    "period": "Q4",
    "revenue": 10714000000,
    "costOfRevenue": 8671000000,
    "grossProfit": 2043000000,
    "grossProfitRatio": 0.1906850849,
    "researchAndDevelopmentExpenses": 0,
    "generalAndAdministrativeExpenses": 0,
    "sellingAndMarketingExpenses": 0,
    "sellingGeneralAndAdministrativeExpenses": 0,
    "otherExpenses": 1497000000,
    "operatingExpenses": 1497000000,
    "costAndExpenses": 10168000000,
    "interestIncome": 0,
    "interestExpense": 0,
    "depreciationAndAmortization": 0,
    "ebitda": 525000000,
    "ebitdaratio": 0.0490013067,
    "operatingIncome": 546000000,
    "operatingIncomeRatio": 0.050961359,
    "totalOtherIncomeExpensesNet": -214000000,
    "incomeBeforeTax": 332000000,
    "incomeBeforeTaxRatio": 0.030987493,
    "incomeTaxExpense": 107000000,
    "netIncome": 225000000,
    "netIncomeRatio": 0.02100056,
    "eps": 0.84,
    "epsdiluted": 0.84,
    "weightedAverageShsOut": 257666409,
    "weightedAverageShsOutDil": 258333075,
    "link": null,
    "finalLink": null
  },
  {
    "date": "2001-09-30",
    "symbol": "DUK",
    "reportedCurrency": "USD",
    "cik": "0001326160",
    "fillingDate": "2001-09-30",
    "acceptedDate": "2001-09-30 00:00:00",
    "calendarYear": "2001",
    "period": "Q3",
    "revenue": 4729000000,
    "costOfRevenue": 1563000000,
    "grossProfit": 3166000000,
    "grossProfitRatio": 0.6694861493,
    "researchAndDevelopmentExpenses": 0,
    "generalAndAdministrativeExpenses": 0,
    "sellingAndMarketingExpenses": 0,
    "sellingGeneralAndAdministrativeExpenses": 0,
    "otherExpenses": 1674000000,
    "operatingExpenses": 1674000000,
    "costAndExpenses": 3237000000,
    "interestIncome": 0,
    "interestExpense": 0,
    "depreciationAndAmortization": 0,
    "ebitda": 1527000000,
    "ebitdaratio": 0.3229012476,
    "operatingIncome": 1492000000,
    "operatingIncomeRatio": 0.3155001057,
    "totalOtherIncomeExpensesNet": -216000000,
    "incomeBeforeTax": 1276000000,
    "incomeBeforeTaxRatio": 0.2698244872,
    "incomeTaxExpense": 480000000,
    "netIncome": 796000000,
    "netIncomeRatio": 0.1683231127,
    "eps": 3.06,
    "epsdiluted": 3.03,
    "weightedAverageShsOut": 258333075,
    "weightedAverageShsOutDil": 261385877,
    "link": null,
    "finalLink": null
  },
  {
    "date": "2001-06-30",
    "symbol": "DUK",
    "reportedCurrency": "USD",
    "cik": "0001326160",
    "fillingDate": "2001-06-30",
    "acceptedDate": "2001-06-30 00:00:00",
    "calendarYear": "2001",
    "period": "Q2",
    "revenue": 15580000000,
    "costOfRevenue": 13306000000,
    "grossProfit": 2274000000,
    "grossProfitRatio": 0.1459563543,
    "researchAndDevelopmentExpenses": 0,
    "generalAndAdministrativeExpenses": 0,
    "sellingAndMarketingExpenses": 0,
    "sellingGeneralAndAdministrativeExpenses": 0,
    "otherExpenses": 1394000000,
    "operatingExpenses": 1394000000,
    "costAndExpenses": 14700000000,
    "interestIncome": 0,
    "interestExpense": 0,
    "depreciationAndAmortization": 0,
    "ebitda": 866000000,
    "ebitdaratio": 0.0555840822,
    "operatingIncome": 880000000,
    "operatingIncomeRatio": 0.0564826701,
    "totalOtherIncomeExpensesNet": -225000000,
    "incomeBeforeTax": 655000000,
    "incomeBeforeTaxRatio": 0.0420410783,
    "incomeTaxExpense": 236000000,
    "netIncome": 419000000,
    "netIncomeRatio": 0.0268934531,
    "eps": 1.62,
    "epsdiluted": 1.59,
    "weightedAverageShsOut": 257666409,
    "weightedAverageShsOutDil": 261006028,
    "link": null,
    "finalLink": null
  },
  {
    "date": "2001-03-31",
    "symbol": "DUK",
    "reportedCurrency": "USD",
    "cik": "0001326160",
    "fillingDate": "2001-03-31",
    "acceptedDate": "2001-03-31 00:00:00",
    "calendarYear": "2001",
    "period": "Q1",
    "revenue": 16491000000,
    "costOfRevenue": 14001000000,
    "grossProfit": 2490000000,
    "grossProfitRatio": 0.1509914499,
    "researchAndDevelopmentExpenses": 0,
    "generalAndAdministrativeExpenses": 0,
    "sellingAndMarketingExpenses": 0,
    "sellingGeneralAndAdministrativeExpenses": 0,
    "otherExpenses": 1308000000,
    "operatingExpenses": 1308000000,
    "costAndExpenses": 15309000000,
    "interestIncome": 0,
    "interestExpense": 0,
    "depreciationAndAmortization": 357000000,
    "ebitda": 1539000000,
    "ebitdaratio": 0.0933236311,
    "operatingIncome": 1182000000,
    "operatingIncomeRatio": 0.0716754593,
    "totalOtherIncomeExpensesNet": -301000000,
    "incomeBeforeTax": 881000000,
    "incomeBeforeTaxRatio": 0.0534230793,
    "incomeTaxExpense": 327000000,
    "netIncome": 458000000,
    "netIncomeRatio": 0.0277727245,
    "eps": 1.83,
    "epsdiluted": 1.8,
    "weightedAverageShsOut": 248333085,
    "weightedAverageShsOutDil": 252221970,
    "link": null,
    "finalLink": null
  },
  {
    "date": "2000-12-31",
    "symbol": "DUK",
    "reportedCurrency": "USD",
    "cik": "0001326160",
    "fillingDate": "2000-12-31",
    "acceptedDate": "2000-12-31 00:00:00",
    "calendarYear": "2000",
    "period": "Q4",
    "revenue": 15818000000,
    "costOfRevenue": 13317000000,
    "grossProfit": 2501000000,
    "grossProfitRatio": 0.1581110128,
    "researchAndDevelopmentExpenses": 0,
    "generalAndAdministrativeExpenses": 0,
    "sellingAndMarketingExpenses": 0,
    "sellingGeneralAndAdministrativeExpenses": 0,
    "otherExpenses": 1388000000,
    "operatingExpenses": 1388000000,
    "costAndExpenses": 14705000000,
    "interestIncome": 0,
    "interestExpense": 0,
    "depreciationAndAmortization": 351000000,
    "ebitda": 1464000000,
    "ebitdaratio": 0.092552788,
    "operatingIncome": 1113000000,
    "operatingIncomeRatio": 0.0703628777,
    "totalOtherIncomeExpensesNet": -748000000,
    "incomeBeforeTax": 365000000,
    "incomeBeforeTaxRatio": 0.0230749779,
    "incomeTaxExpense": 81000000,
    "netIncome": 284000000,
    "netIncomeRatio": 0.0179542294,
    "eps": 1.14,
    "epsdiluted": 1.13,
    "weightedAverageShsOut": 245333088,
    "weightedAverageShsOutDil": 245333088,
    "link": null,
    "finalLink": null
  },
  {
    "date": "2000-09-30",
    "symbol": "DUK",
    "reportedCurrency": "USD",
    "cik": "0001326160",
    "fillingDate": "2000-09-30",
    "acceptedDate": "2000-09-30 00:00:00",
    "calendarYear": "2000",
    "period": "Q3",
    "revenue": 15284000000,
    "costOfRevenue": 12871000000,
    "grossProfit": 2413000000,
    "grossProfitRatio": 0.157877519,
    "researchAndDevelopmentExpenses": 0,
    "generalAndAdministrativeExpenses": 0,
    "sellingAndMarketingExpenses": 0,
    "sellingGeneralAndAdministrativeExpenses": 0,
    "otherExpenses": 1319000000,
    "operatingExpenses": 1319000000,
    "costAndExpenses": 14190000000,
    "interestIncome": 0,
    "interestExpense": 0,
    "depreciationAndAmortization": 343000000,
    "ebitda": 1437000000,
    "ebitdaratio": 0.0940198901,
    "operatingIncome": 1094000000,
    "operatingIncomeRatio": 0.0715781209,
    "totalOtherIncomeExpensesNet": 174000000,
    "incomeBeforeTax": 1268000000,
    "incomeBeforeTaxRatio": 0.0829625752,
    "incomeTaxExpense": 498000000,
    "netIncome": 770000000,
    "netIncomeRatio": 0.0503794818,
    "eps": 3.12,
    "epsdiluted": 3.11,
    "weightedAverageShsOut": 245333088,
    "weightedAverageShsOutDil": 246698626,
    "link": null,
    "finalLink": null
  },
  {
    "date": "2000-06-30",
    "symbol": "DUK",
    "reportedCurrency": "USD",
    "cik": "0001326160",
    "fillingDate": "2000-06-30",
    "acceptedDate": "2000-06-30 00:00:00",
    "calendarYear": "2000",
    "period": "Q2",
    "revenue": 10926000000,
    "costOfRevenue": 8814000000,
    "grossProfit": 2112000000,
    "grossProfitRatio": 0.1933003844,
    "researchAndDevelopmentExpenses": 0,
    "generalAndAdministrativeExpenses": 0,
    "sellingAndMarketingExpenses": 0,
    "sellingGeneralAndAdministrativeExpenses": 0,
    "otherExpenses": 1318000000,
    "operatingExpenses": 1318000000,
    "costAndExpenses": 10132000000,
    "interestIncome": 0,
    "interestExpense": 0,
    "depreciationAndAmortization": 351000000,
    "ebitda": 1145000000,
    "ebitdaratio": 0.1047958997,
    "operatingIncome": 794000000,
    "operatingIncomeRatio": 0.0726706938,
    "totalOtherIncomeExpensesNet": -274000000,
    "incomeBeforeTax": 520000000,
    "incomeBeforeTaxRatio": 0.0475928977,
    "incomeTaxExpense": 191000000,
    "netIncome": 329000000,
    "netIncomeRatio": 0.0301116603,
    "eps": 1.32,
    "epsdiluted": 1.32,
    "weightedAverageShsOut": 245333088,
    "weightedAverageShsOutDil": 245333088,
    "link": null,
    "finalLink": null
  },
  {
    "date": "2000-03-31",
    "symbol": "DUK",
    "reportedCurrency": "USD",
    "cik": "0001326160",
    "fillingDate": "2000-03-31",
    "acceptedDate": "2000-03-31 00:00:00",
    "calendarYear": "2000",
    "period": "Q1",
    "revenue": 7236000000,
    "costOfRevenue": 5449000000,
    "grossProfit": 1787000000,
    "grossProfitRatio": 0.2469596462,
    "researchAndDevelopmentExpenses": 0,
    "generalAndAdministrativeExpenses": 0,
    "sellingAndMarketingExpenses": 0,
    "sellingGeneralAndAdministrativeExpenses": 0,
    "otherExpenses": 1029000000,
    "operatingExpenses": 1029000000,
    "costAndExpenses": 6478000000,
    "interestIncome": 0,
    "interestExpense": 0,
    "depreciationAndAmortization": 303000000,
    "ebitda": 1061000000,
    "ebitdaratio": 0.1466279713,
    "operatingIncome": 758000000,
    "operatingIncomeRatio": 0.1047540077,
    "totalOtherIncomeExpensesNet": -115000000,
    "incomeBeforeTax": 643000000,
    "incomeBeforeTaxRatio": 0.0888612493,
    "incomeTaxExpense": 250000000,
    "netIncome": 393000000,
    "netIncomeRatio": 0.0543117745,
    "eps": 1.59,
    "epsdiluted": 1.59,
    "weightedAverageShsOut": 244666422,
    "weightedAverageShsOutDil": 244666422,
    "link": null,
    "finalLink": null
  },
  {
    "date": "1999-12-31",
    "symbol": "DUK",
    "reportedCurrency": "USD",
    "cik": "0001326160",
    "fillingDate": "1999-12-31",
    "acceptedDate": "1999-12-31 00:00:00",
    "calendarYear": "1999",
    "period": "Q4",
    "revenue": 6197000000,
    "costOfRevenue": 4464000000,
    "grossProfit": 1733000000,
    "grossProfitRatio": 0.2796514442,
    "researchAndDevelopmentExpenses": 0,
    "generalAndAdministrativeExpenses": 0,
    "sellingAndMarketingExpenses": 0,
    "sellingGeneralAndAdministrativeExpenses": 0,
    "otherExpenses": 1980000000,
    "operatingExpenses": 1980000000,
    "costAndExpenses": 6444000000,
    "interestIncome": 0,
    "interestExpense": 0,
    "depreciationAndAmortization": 0,
    "ebitda": 68000000,
    "ebitdaratio": 0.0109730515,
    "operatingIncome": -247000000,
    "operatingIncomeRatio": -0.0398579958,
    "totalOtherIncomeExpensesNet": -108000000,
    "incomeBeforeTax": -355000000,
    "incomeBeforeTaxRatio": -0.0572857834,
    "incomeTaxExpense": -166000000,
    "netIncome": -189000000,
    "netIncomeRatio": -0.0304986284,
    "eps": -0.81,
    "epsdiluted": -0.84,
    "weightedAverageShsOut": 242221980,
    "weightedAverageShsOutDil": 242221980,
    "link": null,
    "finalLink": null
  },
  {
    "date": "1999-09-30",
    "symbol": "DUK",
    "reportedCurrency": "USD",
    "cik": "0001326160",
    "fillingDate": "1999-09-30",
    "acceptedDate": "1999-09-30 00:00:00",
    "calendarYear": "1999",
    "period": "Q3",
    "revenue": 6694000000,
    "costOfRevenue": 4687000000,
    "grossProfit": 2007000000,
    "grossProfitRatio": 0.299820735,
    "researchAndDevelopmentExpenses": 0,
    "generalAndAdministrativeExpenses": 0,
    "sellingAndMarketingExpenses": 0,
    "sellingGeneralAndAdministrativeExpenses": 0,
    "otherExpenses": 1123000000,
    "operatingExpenses": 1123000000,
    "costAndExpenses": 5810000000,
    "interestIncome": 0,
    "interestExpense": 0,
    "depreciationAndAmortization": 0,
    "ebitda": 1178000000,
    "ebitdaratio": 0.1759784882,
    "operatingIncome": 884000000,
    "operatingIncomeRatio": 0.1320585599,
    "totalOtherIncomeExpensesNet": -160000000,
    "incomeBeforeTax": 724000000,
    "incomeBeforeTaxRatio": 0.1081565581,
    "incomeTaxExpense": 283000000,
    "netIncome": 441000000,
    "netIncomeRatio": 0.0658798924,
    "eps": 1.8,
    "epsdiluted": 1.8,
    "weightedAverageShsOut": 242221980,
    "weightedAverageShsOutDil": 242221980,
    "link": null,
    "finalLink": null
  },
  {
    "date": "1999-06-30",
    "symbol": "DUK",
    "reportedCurrency": "USD",
    "cik": "0001326160",
    "fillingDate": "1999-06-30",
    "acceptedDate": "1999-06-30 00:00:00",
    "calendarYear": "1999",
    "period": "Q2",
    "revenue": 4691000000,
    "costOfRevenue": 3167000000,
    "grossProfit": 1524000000,
    "grossProfitRatio": 0.3248774249,
    "researchAndDevelopmentExpenses": 0,
    "generalAndAdministrativeExpenses": 0,
    "sellingAndMarketingExpenses": 0,
    "sellingGeneralAndAdministrativeExpenses": 0,
    "otherExpenses": 993000000,
    "operatingExpenses": 993000000,
    "costAndExpenses": 4160000000,
    "interestIncome": 0,
    "interestExpense": 0,
    "depreciationAndAmortization": 272000000,
    "ebitda": 803000000,
    "ebitdaratio": 0.1711788531,
    "operatingIncome": 531000000,
    "operatingIncomeRatio": 0.1131954807,
    "totalOtherIncomeExpensesNet": -116000000,
    "incomeBeforeTax": 415000000,
    "incomeBeforeTaxRatio": 0.0884672778,
    "incomeTaxExpense": 127000000,
    "netIncome": 288000000,
    "netIncomeRatio": 0.061394159,
    "eps": 1.16,
    "epsdiluted": 1.16,
    "weightedAverageShsOut": 242666424,
    "weightedAverageShsOutDil": 242666424,
    "link": null,
    "finalLink": null
  },
  {
    "date": "1999-03-31",
    "symbol": "DUK",
    "reportedCurrency": "USD",
    "cik": "0001326160",
    "fillingDate": "1999-03-31",
    "acceptedDate": "1999-03-31 00:00:00",
    "calendarYear": "1999",
    "period": "Q1",
    "revenue": 4178000000,
    "costOfRevenue": 2589000000,
    "grossProfit": 1589000000,
    "grossProfitRatio": 0.3803255146,
    "researchAndDevelopmentExpenses": 0,
    "generalAndAdministrativeExpenses": 0,
    "sellingAndMarketingExpenses": 0,
    "sellingGeneralAndAdministrativeExpenses": 0,
    "otherExpenses": 944000000,
    "operatingExpenses": 944000000,
    "costAndExpenses": 3533000000,
    "interestIncome": 0,
    "interestExpense": 0,
    "depreciationAndAmortization": 270000000,
    "ebitda": 915000000,
    "ebitdaratio": 0.2190043083,
    "operatingIncome": 645000000,
    "operatingIncomeRatio": 0.1543800862,
    "totalOtherIncomeExpensesNet": -129000000,
    "incomeBeforeTax": 516000000,
    "incomeBeforeTaxRatio": 0.1235040689,
    "incomeTaxExpense": 209000000,
    "netIncome": 967000000,
    "netIncomeRatio": 0.2314504548,
    "eps": 3.98,
    "epsdiluted": 3.96,
    "weightedAverageShsOut": 241999758,
    "weightedAverageShsOutDil": 242929050,
    "link": null,
    "finalLink": null
  },
  {
    "date": "1998-12-31",
    "symbol": "DUK",
    "reportedCurrency": "USD",
    "cik": "0001326160",
    "fillingDate": "1998-12-31",
    "acceptedDate": "1998-12-31 00:00:00",
    "calendarYear": "1998",
    "period": "Q4",
    "revenue": 4183300000,
    "costOfRevenue": 2594100000,
    "grossProfit": 1589200000,
    "grossProfitRatio": 0.3798914732,
    "researchAndDevelopmentExpenses": 0,
    "generalAndAdministrativeExpenses": 0,
    "sellingAndMarketingExpenses": 0,
    "sellingGeneralAndAdministrativeExpenses": 0,
    "otherExpenses": 1139200000,
    "operatingExpenses": 1139200000,
    "costAndExpenses": 3733300000,
    "interestIncome": 0,
    "interestExpense": 0,
    "depreciationAndAmortization": 0,
    "ebitda": 696500000,
    "ebitdaratio": 0.1664953506,
    "operatingIncome": 450000000,
    "operatingIncomeRatio": 0.1075705783,
    "totalOtherIncomeExpensesNet": -97000000,
    "incomeBeforeTax": 353000000,
    "incomeBeforeTaxRatio": 0.0843831425,
    "incomeTaxExpense": 129300000,
    "netIncome": 223700000,
    "netIncomeRatio": 0.0534745297,
    "eps": 0.89,
    "epsdiluted": 0.87,
    "weightedAverageShsOut": 239434789,
    "weightedAverageShsOutDil": 239434789,
    "link": null,
    "finalLink": null
  },
  {
    "date": "1998-09-30",
    "symbol": "DUK",
    "reportedCurrency": "USD",
    "cik": "0001326160",
    "fillingDate": "1998-09-30",
    "acceptedDate": "1998-09-30 00:00:00",
    "calendarYear": "1998",
    "period": "Q3",
    "revenue": 5298200000,
    "costOfRevenue": 3478800000,
    "grossProfit": 1819400000,
    "grossProfitRatio": 0.3433996452,
    "researchAndDevelopmentExpenses": 0,
    "generalAndAdministrativeExpenses": 0,
    "sellingAndMarketingExpenses": 0,
    "sellingGeneralAndAdministrativeExpenses": 0,
    "otherExpenses": 993600000,
    "operatingExpenses": 993600000,
    "costAndExpenses": 4472400000,
    "interestIncome": 0,
    "interestExpense": 0,
    "depreciationAndAmortization": 0,
    "ebitda": 1105700000,
    "ebitdaratio": 0.2086935186,
    "operatingIncome": 825800000,
    "operatingIncomeRatio": 0.1558642558,
    "totalOtherIncomeExpensesNet": -123600000,
    "incomeBeforeTax": 702200000,
    "incomeBeforeTaxRatio": 0.1325355781,
    "incomeTaxExpense": 273500000,
    "netIncome": 428700000,
    "netIncomeRatio": 0.0809142728,
    "eps": 1.77,
    "epsdiluted": 1.77,
    "weightedAverageShsOut": 239434789,
    "weightedAverageShsOutDil": 239434789,
    "link": null,
    "finalLink": null
  },
  {
    "date": "1998-06-30",
    "symbol": "DUK",
    "reportedCurrency": "USD",
    "cik": "0001326160",
    "fillingDate": "1998-06-30",
    "acceptedDate": "1998-06-30 00:00:00",
    "calendarYear": "1998",
    "period": "Q2",
    "revenue": 4013700000,
    "costOfRevenue": 2474100000,
    "grossProfit": 1539600000,
    "grossProfitRatio": 0.3835862172,
    "researchAndDevelopmentExpenses": 0,
    "generalAndAdministrativeExpenses": 0,
    "sellingAndMarketingExpenses": 0,
    "sellingGeneralAndAdministrativeExpenses": 0,
    "otherExpenses": 990800000,
    "operatingExpenses": 990800000,
    "costAndExpenses": 3464900000,
    "interestIncome": 0,
    "interestExpense": 0,
    "depreciationAndAmortization": 0,
    "ebitda": 814700000,
    "ebitdaratio": 0.2029797942,
    "operatingIncome": 548800000,
    "operatingIncomeRatio": 0.1367316939,
    "totalOtherIncomeExpensesNet": -105900000,
    "incomeBeforeTax": 442900000,
    "incomeBeforeTaxRatio": 0.1103470613,
    "incomeTaxExpense": 163400000,
    "netIncome": 279500000,
    "netIncomeRatio": 0.069636495,
    "eps": 1.14,
    "epsdiluted": 1.14,
    "weightedAverageShsOut": 240701514,
    "weightedAverageShsOutDil": 240701514,
    "link": null,
    "finalLink": null
  },
  {
    "date": "1998-03-31",
    "symbol": "DUK",
    "reportedCurrency": "USD",
    "cik": "0001326160",
    "fillingDate": "1998-03-31",
    "acceptedDate": "1998-03-31 00:00:00",
    "calendarYear": "1998",
    "period": "Q1",
    "revenue": 4114800000,
    "costOfRevenue": 2633000000,
    "grossProfit": 1481800000,
    "grossProfitRatio": 0.3601147079,
    "researchAndDevelopmentExpenses": 0,
    "generalAndAdministrativeExpenses": 0,
    "sellingAndMarketingExpenses": 0,
    "sellingGeneralAndAdministrativeExpenses": 0,
    "otherExpenses": 873400000,
    "operatingExpenses": 873400000,
    "costAndExpenses": 3506400000,
    "interestIncome": 0,
    "interestExpense": 0,
    "depreciationAndAmortization": 0,
    "ebitda": 871100000,
    "ebitdaratio": 0.211699232,
    "operatingIncome": 608400000,
    "operatingIncomeRatio": 0.1478565179,
    "totalOtherIncomeExpensesNet": -69500000,
    "incomeBeforeTax": 538900000,
    "incomeBeforeTaxRatio": 0.1309662681,
    "incomeTaxExpense": 210800000,
    "netIncome": 320100000,
    "netIncomeRatio": 0.0777923593,
    "eps": 1.29,
    "epsdiluted": 1.29,
    "weightedAverageShsOut": 243100532,
    "weightedAverageShsOutDil": 243100532,
    "link": null,
    "finalLink": null
  },
  {
    "date": "1997-12-31",
    "symbol": "DUK",
    "reportedCurrency": "USD",
    "cik": "0001326160",
    "fillingDate": "1997-12-31",
    "acceptedDate": "1997-12-31 00:00:00",
    "calendarYear": "1997",
    "period": "Q4",
    "revenue": 4589700000,
    "costOfRevenue": 3094000000,
    "grossProfit": 1495700000,
    "grossProfitRatio": 0.3258818659,
    "researchAndDevelopmentExpenses": 0,
    "generalAndAdministrativeExpenses": 0,
    "sellingAndMarketingExpenses": 0,
    "sellingGeneralAndAdministrativeExpenses": 0,
    "otherExpenses": 1094000000,
    "operatingExpenses": 1094000000,
    "costAndExpenses": 4188000000,
    "interestIncome": 0,
    "interestExpense": 0,
    "depreciationAndAmortization": 0,
    "ebitda": 575400000,
    "ebitdaratio": 0.1253676711,
    "operatingIncome": 401700000,
    "operatingIncomeRatio": 0.0875220603,
    "totalOtherIncomeExpensesNet": -111400000,
    "incomeBeforeTax": 290300000,
    "incomeBeforeTaxRatio": 0.0632503214,
    "incomeTaxExpense": 105700000,
    "netIncome": 184600000,
    "netIncomeRatio": 0.0402204937,
    "eps": 0.62,
    "epsdiluted": 0.62,
    "weightedAverageShsOut": 236825160,
    "weightedAverageShsOutDil": 236825160,
    "link": null,
    "finalLink": null
  },
  {
    "date": "1997-09-30",
    "symbol": "DUK",
    "reportedCurrency": "USD",
    "cik": "0001326160",
    "fillingDate": "1997-09-30",
    "acceptedDate": "1997-09-30 00:00:00",
    "calendarYear": "1997",
    "period": "Q3",
    "revenue": 4820600000,
    "costOfRevenue": 3232200000,
    "grossProfit": 1588400000,
    "grossProfitRatio": 0.3295025515,
    "researchAndDevelopmentExpenses": 0,
    "generalAndAdministrativeExpenses": 0,
    "sellingAndMarketingExpenses": 0,
    "sellingGeneralAndAdministrativeExpenses": 0,
    "otherExpenses": 982100000,
    "operatingExpenses": 982100000,
    "costAndExpenses": 4214300000,
    "interestIncome": 0,
    "interestExpense": 0,
    "depreciationAndAmortization": 0,
    "ebitda": 783700000,
    "ebitdaratio": 0.1625731237,
    "operatingIncome": 606300000,
    "operatingIncomeRatio": 0.1257727254,
    "totalOtherIncomeExpensesNet": -93100000,
    "incomeBeforeTax": 513200000,
    "incomeBeforeTaxRatio": 0.1064597768,
    "incomeTaxExpense": 203700000,
    "netIncome": 309500000,
    "netIncomeRatio": 0.0642036261,
    "eps": 1.26,
    "epsdiluted": 1.26,
    "weightedAverageShsOut": 236825160,
    "weightedAverageShsOutDil": 236825160,
    "link": null,
    "finalLink": null
  },
  {
    "date": "1997-06-30",
    "symbol": "DUK",
    "reportedCurrency": "USD",
    "cik": "0001326160",
    "fillingDate": "1997-06-30",
    "acceptedDate": "1997-06-30 00:00:00",
    "calendarYear": "1997",
    "period": "Q2",
    "revenue": 3112800000,
    "costOfRevenue": 1780700000,
    "grossProfit": 1332100000,
    "grossProfitRatio": 0.4279426883,
    "researchAndDevelopmentExpenses": 0,
    "generalAndAdministrativeExpenses": 0,
    "sellingAndMarketingExpenses": 0,
    "sellingGeneralAndAdministrativeExpenses": 0,
    "otherExpenses": 980100000,
    "operatingExpenses": 980100000,
    "costAndExpenses": 2760800000,
    "interestIncome": 0,
    "interestExpense": 0,
    "depreciationAndAmortization": 0,
    "ebitda": 594700000,
    "ebitdaratio": 0.1910498586,
    "operatingIncome": 352000000,
    "operatingIncomeRatio": 0.1130814701,
    "totalOtherIncomeExpensesNet": -58400000,
    "incomeBeforeTax": 293600000,
    "incomeBeforeTaxRatio": 0.0943202262,
    "incomeTaxExpense": 125000000,
    "netIncome": 168600000,
    "netIncomeRatio": 0.0541634541,
    "eps": 0.66,
    "epsdiluted": 0.66,
    "weightedAverageShsOut": 238787640,
    "weightedAverageShsOutDil": 238787640,
    "link": null,
    "finalLink": null
  },
  {
    "date": "1997-03-31",
    "symbol": "DUK",
    "reportedCurrency": "USD",
    "cik": "0001326160",
    "fillingDate": "1997-03-31",
    "acceptedDate": "1997-03-31 00:00:00",
    "calendarYear": "1997",
    "period": "Q1",
    "revenue": 3785800000,
    "costOfRevenue": 2301300000,
    "grossProfit": 1484500000,
    "grossProfitRatio": 0.3921231972,
    "researchAndDevelopmentExpenses": 0,
    "generalAndAdministrativeExpenses": 0,
    "sellingAndMarketingExpenses": 0,
    "sellingGeneralAndAdministrativeExpenses": 0,
    "otherExpenses": 874500000,
    "operatingExpenses": 874500000,
    "costAndExpenses": 3175800000,
    "interestIncome": 0,
    "interestExpense": 0,
    "depreciationAndAmortization": 0,
    "ebitda": 764500000,
    "ebitdaratio": 0.201938824,
    "operatingIncome": 610000000,
    "operatingIncomeRatio": 0.1611284273,
    "totalOtherIncomeExpensesNet": -93800000,
    "incomeBeforeTax": 516200000,
    "incomeBeforeTaxRatio": 0.1363516298,
    "incomeTaxExpense": 204500000,
    "netIncome": 311700000,
    "netIncomeRatio": 0.0823339849,
    "eps": 1.26,
    "epsdiluted": 1.23,
    "weightedAverageShsOut": 134393198,
    "weightedAverageShsOutDil": 134393198,
    "link": null,
    "finalLink": null
  },
  {
    "date": "1996-12-31",
    "symbol": "DUK",
    "reportedCurrency": "USD",
    "cik": "0001326160",
    "fillingDate": "1996-12-31",
    "acceptedDate": "1996-12-31 00:00:00",
    "calendarYear": "1996",
    "period": "Q4",
    "revenue": 1183800000,
    "costOfRevenue": 285200000,
    "grossProfit": 898600000,
    "grossProfitRatio": 0.7590809258,
    "researchAndDevelopmentExpenses": 0,
    "generalAndAdministrativeExpenses": 0,
    "sellingAndMarketingExpenses": 0,
    "sellingGeneralAndAdministrativeExpenses": 0,
    "otherExpenses": 665500000,
    "operatingExpenses": 665500000,
    "costAndExpenses": 950700000,
    "interestIncome": 0,
    "interestExpense": 0,
    "depreciationAndAmortization": 0,
    "ebitda": 382800000,
    "ebitdaratio": 0.3233654334,
    "operatingIncome": 233100000,
    "operatingIncomeRatio": 0.1969082615,
    "totalOtherIncomeExpensesNet": -38500000,
    "incomeBeforeTax": 194600000,
    "incomeBeforeTaxRatio": 0.164385876,
    "incomeTaxExpense": 78300000,
    "netIncome": 116300000,
    "netIncomeRatio": 0.0982429464,
    "eps": 1.6,
    "epsdiluted": 0.74,
    "weightedAverageShsOut": 155476035,
    "weightedAverageShsOutDil": 155476035,
    "link": null,
    "finalLink": null
  },
  {
    "date": "1996-09-30",
    "symbol": "DUK",
    "reportedCurrency": "USD",
    "cik": "0001326160",
    "fillingDate": "1996-09-30",
    "acceptedDate": "1996-09-30 00:00:00",
    "calendarYear": "1996",
    "period": "Q3",
    "revenue": 3133400000,
    "costOfRevenue": 1641700000,
    "grossProfit": 1491700000,
    "grossProfitRatio": 0.4760643391,
    "researchAndDevelopmentExpenses": 0,
    "generalAndAdministrativeExpenses": 0,
    "sellingAndMarketingExpenses": 0,
    "sellingGeneralAndAdministrativeExpenses": 0,
    "otherExpenses": 838600000,
    "operatingExpenses": 838600000,
    "costAndExpenses": 2480300000,
    "interestIncome": 0,
    "interestExpense": 0,
    "depreciationAndAmortization": 0,
    "ebitda": 900500000,
    "ebitdaratio": 0.2873875024,
    "operatingIncome": 653100000,
    "operatingIncomeRatio": 0.2084317355,
    "totalOtherIncomeExpensesNet": -83700000,
    "incomeBeforeTax": 569400000,
    "incomeBeforeTaxRatio": 0.1817195379,
    "incomeTaxExpense": 218200000,
    "netIncome": 351200000,
    "netIncomeRatio": 0.1120827216,
    "eps": 1.41,
    "epsdiluted": 1.41,
    "weightedAverageShsOut": 155476035,
    "weightedAverageShsOutDil": 155476035,
    "link": null,
    "finalLink": null
  },
  {
    "date": "1996-06-30",
    "symbol": "DUK",
    "reportedCurrency": "USD",
    "cik": "0001326160",
    "fillingDate": "1996-06-30",
    "acceptedDate": "1996-06-30 00:00:00",
    "calendarYear": "1996",
    "period": "Q2",
    "revenue": 2559300000,
    "costOfRevenue": 1257900000,
    "grossProfit": 1301400000,
    "grossProfitRatio": 0.5084984175,
    "researchAndDevelopmentExpenses": 0,
    "generalAndAdministrativeExpenses": 0,
    "sellingAndMarketingExpenses": 0,
    "sellingGeneralAndAdministrativeExpenses": 0,
    "otherExpenses": 822200000,
    "operatingExpenses": 822200000,
    "costAndExpenses": 2080100000,
    "interestIncome": 0,
    "interestExpense": 0,
    "depreciationAndAmortization": 0,
    "ebitda": 832500000,
    "ebitdaratio": 0.3252842574,
    "operatingIncome": 479200000,
    "operatingIncomeRatio": 0.1872386981,
    "totalOtherIncomeExpensesNet": -89800000,
    "incomeBeforeTax": 389400000,
    "incomeBeforeTaxRatio": 0.1521509788,
    "incomeTaxExpense": 152300000,
    "netIncome": 237100000,
    "netIncomeRatio": 0.0926425194,
    "eps": 0.93,
    "epsdiluted": 0.93,
    "weightedAverageShsOut": 154016940,
    "weightedAverageShsOutDil": 154016940,
    "link": null,
    "finalLink": null
  },
  {
    "date": "1996-03-31",
    "symbol": "DUK",
    "reportedCurrency": "USD",
    "cik": "0001326160",
    "fillingDate": "1996-03-31",
    "acceptedDate": "1996-03-31 00:00:00",
    "calendarYear": "1996",
    "period": "Q1",
    "revenue": 1162100000,
    "costOfRevenue": 285800000,
    "grossProfit": 876300000,
    "grossProfitRatio": 0.7540659152,
    "researchAndDevelopmentExpenses": 0,
    "generalAndAdministrativeExpenses": 0,
    "sellingAndMarketingExpenses": 0,
    "sellingGeneralAndAdministrativeExpenses": 0,
    "otherExpenses": 518800000,
    "operatingExpenses": 518800000,
    "costAndExpenses": 804600000,
    "interestIncome": 0,
    "interestExpense": 0,
    "depreciationAndAmortization": 0,
    "ebitda": 534400000,
    "ebitdaratio": 0.4598571552,
    "operatingIncome": 357500000,
    "operatingIncomeRatio": 0.3076327338,
    "totalOtherIncomeExpensesNet": -39700000,
    "incomeBeforeTax": 317800000,
    "incomeBeforeTaxRatio": 0.2734704414,
    "incomeTaxExpense": 126500000,
    "netIncome": 191300000,
    "netIncomeRatio": 0.1646157818,
    "eps": 1.17,
    "epsdiluted": 1.17,
    "weightedAverageShsOut": 154016940,
    "weightedAverageShsOutDil": 154016940,
    "link": null,
    "finalLink": null
  },
  {
    "date": "1995-12-31",
    "symbol": "DUK",
    "reportedCurrency": "USD",
    "cik": "0001326160",
    "fillingDate": "1995-12-31",
    "acceptedDate": "1995-12-31 00:00:00",
    "calendarYear": "1995",
    "period": "Q4",
    "revenue": 1133300000,
    "costOfRevenue": 294600000,
    "grossProfit": 838700000,
    "grossProfitRatio": 0.740051178,
    "researchAndDevelopmentExpenses": 0,
    "generalAndAdministrativeExpenses": 0,
    "sellingAndMarketingExpenses": 0,
    "sellingGeneralAndAdministrativeExpenses": 0,
    "otherExpenses": 627200000,
    "operatingExpenses": 627200000,
    "costAndExpenses": 921800000,
    "interestIncome": 0,
    "interestExpense": 0,
    "depreciationAndAmortization": 0,
    "ebitda": 386300000,
    "ebitdaratio": 0.3408629666,
    "operatingIncome": 211500000,
    "operatingIncomeRatio": 0.186623136,
    "totalOtherIncomeExpensesNet": -54300000,
    "incomeBeforeTax": 157200000,
    "incomeBeforeTaxRatio": 0.1387099621,
    "incomeTaxExpense": 66700000,
    "netIncome": 90500000,
    "netIncomeRatio": 0.0798552899,
    "eps": 0.59,
    "epsdiluted": 0.59,
    "weightedAverageShsOut": 135721257,
    "weightedAverageShsOutDil": 135721257,
    "link": null,
    "finalLink": null
  },
  {
    "date": "1995-09-30",
    "symbol": "DUK",
    "reportedCurrency": "USD",
    "cik": "0001326160",
    "fillingDate": "1995-09-30",
    "acceptedDate": "1995-09-30 00:00:00",
    "calendarYear": "1995",
    "period": "Q3",
    "revenue": 1380000000,
    "costOfRevenue": 345000000,
    "grossProfit": 1035000000,
    "grossProfitRatio": 0.75,
    "researchAndDevelopmentExpenses": 0,
    "generalAndAdministrativeExpenses": 0,
    "sellingAndMarketingExpenses": 0,
    "sellingGeneralAndAdministrativeExpenses": 0,
    "otherExpenses": 530500000,
    "operatingExpenses": 530500000,
    "costAndExpenses": 875500000,
    "interestIncome": 0,
    "interestExpense": 0,
    "depreciationAndAmortization": 0,
    "ebitda": 672200000,
    "ebitdaratio": 0.4871014493,
    "operatingIncome": 504500000,
    "operatingIncomeRatio": 0.3655797101,
    "totalOtherIncomeExpensesNet": -37400000,
    "incomeBeforeTax": 467100000,
    "incomeBeforeTaxRatio": 0.3384782609,
    "incomeTaxExpense": 181900000,
    "netIncome": 285200000,
    "netIncomeRatio": 0.2066666667,
    "eps": 2.01,
    "epsdiluted": 2.01,
    "weightedAverageShsOut": 135721257,
    "weightedAverageShsOutDil": 135721257,
    "link": null,
    "finalLink": null
  }
]