[
  {
    "date": "2024-12-31",
    "symbol": "DUK",
    "reportedCurrency": "USD",
    "cik": "0001326160",
    "fillingDate": "2025-02-27",
    "acceptedDate": "2025-02-27 12:18:05",
    "calendarYear": "2024",
    "period": "FY",
    "revenue": 30357000000,
    "costOfRevenue": 15160000000,
    "grossProfit": 15197000000,
    "grossProfitRatio": 0.5006094146,
    "researchAndDevelopmentExpenses": 0,
    "generalAndAdministrativeExpenses": 0,
    "sellingAndMarketingExpenses": 0,
    "sellingGeneralAndAdministrativeExpenses": 0,
    "otherExpenses": 7271000000,
    "operatingExpenses": 7271000000,
    "costAndExpenses": 22431000000,
    "interestIncome": 63000000,
    "interestExpense": 3384000000,
    "depreciationAndAmortization": 6419000000,
    "ebitda": 14997000000,
    "ebitdaratio": 0.4940211483,
    "operatingIncome": 7926000000,
    "operatingIncomeRatio": 0.2610929934,
    "totalOtherIncomeExpensesNet": -2732000000,
    "incomeBeforeTax": 5194000000,
    "incomeBeforeTaxRatio": 0.1710972758,
    "incomeTaxExpense": 590000000,
    "netIncome": 4510000000,
    "netIncomeRatio": 0.148565405,
    "eps": 5.71,
    "epsdiluted": 5.71,
    "weightedAverageShsOut": 772000000,
    "weightedAverageShsOutDil": 772000000,
    "link": "https://www.sec.gov/Archives/edgar/data/1326160/000132616025000072/0001326160-25-000072-index.htm",
    "finalLink": "https://www.sec.gov/Archives/edgar/data/20290/000132616025000072/duk-20241231.htm"
  },
  {
    "date": "2023-12-31",
    "symbol": "DUK",
    "reportedCurrency": "USD",
    "cik": "0001326160",
    "fillingDate": "2024-02-23",
    "acceptedDate": "2024-02-23 13:27:16",
    "calendarYear": "2023",
    "period": "FY",
    "revenue": 29060000000,
    "costOfRevenue": 15304000000,
    "grossProfit": 13756000000,
    "grossProfitRatio": 0.4733654508,
    "researchAndDevelopmentExpenses": 0,
    "generalAndAdministrativeExpenses": 0,
    "sellingAndMarketingExpenses": 0,
    "sellingGeneralAndAdministrativeExpenses": 0,
    "otherExpenses": 6686000000,
    "operatingExpenses": 6686000000,
    "costAndExpenses": 21990000000,
    "interestIncome": 29000000,
    "interestExpense": 3014000000,
    "depreciationAndAmortization": 6084000000,
    "ebitda": 13865000000,
    "ebitdaratio": 0.4771163111,
    "operatingIncome": 7070000000,
    "operatingIncomeRatio": 0.2432897454,
    "totalOtherIncomeExpensesNet": -2303000000,
    "incomeBeforeTax": 4767000000,
    "incomeBeforeTaxRatio": 0.1640399174,
    "incomeTaxExpense": 438000000,
    "netIncome": 4296000000,
    "netIncomeRatio": 0.1478320716,
    "eps": 5.43,
    "epsdiluted": 5.43,
    "weightedAverageShsOut": 771000000,
    "weightedAverageShsOutDil": 771000000,
    "link": "https://www.sec.gov/Archives/edgar/data/1326160/000132616024000037/0001326160-24-000037-index.htm",
    "finalLink": "https://www.sec.gov/Archives/edgar/data/17797/000132616024000037/duk-20231231.htm"
  },
  {
    "date": "2022-12-31",
    "symbol": "DUK",
    "reportedCurrency": "USD",
    "cik": "0001326160",
    "fillingDate": "2023-02-27",
    "acceptedDate": "2023-02-27 06:12:41",
    "calendarYear": "2022",
    "period": "FY",
    "revenue": 28768000000,
    "costOfRevenue": 15792000000,
    "grossProfit": 12976000000,
    "grossProfitRatio": 0.4510567297,
    "researchAndDevelopmentExpenses": 0,
    "generalAndAdministrativeExpenses": 0,
    "sellingAndMarketingExpenses": 0,
    "sellingGeneralAndAdministrativeExpenses": 0,
    "otherExpenses": 6964000000,
    "operatingExpenses": 6964000000,
    "costAndExpenses": 22756000000,
    "interestIncome": 27000000,
    "interestExpense": 2439000000,
    "depreciationAndAmortization": 5843000000,
    "ebitda": 12360000000,
    "ebitdaratio": 0.4296440489,
    "operatingIncome": 6012000000,
    "operatingIncomeRatio": 0.2089822024,
    "totalOtherIncomeExpensesNet": -1934000000,
    "incomeBeforeTax": 4078000000,
    "incomeBeforeTaxRatio": 0.1417547275,
    "incomeTaxExpense": 300000000,
    "netIncome": 2550000000,
    "netIncomeRatio": 0.0886401557,
    "eps": 3.17,
    "epsdiluted": 3.17,
    "weightedAverageShsOut": 770000000,
    "weightedAverageShsOutDil": 770000000,
    "link": "https://www.sec.gov/Archives/edgar/data/1326160/000132616023000073/0001326160-23-000073-index.htm",
    "finalLink": "https://www.sec.gov/Archives/edgar/data/17797/000132616023000073/duk-20221231.htm"
  },
  {
    "date": "2021-12-31",
    "symbol": "DUK",
    "reportedCurrency": "USD",
    "cik": "0001326160",
    "fillingDate": "2022-02-24",
    "acceptedDate": "2022-02-24 13:35:41",
    "calendarYear": "2021",
    "period": "FY",
    "revenue": 24621000000,
    "costOfRevenue": 12663000000,
    "grossProfit": 11958000000,
    "grossProfitRatio": 0.4856829536,
    "researchAndDevelopmentExpenses": 0,
    "generalAndAdministrativeExpenses": 0,
    "sellingAndMarketingExpenses": 0,
    "sellingGeneralAndAdministrativeExpenses": 0,
    "otherExpenses": 6458000000,
    "operatingExpenses": 6458000000,
    "costAndExpenses": 19121000000,
    "interestIncome": 13000000,
    "interestExpense": 2207000000,
    "depreciationAndAmortization": 5663000000,
    "ebitda": 11861000000,
    "ebitdaratio": 0.4817432273,
    "operatingIncome": 5500000000,
    "operatingIncomeRatio": 0.2233865399,
    "totalOtherIncomeExpensesNet": -1509000000,
    "incomeBeforeTax": 3991000000,
    "incomeBeforeTaxRatio": 0.1620973965,
    "incomeTaxExpense": 268000000,
    "netIncome": 3908000000,
    "netIncomeRatio": 0.1587262906,
    "eps": 4.94,
    "epsdiluted": 4.94,
    "weightedAverageShsOut": 769000000,
    "weightedAverageShsOutDil": 769000000,
    "link": "https://www.sec.gov/Archives/edgar/data/1326160/000132616022000072/0001326160-22-000072-index.htm",
    "finalLink": "https://www.sec.gov/Archives/edgar/data/17797/000132616022000072/duk-20211231.htm"
  },
  {
    "date": "2020-12-31",
    "symbol": "DUK",
    "reportedCurrency": "USD",
    "cik": "0001326160",
    "fillingDate": "2021-02-25",
    "acceptedDate": "2021-02-25 14:46:09",
    "calendarYear": "2020",
    "period": "FY",
    "revenue": 23366000000,
    "costOfRevenue": 12013000000,
    "grossProfit": 11353000000,
    "grossProfitRatio": 0.4858769152,
    "researchAndDevelopmentExpenses": 0,
    "generalAndAdministrativeExpenses": 0,
    "sellingAndMarketingExpenses": 0,
    "sellingGeneralAndAdministrativeExpenses": 0,
    "otherExpenses": 6782000000,
    "operatingExpenses": 6782000000,
    "costAndExpenses": 18795000000,
    "interestIncome": 30000000,
    "interestExpense": 2162000000,
    "depreciationAndAmortization": 5486000000,
    "ebitda": 8503000000,
    "ebitdaratio": 0.363904819,
    "operatingIncome": 4571000000,
    "operatingIncomeRatio": 0.1956261234,
    "totalOtherIncomeExpensesNet": -3651000000,
    "incomeBeforeTax": 920000000,
    "incomeBeforeTaxRatio": 0.0393734486,
    "incomeTaxExpense": -169000000,
    "netIncome": 1377000000,
    "netIncomeRatio": 0.0589317812,
    "eps": 1.72,
    "epsdiluted": 1.72,
    "weightedAverageShsOut": 737000000,
    "weightedAverageShsOutDil": 738000000,
    "link": "https://www.sec.gov/Archives/edgar/data/1326160/000132616021000063/0001326160-21-000063-index.htm",
    "finalLink": "https://www.sec.gov/Archives/edgar/data/17797/000132616021000063/duk-20201231.htm"
  },
  {
    "date": "2019-12-31",
    "symbol": "DUK",
    "reportedCurrency": "USD",
    "cik": "0001326160",
    "fillingDate": "2020-02-20",
    "acceptedDate": "2020-02-20 14:37:25",
    "calendarYear": "2019",
    "period": "FY",
    "revenue": 25079000000,
    "costOfRevenue": 13519000000,
    "grossProfit": 11560000000,
    "grossProfitRatio": 0.4609434188,
    "researchAndDevelopmentExpenses": 0,
    "generalAndAdministrativeExpenses": 0,
    "sellingAndMarketingExpenses": 0,
    "sellingGeneralAndAdministrativeExpenses": 0,
    "otherExpenses": 5855000000,
    "operatingExpenses": 5855000000,
    "costAndExpenses": 19374000000,
    "interestIncome": 31000000,
    "interestExpense": 2204000000,
    "depreciationAndAmortization": 5176000000,
    "ebitda": 11477000000,
    "ebitdaratio": 0.4576338769,
    "operatingIncome": 5709000000,
    "operatingIncomeRatio": 0.2276406555,
    "totalOtherIncomeExpensesNet": -1612000000,
    "incomeBeforeTax": 4097000000,
    "incomeBeforeTaxRatio": 0.1633637705,
    "incomeTaxExpense": 519000000,
    "netIncome": 3748000000,
    "netIncomeRatio": 0.1494477451,
    "eps": 5.06,
    "epsdiluted": 5.06,
    "weightedAverageShsOut": 729000000,
    "weightedAverageShsOutDil": 729000000,
    "link": "https://www.sec.gov/Archives/edgar/data/1326160/000132616020000034/0001326160-20-000034-index.htm",
    "finalLink": "https://www.sec.gov/Archives/edgar/data/17797/000132616020000034/duk-20191231x10k.htm"
  },
  {
    "date": "2018-12-31",
    "symbol": "DUK",
    "reportedCurrency": "USD",
    "cik": "0001326160",
    "fillingDate": "2019-02-28",
    "acceptedDate": "2019-02-28 15:36:52",
    "calendarYear": "2018",
    "period": "FY",
    "revenue": 24521000000,
    "costOfRevenue": 13991000000,
    "grossProfit": 10530000000,
    "grossProfitRatio": 0.4294278374,
    "researchAndDevelopmentExpenses": 0,
    "generalAndAdministrativeExpenses": 0,
    "sellingAndMarketingExpenses": 0,
    "sellingGeneralAndAdministrativeExpenses": 0,
    "otherExpenses": 5354000000,
    "operatingExpenses": 5354000000,
    "costAndExpenses": 19345000000,
    "interestIncome": 20000000,
    "interestExpense": 2094000000,
    "depreciationAndAmortization": 4696000000,
    "ebitda": 9863000000,
    "ebitdaratio": 0.4022266629,
    "operatingIncome": 4685000000,
    "operatingIncomeRatio": 0.1910607235,
    "totalOtherIncomeExpensesNet": -1612000000,
    "incomeBeforeTax": 3073000000,
    "incomeBeforeTaxRatio": 0.1253211533,
    "incomeTaxExpense": 448000000,
    "netIncome": 2666000000,
    "netIncomeRatio": 0.1087231353,
    "eps": 3.77,
    "epsdiluted": 3.77,
    "weightedAverageShsOut": 708000000,
    "weightedAverageShsOutDil": 708000000,
    "link": "https://www.sec.gov/Archives/edgar/data/1326160/000132616019000057/0001326160-19-000057-index.htm",
    "finalLink": "https://www.sec.gov/Archives/edgar/data/17797/000132616019000057/duk-20181231x10k.htm"
  },
  {
    "date": "2017-12-31",
    "symbol": "DUK",
    "reportedCurrency": "USD",
    "cik": "0001326160",
    "fillingDate": "2018-02-21",
    "acceptedDate": "2018-02-21 16:28:38",
    "calendarYear": "2017",
    "period": "FY",
    "revenue": 23565000000,
    "costOfRevenue": 12926000000,
    "grossProfit": 10703000000,
    "grossProfitRatio": 0.4541905368,
    "researchAndDevelopmentExpenses": 0,
    "generalAndAdministrativeExpenses": 0,
    "sellingAndMarketingExpenses": 0,
    "sellingGeneralAndAdministrativeExpenses": 0,
    "otherExpenses": 5078000000,
    "operatingExpenses": 4760000000,
    "costAndExpenses": 17686000000,
    "interestIncome": 13000000,
    "interestExpense": 1986000000,
    "depreciationAndAmortization": 4046000000,
    "ebitda": 10298000000,
    "ebitdaratio": 0.4370040314,
    "operatingIncome": 5625000000,
    "operatingIncomeRatio": 0.238701464,
    "totalOtherIncomeExpensesNet": -1359000000,
    "incomeBeforeTax": 4266000000,
    "incomeBeforeTaxRatio": 0.1810311903,
    "incomeTaxExpense": 1196000000,
    "netIncome": 3059000000,
    "netIncomeRatio": 0.1298111606,
    "eps": 4.36,
    "epsdiluted": 4.36,
    "weightedAverageShsOut": 700000000,
    "weightedAverageShsOutDil": 700000000,
    "link": "https://www.sec.gov/Archives/edgar/data/1326160/000132616018000034/0001326160-18-000034-index.htm",
    "finalLink": "https://www.sec.gov/Archives/edgar/data/17797/000132616018000034/duk-20171231x10k.htm"
  },
  {
    "date": "2016-12-31",
    "symbol": "DUK",
    "reportedCurrency": "USD",
    "cik": "0001326160",
    "fillingDate": "2017-02-24",
    "acceptedDate": "2017-02-24 16:22:25",
    "calendarYear": "2016",
    "period": "FY",
    "revenue": 22743000000,
    "costOfRevenue": 13114000000,
    "grossProfit": 9629000000,
    "grossProfitRatio": 0.423383019,
    "researchAndDevelopmentExpenses": 0,
    "generalAndAdministrativeExpenses": 0,
    "sellingAndMarketingExpenses": 0,
    "sellingGeneralAndAdministrativeExpenses": 0,
    "otherExpenses": 4436000000,
    "operatingExpenses": 4436000000,
    "costAndExpenses": 17550000000,
    "interestIncome": 21000000,
    "interestExpense": 1726000000,
    "depreciationAndAmortization": 3880000000,
    "ebitda": 9530000000,
    "ebitdaratio": 0.4190300312,
    "operatingIncome": 5202000000,
    "operatingIncomeRatio": 0.228729719,
    "totalOtherIncomeExpensesNet": -1468000000,
    "incomeBeforeTax": 3734000000,
    "incomeBeforeTaxRatio": 0.1641823858,
    "incomeTaxExpense": 1156000000,
    "netIncome": 2666000000,
    "netIncomeRatio": 0.1172228818,
    "eps": 3.11,
    "epsdiluted": 3.11,
    "weightedAverageShsOut": 691000000,
    "weightedAverageShsOutDil": 691000000,
    "link": "https://www.sec.gov/Archives/edgar/data/1326160/000132616017000016/0001326160-17-000016-index.htm",
    "finalLink": "https://www.sec.gov/Archives/edgar/data/17797/000132616017000016/duk-20161231x10k.htm"
  },
  {
    "date": "2015-12-31",
    "symbol": "DUK",
    "reportedCurrency": "USD",
    "cik": "0001326160",
    "fillingDate": "2016-02-25",
    "acceptedDate": "2016-02-25 17:07:24",
    "calendarYear": "2015",
    "period": "FY",
    "revenue": 22371000000,
    "costOfRevenue": 13035000000,
    "grossProfit": 9336000000,
    "grossProfitRatio": 0.4173260024,
    "researchAndDevelopmentExpenses": 0,
    "generalAndAdministrativeExpenses": 0,
    "sellingAndMarketingExpenses": 0,
    "sellingGeneralAndAdministrativeExpenses": 0,
    "otherExpenses": 4182000000,
    "operatingExpenses": 4182000000,
    "costAndExpenses": 17217000000,
    "interestIncome": 20000000,
    "interestExpense": 1527000000,
    "depreciationAndAmortization": 3613000000,
    "ebitda": 9050000000,
    "ebitdaratio": 0.404541594,
    "operatingIncome": 5078000000,
    "operatingIncomeRatio": 0.2269902999,
    "totalOtherIncomeExpensesNet": -1168000000,
    "incomeBeforeTax": 3910000000,
    "incomeBeforeTaxRatio": 0.1747798489,
    "incomeTaxExpense": 1256000000,
    "netIncome": 2861000000,
    "netIncomeRatio": 0.1278887846,
    "eps": 4.05,
    "epsdiluted": 4.05,
    "weightedAverageShsOut": 694000000,
    "weightedAverageShsOutDil": 694000000,
    "link": "https://www.sec.gov/Archives/edgar/data/1326160/000132616016000221/0001326160-16-000221-index.htm",
    "finalLink": "https://www.sec.gov/Archives/edgar/data/17797/000132616016000221/duk-20151231x10k.htm"
  },
  {
    "date": "2014-12-31",
    "symbol": "DUK",
    "reportedCurrency": "USD",
    "cik": "0001326160",
    "fillingDate": "2015-03-02",
    "acceptedDate": "2015-02-27 19:04:35",
    "calendarYear": "2014",
    "period": "FY",
    "revenue": 22509000000,
    "costOfRevenue": 13423000000,
    "grossProfit": 9436000000,
    "grossProfitRatio": 0.4192100937,
    "researchAndDevelopmentExpenses": 0,
    "generalAndAdministrativeExpenses": 0,
    "sellingAndMarketingExpenses": 0,
    "sellingGeneralAndAdministrativeExpenses": 0,
    "otherExpenses": 4173000000,
    "operatingExpenses": 4173000000,
    "costAndExpenses": 17596000000,
    "interestIncome": 57000000,
    "interestExpense": 1622000000,
    "depreciationAndAmortization": 3507000000,
    "ebitda": 8799000000,
    "ebitdaratio": 0.3909103025,
    "operatingIncome": 4842000000,
    "operatingIncomeRatio": 0.2151139544,
    "totalOtherIncomeExpensesNet": -1079000000,
    "incomeBeforeTax": 3763000000,
    "incomeBeforeTaxRatio": 0.1671775734,
    "incomeTaxExpense": 1225000000,
    "netIncome": 2812000000,
    "netIncomeRatio": 0.1249278067,
    "eps": 2.66,
    "epsdiluted": 2.66,
    "weightedAverageShsOut": 707000000,
    "weightedAverageShsOutDil": 707000000,
    "link": "https://www.sec.gov/Archives/edgar/data/1326160/000132616015000008/0001326160-15-000008-index.htm",
    "finalLink": "https://www.sec.gov/Archives/edgar/data/17797/000132616015000008/duk-20141231x10k.htm"
  },
  {
    "date": "2013-12-31",
    "symbol": "DUK",
    "reportedCurrency": "USD",
    "cik": "0001326160",
    "fillingDate": "2014-02-28",
    "acceptedDate": "2014-02-28 15:50:25",
    "calendarYear": "2013",
    "period": "FY",
    "revenue": 22756000000,
    "costOfRevenue": 13545000000,
    "grossProfit": 9211000000,
    "grossProfitRatio": 0.4047723677,
    "researchAndDevelopmentExpenses": 0,
    "generalAndAdministrativeExpenses": 0,
    "sellingAndMarketingExpenses": 0,
    "sellingGeneralAndAdministrativeExpenses": 0,
    "otherExpenses": 3942000000,
    "operatingExpenses": 3942000000,
    "costAndExpenses": 17487000000,
    "interestIncome": 26000000,
    "interestExpense": 1605000000,
    "depreciationAndAmortization": 3229000000,
    "ebitda": 8567000000,
    "ebitdaratio": 0.3764721392,
    "operatingIncome": 4854000000,
    "operatingIncomeRatio": 0.2133063807,
    "totalOtherIncomeExpensesNet": -1059000000,
    "incomeBeforeTax": 3795000000,
    "incomeBeforeTaxRatio": 0.1667692037,
    "incomeTaxExpense": 1205000000,
    "netIncome": 2665000000,
    "netIncomeRatio": 0.1171119705,
    "eps": 3.77,
    "epsdiluted": 3.76,
    "weightedAverageShsOut": 706000000,
    "weightedAverageShsOutDil": 706000000,
    "link": "https://www.sec.gov/Archives/edgar/data/1326160/000132616014000003/0001326160-14-000003-index.htm",
    "finalLink": "https://www.sec.gov/Archives/edgar/data/17797/000132616014000003/form10k.htm"
  },
  {
    "date": "2012-12-31",
    "symbol": "DUK",
    "reportedCurrency": "USD",
    "cik": "0001326160",
    "fillingDate": "2013-03-01",
    "acceptedDate": "2013-03-01 09:24:17",
    "calendarYear": "2012",
    "period": "FY",
    "revenue": 17912000000,
    "costOfRevenue": 11235000000,
    "grossProfit": 5432000000,
    "grossProfitRatio": 0.3032603841,
    "researchAndDevelopmentExpenses": 0,
    "generalAndAdministrativeExpenses": 0,
    "sellingAndMarketingExpenses": 0,
    "sellingGeneralAndAdministrativeExpenses": 0,
    "otherExpenses": 3110000000,
    "operatingExpenses": 3110000000,
    "costAndExpenses": 14345000000,
    "interestIncome": 50000000,
    "interestExpense": 1236000000,
    "depreciationAndAmortization": 2652000000,
    "ebitda": 6130000000,
    "ebitdaratio": 0.3422286735,
    "operatingIncome": 3903000000,
    "operatingIncomeRatio": 0.2178986155,
    "totalOtherIncomeExpensesNet": -1669000000,
    "incomeBeforeTax": 2234000000,
    "incomeBeforeTaxRatio": 0.1247208575,
    "incomeTaxExpense": 623000000,
    "netIncome": 1768000000,
    "netIncomeRatio": 0.0987047789,
    "eps": 3.07,
    "epsdiluted": 3.07,
    "weightedAverageShsOut": 574000000,
    "weightedAverageShsOutDil": 575000000,
    "link": "https://www.sec.gov/Archives/edgar/data/1326160/000132616013000009/0001326160-13-000009-index.htm",
    "finalLink": "https://www.sec.gov/Archives/edgar/data/17797/000132616013000009/form10k.htm"
  },
  {
    "date": "2011-12-31",
    "symbol": "DUK",
    "reportedCurrency": "USD",
    "cik": "0001326160",
    "fillingDate": "2012-02-28",
    "acceptedDate": "2012-02-28 16:47:30",
    "calendarYear": "2011",
    "period": "FY",
    "revenue": 14529000000,
    "costOfRevenue": 8915000000,
    "grossProfit": 5614000000,
    "grossProfitRatio": 0.3863996146,
    "researchAndDevelopmentExpenses": 0,
    "generalAndAdministrativeExpenses": 0,
    "sellingAndMarketingExpenses": 0,
    "sellingGeneralAndAdministrativeExpenses": 0,
    "otherExpenses": 2510000000,
    "operatingExpenses": 2510000000,
    "costAndExpenses": 11425000000,
    "interestIncome": 53000000,
    "interestExpense": 854000000,
    "depreciationAndAmortization": 2026000000,
    "ebitda": 5350000000,
    "ebitdaratio": 0.3682290591,
    "operatingIncome": 2777000000,
    "operatingIncomeRatio": 0.1911349714,
    "totalOtherIncomeExpensesNet": -312000000,
    "incomeBeforeTax": 2465000000,
    "incomeBeforeTaxRatio": 0.1696606786,
    "incomeTaxExpense": 752000000,
    "netIncome": 1706000000,
    "netIncomeRatio": 0.1174203318,
    "eps": 3.83,
    "epsdiluted": 3.83,
    "weightedAverageShsOut": 444000000,
    "weightedAverageShsOutDil": 444333328,
    "link": "https://www.sec.gov/Archives/edgar/data/1326160/000119312512085533/0001193125-12-085533-index.htm",
    "finalLink": "https://www.sec.gov/Archives/edgar/data/20290/000119312512085533/d265218d10k.htm"
  },
  {
    "date": "2010-12-31",
    "symbol": "DUK",
    "reportedCurrency": "USD",
    "cik": "0001326160",
    "fillingDate": "2011-02-25",
    "acceptedDate": "2011-02-25 14:57:55",
    "calendarYear": "2010",
    "period": "FY",
    "revenue": 14354000000,
    "costOfRevenue": 8750000000,
    "grossProfit": 5522000000,
    "grossProfitRatio": 0.3847011286,
    "researchAndDevelopmentExpenses": 0,
    "generalAndAdministrativeExpenses": 0,
    "sellingAndMarketingExpenses": 0,
    "sellingGeneralAndAdministrativeExpenses": 0,
    "otherExpenses": 2488000000,
    "operatingExpenses": 2488000000,
    "costAndExpenses": 11238000000,
    "interestIncome": 67000000,
    "interestExpense": 835000000,
    "depreciationAndAmortization": 1994000000,
    "ebitda": 5044000000,
    "ebitdaratio": 0.3514003065,
    "operatingIncome": 2461000000,
    "operatingIncomeRatio": 0.1714504668,
    "totalOtherIncomeExpensesNet": -251000000,
    "incomeBeforeTax": 2210000000,
    "incomeBeforeTaxRatio": 0.1539640518,
    "incomeTaxExpense": 890000000,
    "netIncome": 1320000000,
    "netIncomeRatio": 0.0919604291,
    "eps": 3,
    "epsdiluted": 3,
    "weightedAverageShsOut": 439333328,
    "weightedAverageShsOutDil": 440000000,
    "link": "https://www.sec.gov/Archives/edgar/data/1326160/000119312511047229/0001193125-11-047229-index.htm",
    "finalLink": "https://www.sec.gov/Archives/edgar/data/20290/000119312511047229/d10k.htm"
  },
  {
    "date": "2009-12-31",
    "symbol": "DUK",
    "reportedCurrency": "USD",
    "cik": "0001326160",
    "fillingDate": "2010-02-26",
    "acceptedDate": "2010-02-26 16:59:55",
    "calendarYear": "2009",
    "period": "FY",
    "revenue": 12731000000,
    "costOfRevenue": 4444000000,
    "grossProfit": 8287000000,
    "grossProfitRatio": 0.6509307988,
    "researchAndDevelopmentExpenses": 0,
    "generalAndAdministrativeExpenses": 0,
    "sellingAndMarketingExpenses": 0,
    "sellingGeneralAndAdministrativeExpenses": 0,
    "otherExpenses": 5618000000,
    "operatingExpenses": 5618000000,
    "costAndExpenses": 10062000000,
    "interestIncome": 77000000,
    "interestExpense": 746000000,
    "depreciationAndAmortization": 1846000000,
    "ebitda": 4428000000,
    "ebitdaratio": 0.3478124264,
    "operatingIncome": 2249000000,
    "operatingIncomeRatio": 0.1766554081,
    "totalOtherIncomeExpensesNet": -418000000,
    "incomeBeforeTax": 1831000000,
    "incomeBeforeTaxRatio": 0.1438221664,
    "incomeTaxExpense": 758000000,
    "netIncome": 1075000000,
    "netIncomeRatio": 0.084439557,
    "eps": 2.49,
    "epsdiluted": 2.49,
    "weightedAverageShsOut": 430999995,
    "weightedAverageShsOutDil": 431333329,
    "link": "https://www.sec.gov/Archives/edgar/data/1326160/000119312510043083/0001193125-10-043083-index.htm",
    "finalLink": "https://www.sec.gov/Archives/edgar/data/1326160/000119312510043083/d10k.htm"
  },
  {
    "date": "2008-12-31",
    "symbol": "DUK",
    "reportedCurrency": "USD",
    "cik": "0001326160",
    "fillingDate": "2009-02-27",
    "acceptedDate": "2009-02-27 16:48:05",
    "calendarYear": "2008",
    "period": "FY",
    "revenue": 13207000000,
    "costOfRevenue": 5020000000,
    "grossProfit": 8187000000,
    "grossProfitRatio": 0.6198985387,
    "researchAndDevelopmentExpenses": 0,
    "generalAndAdministrativeExpenses": 0,
    "sellingAndMarketingExpenses": 0,
    "sellingGeneralAndAdministrativeExpenses": 0,
    "otherExpenses": 5660000000,
    "operatingExpenses": 5660000000,
    "costAndExpenses": 10680000000,
    "interestIncome": 130000000,
    "interestExpense": 741000000,
    "depreciationAndAmortization": 1834000000,
    "ebitda": 4466000000,
    "ebitdaratio": 0.3381540092,
    "operatingIncome": 2511000000,
    "operatingIncomeRatio": 0.1901264481,
    "totalOtherIncomeExpensesNet": -620000000,
    "incomeBeforeTax": 1891000000,
    "incomeBeforeTaxRatio": 0.1431816461,
    "incomeTaxExpense": 616000000,
    "netIncome": 1280000000,
    "netIncomeRatio": 0.0969183009,
    "eps": 3.24,
    "epsdiluted": 3.21,
    "weightedAverageShsOut": 421666245,
    "weightedAverageShsOutDil": 422332911,
    "link": "https://www.sec.gov/Archives/edgar/data/1326160/000119312509041096/0001193125-09-041096-index.htm",
    "finalLink": "https://www.sec.gov/Archives/edgar/data/1326160/000119312509041096/d10k.htm"
  },
  {
    "date": "2007-12-31",
    "symbol": "DUK",
    "reportedCurrency": "USD",
    "cik": "0001326160",
    "fillingDate": "2008-02-29",
    "acceptedDate": "2008-02-29 17:09:31",
    "calendarYear": "2007",
    "period": "FY",
    "revenue": 12720000000,
    "costOfRevenue": 4503000000,
    "grossProfit": 8217000000,
    "grossProfitRatio": 0.645990566,
    "researchAndDevelopmentExpenses": 0,
    "generalAndAdministrativeExpenses": 0,
    "sellingAndMarketingExpenses": 0,
    "sellingGeneralAndAdministrativeExpenses": 0,
    "otherExpenses": 5719000000,
    "operatingExpenses": 5719000000,
    "costAndExpenses": 10222000000,
    "interestIncome": 192000000,
    "interestExpense": 685000000,
    "depreciationAndAmortization": 1888000000,
    "ebitda": 4386000000,
    "ebitdaratio": 0.3448113208,
    "operatingIncome": 2498000000,
    "operatingIncomeRatio": 0.1963836478,
    "totalOtherIncomeExpensesNet": -264000000,
    "incomeBeforeTax": 2236000000,
    "incomeBeforeTaxRatio": 0.1757861635,
    "incomeTaxExpense": 712000000,
    "netIncome": 1505000000,
    "netIncomeRatio": 0.1183176101,
    "eps": 3.57,
    "epsdiluted": 3.54,
    "weightedAverageShsOut": 419999995,
    "weightedAverageShsOutDil": 421999995,
    "link": "https://www.sec.gov/Archives/edgar/data/1326160/000119312508043884/0001193125-08-043884-index.htm",
    "finalLink": "https://www.sec.gov/Archives/edgar/data/1326160/000119312508043884/d10k.htm"
  },
  {
    "date": "2006-12-31",
    "symbol": "DUK",
    "reportedCurrency": "USD",
    "cik": "0001326160",
    "fillingDate": "2007-03-01",
    "acceptedDate": "2007-03-01 17:26:53",
    "calendarYear": "2006",
    "period": "FY",
    "revenue": 15184000000,
    "costOfRevenue": 3711000000,
    "grossProfit": 6896000000,
    "grossProfitRatio": 0.4541622761,
    "researchAndDevelopmentExpenses": 0,
    "generalAndAdministrativeExpenses": 0,
    "sellingAndMarketingExpenses": 0,
    "sellingGeneralAndAdministrativeExpenses": 0,
    "otherExpenses": 5499000000,
    "operatingExpenses": 5499000000,
    "costAndExpenses": 9210000000,
    "interestIncome": 190000000,
    "interestExpense": 1253000000,
    "depreciationAndAmortization": 2215000000,
    "ebitda": 3612000000,
    "ebitdaratio": 0.237881981,
    "operatingIncome": 3168000000,
    "operatingIncomeRatio": 0.2086406744,
    "totalOtherIncomeExpensesNet": -306000000,
    "incomeBeforeTax": 2862000000,
    "incomeBeforeTaxRatio": 0.188487882,
    "incomeTaxExpense": 843000000,
    "netIncome": 1968000000,
    "netIncomeRatio": 0.1296101159,
    "eps": 4.77,
    "epsdiluted": 4.71,
    "weightedAverageShsOut": 389999996,
    "weightedAverageShsOutDil": 395999996,
    "link": "https://www.sec.gov/Archives/edgar/data/1326160/000119312507044568/0001193125-07-044568-index.htm",
    "finalLink": "https://www.sec.gov/Archives/edgar/data/1326160/000119312507044568/d10k.htm"
  },
  {
    "date": "2005-12-31",
    "symbol": "DUK",
    "reportedCurrency": "USD",
    "cik": "0001326160",
    "fillingDate": "2005-12-31",
    "acceptedDate": "2005-12-30 19:00:00",
    "calendarYear": "2005",
    "period": "FY",
    "revenue": 16297000000,
    "costOfRevenue": 1588000000,
    "grossProfit": 5318000000,
    "grossProfitRatio": 0.3263177272,
    "researchAndDevelopmentExpenses": 0,
    "generalAndAdministrativeExpenses": 0,
    "sellingAndMarketingExpenses": 0,
    "sellingGeneralAndAdministrativeExpenses": 0,
    "otherExpenses": 3998000000,
    "operatingExpenses": 3998000000,
    "costAndExpenses": 5586000000,
    "interestIncome": 120000000,
    "interestExpense": 1066000000,
    "depreciationAndAmortization": 1884000000,
    "ebitda": 3204000000,
    "ebitdaratio": 0.1966006013,
    "operatingIncome": 3616000000,
    "operatingIncomeRatio": 0.2218813279,
    "totalOtherIncomeExpensesNet": 200000000,
    "incomeBeforeTax": 3816000000,
    "incomeBeforeTaxRatio": 0.2341535252,
    "incomeTaxExpense": 1282000000,
    "netIncome": 2111000000,
    "netIncomeRatio": 0.1295330429,
    "eps": 11.64,
    "epsdiluted": 11.28,
    "weightedAverageShsOut": 311333330,
    "weightedAverageShsOutDil": 323333330,
    "link": "",
    "finalLink": ""
  },
  {
    "date": "2004-12-31",
    "symbol": "DUK",
    "reportedCurrency": "USD",
    "cik": "0001326160",
    "fillingDate": "2004-12-31",
    "acceptedDate": "2004-12-30 19:00:00",
    "calendarYear": "2004",
    "period": "FY",
    "revenue": 20549000000,
    "costOfRevenue": 11732000000,
    "grossProfit": 8817000000,
    "grossProfitRatio": 0.4290719743,
    "researchAndDevelopmentExpenses": 0,
    "generalAndAdministrativeExpenses": 0,
    "sellingAndMarketingExpenses": 0,
    "sellingGeneralAndAdministrativeExpenses": 0,
    "otherExpenses": 5644000000,
    "operatingExpenses": 5644000000,
    "costAndExpenses": 17376000000,
    "interestIncome": 71000000,
    "interestExpense": 1281000000,
    "depreciationAndAmortization": 2037000000,
    "ebitda": 5210000000,
    "ebitdaratio": 0.2535403183,
    "operatingIncome": 3237000000,
    "operatingIncomeRatio": 0.1575259137,
    "totalOtherIncomeExpensesNet": -1252000000,
    "incomeBeforeTax": 1985000000,
    "incomeBeforeTaxRatio": 0.0965983746,
    "incomeTaxExpense": 533000000,
    "netIncome": 1222000000,
    "netIncomeRatio": 0.059467614,
    "eps": 4.77,
    "epsdiluted": 4.62,
    "weightedAverageShsOut": 310333330,
    "weightedAverageShsOutDil": 320562450,
    "link": "",
    "finalLink": ""
  },
  {
    "date": "2003-12-31",
    "symbol": "DUK",
    "reportedCurrency": "USD",
    "cik": "0001326160",
    "fillingDate": "2003-12-31",
    "acceptedDate": "2003-12-30 19:00:00",
    "calendarYear": "2003",
    "period": "FY",
    "revenue": 22080000000,
    "costOfRevenue": 13494000000,
    "grossProfit": 8586000000,
    "grossProfitRatio": 0.3888586957,
    "researchAndDevelopmentExpenses": 0,
    "generalAndAdministrativeExpenses": 0,
    "sellingAndMarketingExpenses": 0,
    "sellingGeneralAndAdministrativeExpenses": 0,
    "otherExpenses": 9324000000,
    "operatingExpenses": 9324000000,
    "costAndExpenses": 22818000000,
    "interestIncome": 0,
    "interestExpense": 0,
    "depreciationAndAmortization": 1987000000,
    "ebitda": 1249000000,
    "ebitdaratio": 0.056567029,
    "operatingIncome": -738000000,
    "operatingIncomeRatio": -0.033423913,
    "totalOtherIncomeExpensesNet": -972000000,
    "incomeBeforeTax": -1710000000,
    "incomeBeforeTaxRatio": -0.0774456522,
    "incomeTaxExpense": -707000000,
    "netIncome": -1321000000,
    "netIncomeRatio": -0.0598278986,
    "eps": -4.44,
    "epsdiluted": -4.44,
    "weightedAverageShsOut": 300999699,
    "weightedAverageShsOutDil": 301333032,
    "link": "",
    "finalLink": ""
  },
  {
    "date": "2002-12-31",
    "symbol": "DUK",
    "reportedCurrency": "USD",
    "cik": "0001326160",
    "fillingDate": "2002-12-31",
    "acceptedDate": "2002-12-30 19:00:00",
    "calendarYear": "2002",
    "period": "FY",
    "revenue": 15860000000,
    "costOfRevenue": 7551000000,
    "grossProfit": 8309000000,
    "grossProfitRatio": 0.5238965952,
    "researchAndDevelopmentExpenses": 0,
    "generalAndAdministrativeExpenses": 0,
    "sellingAndMarketingExpenses": 0,
    "sellingGeneralAndAdministrativeExpenses": 0,
    "otherExpenses": 5707000000,
    "operatingExpenses": 5707000000,
    "costAndExpenses": 13258000000,
    "interestIncome": 0,
    "interestExpense": 0,
    "depreciationAndAmortization": 1692000000,
    "ebitda": 4294000000,
    "ebitdaratio": 0.2707440101,
    "operatingIncome": 2602000000,
    "operatingIncomeRatio": 0.1640605296,
    "totalOtherIncomeExpensesNet": -696000000,
    "incomeBeforeTax": 1906000000,
    "incomeBeforeTaxRatio": 0.1201765448,
    "incomeTaxExpense": 611000000,
    "netIncome": 1034000000,
    "netIncomeRatio": 0.0651954603,
    "eps": 3.66,
    "epsdiluted": 3.66,
    "weightedAverageShsOut": 278961470,
    "weightedAverageShsOutDil": 278961470,
    "link": "",
    "finalLink": ""
  },
  {
    "date": "2001-12-31",
    "symbol": "DUK",
    "reportedCurrency": "USD",
    "cik": "0001326160",
    "fillingDate": "2001-12-31",
    "acceptedDate": "2001-12-31 00:00:00",
    "calendarYear": "2001",
    "period": "FY",
    "revenue": 18415000000,
    "costOfRevenue": 9008000000,
    "grossProfit": 9407000000,
    "grossProfitRatio": 0.5108335596,
    "researchAndDevelopmentExpenses": 0,
    "generalAndAdministrativeExpenses": 0,
    "sellingAndMarketingExpenses": 0,
    "sellingGeneralAndAdministrativeExpenses": 0,
    "otherExpenses": 5720000000,
    "operatingExpenses": 5720000000,
    "costAndExpenses": 14728000000,
    "interestIncome": 0,
    "interestExpense": 0,
    "depreciationAndAmortization": 1450000000,
    "ebitda": 5137000000,
    "ebitdaratio": 0.2789573717,
    "operatingIncome": 3687000000,
    "operatingIncomeRatio": 0.2002172142,
    "totalOtherIncomeExpensesNet": -538000000,
    "incomeBeforeTax": 3149000000,
    "incomeBeforeTaxRatio": 0.1710019006,
    "incomeTaxExpense": 1150000000,
    "netIncome": 1898000000,
    "netIncomeRatio": 0.103068151,
    "eps": 7.35,
    "epsdiluted": 7.32,
    "weightedAverageShsOut": 255666411,
    "weightedAverageShsOutDil": 257376792,
    "link": null,
    "finalLink": null
  },
  {
    "date": "2000-12-31",
    "symbol": "DUK",
    "reportedCurrency": "USD",
    "cik": "0001326160",
    "fillingDate": "2000-12-31",
    "acceptedDate": "2000-12-31 00:00:00",
    "calendarYear": "2000",
    "period": "FY",
    "revenue": 15342000000,
    "costOfRevenue": 7199000000,
    "grossProfit": 8143000000,
    "grossProfitRatio": 0.5307652197,
    "researchAndDevelopmentExpenses": 0,
    "generalAndAdministrativeExpenses": 0,
    "sellingAndMarketingExpenses": 0,
    "sellingGeneralAndAdministrativeExpenses": 0,
    "otherExpenses": 5054000000,
    "operatingExpenses": 5054000000,
    "costAndExpenses": 12253000000,
    "interestIncome": 0,
    "interestExpense": 0,
    "depreciationAndAmortization": 1348000000,
    "ebitda": 4437000000,
    "ebitdaratio": 0.2892061009,
    "operatingIncome": 3089000000,
    "operatingIncomeRatio": 0.2013427193,
    "totalOtherIncomeExpensesNet": -293000000,
    "incomeBeforeTax": 2796000000,
    "incomeBeforeTaxRatio": 0.1822448181,
    "incomeTaxExpense": 1020000000,
    "netIncome": 1776000000,
    "netIncomeRatio": 0.115760657,
    "eps": 7.17,
    "epsdiluted": 7.14,
    "weightedAverageShsOut": 245333088,
    "weightedAverageShsOutDil": 246078185,
    "link": null,
    "finalLink": null
  },
  {
    "date": "1999-12-31",
    "symbol": "DUK",
    "reportedCurrency": "USD",
    "cik": "0001326160",
    "fillingDate": "1999-12-31",
    "acceptedDate": "1999-12-31 00:00:00",
    "calendarYear": "1999",
    "period": "FY",
    "revenue": 21766000000,
    "costOfRevenue": 14907000000,
    "grossProfit": 6859000000,
    "grossProfitRatio": 0.3151245061,
    "researchAndDevelopmentExpenses": 0,
    "generalAndAdministrativeExpenses": 0,
    "sellingAndMarketingExpenses": 0,
    "sellingGeneralAndAdministrativeExpenses": 0,
    "otherExpenses": 5040000000,
    "operatingExpenses": 5040000000,
    "costAndExpenses": 19947000000,
    "interestIncome": 0,
    "interestExpense": 0,
    "depreciationAndAmortization": 1151000000,
    "ebitda": 2970000000,
    "ebitdaratio": 0.1364513461,
    "operatingIncome": 1819000000,
    "operatingIncomeRatio": 0.0835707066,
    "totalOtherIncomeExpensesNet": -519000000,
    "incomeBeforeTax": 1300000000,
    "incomeBeforeTaxRatio": 0.0597261784,
    "incomeTaxExpense": 453000000,
    "netIncome": 1507000000,
    "netIncomeRatio": 0.0692364238,
    "eps": 6.12,
    "epsdiluted": 6.09,
    "weightedAverageShsOut": 242999757,
    "weightedAverageShsOutDil": 244170528,
    "link": null,
    "finalLink": null
  },
  {
    "date": "1998-12-31",
    "symbol": "DUK",
    "reportedCurrency": "USD",
    "cik": "0001326160",
    "fillingDate": "1998-12-31",
    "acceptedDate": "1998-12-31 00:00:00",
    "calendarYear": "1998",
    "period": "FY",
    "revenue": 17662000000,
    "costOfRevenue": 11180000000,
    "grossProfit": 6482000000,
    "grossProfitRatio": 0.3670026045,
    "researchAndDevelopmentExpenses": 0,
    "generalAndAdministrativeExpenses": 0,
    "sellingAndMarketingExpenses": 0,
    "sellingGeneralAndAdministrativeExpenses": 0,
    "otherExpenses": 3997000000,
    "operatingExpenses": 3997000000,
    "costAndExpenses": 15177000000,
    "interestIncome": 0,
    "interestExpense": 0,
    "depreciationAndAmortization": 1055000000,
    "ebitda": 3540000000,
    "ebitdaratio": 0.2004303023,
    "operatingIncome": 2485000000,
    "operatingIncomeRatio": 0.1406975427,
    "totalOtherIncomeExpensesNet": -448000000,
    "incomeBeforeTax": 2037000000,
    "incomeBeforeTaxRatio": 0.1153323519,
    "incomeTaxExpense": 777000000,
    "netIncome": 1252000000,
    "netIncomeRatio": 0.0708866493,
    "eps": 5.12,
    "epsdiluted": 5.1,
    "weightedAverageShsOut": 240666426,
    "weightedAverageShsOutDil": 241372308,
    "link": null,
    "finalLink": null
  },
  {
    "date": "1997-12-31",
    "symbol": "DUK",
    "reportedCurrency": "USD",
    "cik": "0001326160",
    "fillingDate": "1997-12-31",
    "acceptedDate": "1997-12-31 00:00:00",
    "calendarYear": "1997",
    "period": "FY",
    "revenue": 16309000000,
    "costOfRevenue": 10408200000,
    "grossProfit": 5900800000,
    "grossProfitRatio": 0.3618124962,
    "researchAndDevelopmentExpenses": 0,
    "generalAndAdministrativeExpenses": 0,
    "sellingAndMarketingExpenses": 0,
    "sellingGeneralAndAdministrativeExpenses": 0,
    "otherExpenses": 3930700000,
    "operatingExpenses": 3930700000,
    "costAndExpenses": 14338900000,
    "interestIncome": 0,
    "interestExpense": 0,
    "depreciationAndAmortization": 0,
    "ebitda": 2952600000,
    "ebitdaratio": 0.1810411429,
    "operatingIncome": 1970100000,
    "operatingIncomeRatio": 0.1207983322,
    "totalOtherIncomeExpensesNet": -356800000,
    "incomeBeforeTax": 1613300000,
    "incomeBeforeTaxRatio": 0.0989208413,
    "incomeTaxExpense": 638900000,
    "netIncome": 974400000,
    "netIncomeRatio": 0.0597461524,
    "eps": 3.77,
    "epsdiluted": 3.75,
    "weightedAverageShsOut": 239999760,
    "weightedAverageShsOutDil": 240426426,
    "link": null,
    "finalLink": null
  },
  {
    "date": "1996-12-31",
    "symbol": "DUK",
    "reportedCurrency": "USD",
    "cik": "0001326160",
    "fillingDate": "1996-12-31",
    "acceptedDate": "1996-12-31 00:00:00",
    "calendarYear": "1996",
    "period": "FY",
    "revenue": 12302400000,
    "costOfRevenue": 6629600000,
    "grossProfit": 5672800000,
    "grossProfitRatio": 0.4611132787,
    "researchAndDevelopmentExpenses": 0,
    "generalAndAdministrativeExpenses": 0,
    "sellingAndMarketingExpenses": 0,
    "sellingGeneralAndAdministrativeExpenses": 0,
    "otherExpenses": 3514200000,
    "operatingExpenses": 3514200000,
    "costAndExpenses": 10143800000,
    "interestIncome": 0,
    "interestExpense": 0,
    "depreciationAndAmortization": 0,
    "ebitda": 3123500000,
    "ebitdaratio": 0.2538935492,
    "operatingIncome": 2158600000,
    "operatingIncomeRatio": 0.1754616985,
    "totalOtherIncomeExpensesNet": -369800000,
    "incomeBeforeTax": 1788800000,
    "incomeBeforeTaxRatio": 0.1454025231,
    "incomeTaxExpense": 697800000,
    "netIncome": 1107700000,
    "netIncomeRatio": 0.0900393419,
    "eps": 7.12,
    "epsdiluted": 7.12,
    "weightedAverageShsOut": 155476035,
    "weightedAverageShsOutDil": 155476035,
    "link": null,
    "finalLink": null
  },
  {
    "date": "1995-12-31",
    "symbol": "DUK",
    "reportedCurrency": "USD",
    "cik": "0001326160",
    "fillingDate": "1995-12-31",
    "acceptedDate": "1995-12-31 00:00:00",
    "calendarYear": "1995",
    "period": "FY",
    "revenue": 9694700000,
    "costOfRevenue": 4343700000,
    "grossProfit": 5351000000,
    "grossProfitRatio": 0.551951066,
    "researchAndDevelopmentExpenses": 0,
    "generalAndAdministrativeExpenses": 0,
    "sellingAndMarketingExpenses": 0,
    "sellingGeneralAndAdministrativeExpenses": 0,
    "otherExpenses": 3282700000,
    "operatingExpenses": 3282700000,
    "costAndExpenses": 7626400000,
    "interestIncome": 0,
    "interestExpense": 0,
    "depreciationAndAmortization": 0,
    "ebitda": 3022100000,
    "ebitdaratio": 0.3117270261,
    "operatingIncome": 2068300000,
    "operatingIncomeRatio": 0.2133433732,
    "totalOtherIncomeExpensesNet": -386000000,
    "incomeBeforeTax": 1682300000,
    "incomeBeforeTaxRatio": 0.1735278039,
    "incomeTaxExpense": 664200000,
    "netIncome": 1018100000,
    "netIncomeRatio": 0.1050161428,
    "eps": 4.88,
    "epsdiluted": 4.88,
    "weightedAverageShsOut": 136572530,
    "weightedAverageShsOutDil": 136643220,
    "link": null,
    "finalLink": null
  },
  {
    "date": "1994-12-31",
    "symbol": "DUK",
    "reportedCurrency": "USD",
    "cik": "0001326160",
    "fillingDate": "1994-12-31",
    "acceptedDate": "1994-12-31 00:00:00",
    "calendarYear": "1994",
    "period": "FY",
    "revenue": 4488900000,
    "costOfRevenue": 1258400000,
    "grossProfit": 3230500000,
    "grossProfitRatio": 0.7196640602,
    "researchAndDevelopmentExpenses": 0,
    "generalAndAdministrativeExpenses": 0,
    "sellingAndMarketingExpenses": 0,
    "sellingGeneralAndAdministrativeExpenses": 0,
    "otherExpenses": 2050800000,
    "operatingExpenses": 2050800000,
    "costAndExpenses": 3309200000,
    "interestIncome": 0,
    "interestExpense": 0,
    "depreciationAndAmortization": 0,
    "ebitda": 1827200000,
    "ebitdaratio": 0.4070484974,
    "operatingIncome": 1179700000,
    "operatingIncomeRatio": 0.2628038049,
    "totalOtherIncomeExpensesNet": -143800000,
    "incomeBeforeTax": 1035900000,
    "incomeBeforeTaxRatio": 0.2307692308,
    "incomeTaxExpense": 397000000,
    "netIncome": 638900000,
    "netIncomeRatio": 0.1423288556,
    "eps": 4.32,
    "epsdiluted": 4.32,
    "weightedAverageShsOut": 136572530,
    "weightedAverageShsOutDil": 136585885,
    "link": null,
    "finalLink": null
  },
  {
    "date": "1993-12-31",
    "symbol": "DUK",
    "reportedCurrency": "USD",
    "cik": "0001326160",
    "fillingDate": "1993-12-31",
    "acceptedDate": "1993-12-30 19:00:00",
    "calendarYear": "1993",
    "period": "FY",
    "revenue": 4281900000,
    "costOfRevenue": 0,
    "grossProfit": 0,
    "grossProfitRatio": 0,
    "researchAndDevelopmentExpenses": 0,
    "generalAndAdministrativeExpenses": 0,
    "sellingAndMarketingExpenses": 0,
    "sellingGeneralAndAdministrativeExpenses": 0,
    "otherExpenses": 0,
    "operatingExpenses": 0,
    "costAndExpenses": 0,
    "interestIncome": 0,
    "interestExpense": 0,
    "depreciationAndAmortization": 0,
    "ebitda": 4281900000,
    "ebitdaratio": 1,
    "operatingIncome": 4281900000,
    "operatingIncomeRatio": 1,
    "totalOtherIncomeExpensesNet": -4281900000,
    "incomeBeforeTax": 0,
    "incomeBeforeTaxRatio": 0,
    "incomeTaxExpense": -626400000,
    "netIncome": 626400000,
    "netIncomeRatio": 0.1462901983,
    "eps": 3.18,
    "epsdiluted": 3.18,
    "weightedAverageShsOut": 136286413,
    "weightedAverageShsOutDil": 136286413,
    "link": "",
    "finalLink": ""
  },
  {
    "date": "1992-12-31",
    "symbol": "DUK",
    "reportedCurrency": "USD",
    "cik": "0001326160",
    "fillingDate": "1992-12-31",
    "acceptedDate": "1992-12-30 19:00:00",
    "calendarYear": "1992",
    "period": "FY",
    "revenue": 3961500000,
    "costOfRevenue": 0,
    "grossProfit": 0,
    "grossProfitRatio": 0,
    "researchAndDevelopmentExpenses": 0,
    "generalAndAdministrativeExpenses": 0,
    "sellingAndMarketingExpenses": 0,
    "sellingGeneralAndAdministrativeExpenses": 0,
    "otherExpenses": 0,
    "operatingExpenses": 0,
    "costAndExpenses": 0,
    "interestIncome": 0,
    "interestExpense": 0,
    "depreciationAndAmortization": 0,
    "ebitda": 3961500000,
    "ebitdaratio": 1,
    "operatingIncome": 3961500000,
    "operatingIncomeRatio": 1,
    "totalOtherIncomeExpensesNet": -3961500000,
    "incomeBeforeTax": 0,
    "incomeBeforeTaxRatio": 0,
    "incomeTaxExpense": -508100000,
    "netIncome": 508100000,
    "netIncomeRatio": 0.1282594977,
    "eps": 3.33,
    "epsdiluted": 3.33,
    "weightedAverageShsOut": 135645510,
    "weightedAverageShsOutDil": 135645510,
    "link": "",
    "finalLink": ""
  },
  {
    "date": "1991-12-31",
    "symbol": "DUK",
    "reportedCurrency": "USD",
    "cik": "0001326160",
    "fillingDate": "1991-12-31",
    "acceptedDate": "1991-12-30 19:00:00",
    "calendarYear": "1991",
    "period": "FY",
    "revenue": 3817000000,
    "costOfRevenue": 0,
    "grossProfit": 0,
    "grossProfitRatio": 0,
    "researchAndDevelopmentExpenses": 0,
    "generalAndAdministrativeExpenses": 0,
    "sellingAndMarketingExpenses": 0,
    "sellingGeneralAndAdministrativeExpenses": 0,
    "otherExpenses": 0,
    "operatingExpenses": 0,
    "costAndExpenses": 0,
    "interestIncome": 0,
    "interestExpense": 0,
    "depreciationAndAmortization": 0,
    "ebitda": 3817000000,
    "ebitdaratio": 1,
    "operatingIncome": 3817000000,
    "operatingIncomeRatio": 1,
    "totalOtherIncomeExpensesNet": -3817000000,
    "incomeBeforeTax": 0,
    "incomeBeforeTaxRatio": 0,
    "incomeTaxExpense": -583600000,
    "netIncome": 583600000,
    "netIncomeRatio": 0.1528949437,
    "eps": 3.9,
    "epsdiluted": 3.9,
    "weightedAverageShsOut": 135615249,
    "weightedAverageShsOutDil": 135615249,
    "link": "",
    "finalLink": ""
  },
  {
    "date": "1990-12-31",
    "symbol": "DUK",
    "reportedCurrency": "USD",
    "cik": "0001326160",
    "fillingDate": "1990-12-31",
    "acceptedDate": "1990-12-30 19:00:00",
    "calendarYear": "1990",
    "period": "FY",
    "revenue": 3681500000,
    "costOfRevenue": 0,
    "grossProfit": 0,
    "grossProfitRatio": 0,
    "researchAndDevelopmentExpenses": 0,
    "generalAndAdministrativeExpenses": 0,
    "sellingAndMarketingExpenses": 0,
    "sellingGeneralAndAdministrativeExpenses": 0,
    "otherExpenses": 0,
    "operatingExpenses": 0,
    "costAndExpenses": 0,
    "interestIncome": 0,
    "interestExpense": 0,
    "depreciationAndAmortization": 0,
    "ebitda": 3681500000,
    "ebitdaratio": 1,
    "operatingIncome": 3681500000,
    "operatingIncomeRatio": 1,
    "totalOtherIncomeExpensesNet": -3681500000,
    "incomeBeforeTax": 0,
    "incomeBeforeTaxRatio": 0,
    "incomeTaxExpense": -538200000,
    "netIncome": 538200000,
    "netIncomeRatio": 0.1461904115,
    "eps": 3.6,
    "epsdiluted": 3.6,
    "weightedAverageShsOut": 134888754,
    "weightedAverageShsOutDil": 134888754,
    "link": "",
    "finalLink": ""
  },
  {
    "date": "1989-12-31",
    "symbol": "DUK",
    "reportedCurrency": "USD",
    "cik": "0001326160",
    "fillingDate": "1989-12-31",
    "acceptedDate": "1989-12-30 19:00:00",
    "calendarYear": "1989",
    "period": "FY",
    "revenue": 3639300000,
    "costOfRevenue": 0,
    "grossProfit": 0,
    "grossProfitRatio": 0,
    "researchAndDevelopmentExpenses": 0,
    "generalAndAdministrativeExpenses": 0,
    "sellingAndMarketingExpenses": 0,
    "sellingGeneralAndAdministrativeExpenses": 0,
    "otherExpenses": 0,
    "operatingExpenses": 0,
    "costAndExpenses": 0,
    "interestIncome": 0,
    "interestExpense": 0,
    "depreciationAndAmortization": 0,
    "ebitda": 3639300000,
    "ebitdaratio": 1,
    "operatingIncome": 3639300000,
    "operatingIncomeRatio": 1,
    "totalOtherIncomeExpensesNet": -3639300000,
    "incomeBeforeTax": 0,
    "incomeBeforeTaxRatio": 0,
    "incomeTaxExpense": -571600000,
    "netIncome": 571600000,
    "netIncomeRatio": 0.1570631715,
    "eps": 3.87,
    "epsdiluted": 3.87,
    "weightedAverageShsOut": 134134233,
    "weightedAverageShsOutDil": 134134233,
    "link": "",
    "finalLink": ""
  },
  {
    "date": "1988-12-31",
    "symbol": "DUK",
    "reportedCurrency": "USD",
    "cik": "0001326160",
    "fillingDate": "1988-12-31",
    "acceptedDate": "1988-12-30 19:00:00",
    "calendarYear": "1988",
    "period": "FY",
    "revenue": 3627000000,
    "costOfRevenue": 0,
    "grossProfit": 0,
    "grossProfitRatio": 0,
    "researchAndDevelopmentExpenses": 0,
    "generalAndAdministrativeExpenses": 0,
    "sellingAndMarketingExpenses": 0,
    "sellingGeneralAndAdministrativeExpenses": 0,
    "otherExpenses": 0,
    "operatingExpenses": 0,
    "costAndExpenses": 0,
    "interestIncome": 0,
    "interestExpense": 0,
    "depreciationAndAmortization": 0,
    "ebitda": 3627000000,
    "ebitdaratio": 1,
    "operatingIncome": 3627000000,
    "operatingIncomeRatio": 1,
    "totalOtherIncomeExpensesNet": -3627000000,
    "incomeBeforeTax": 0,
    "incomeBeforeTaxRatio": 0,
    "incomeTaxExpense": -448100000,
    "netIncome": 448100000,
    "netIncomeRatio": 0.12354563,
    "eps": 2.94,
    "epsdiluted": 2.94,
    "weightedAverageShsOut": 134285580,
    "weightedAverageShsOutDil": 134285580,
    "link": "",
    "finalLink": ""
  },
  {
    "date": "1987-12-31",
    "symbol": "DUK",
    "reportedCurrency": "USD",
    "cik": "0001326160",
    "fillingDate": "1987-12-31",
    "acceptedDate": "1987-12-30 19:00:00",
    "calendarYear": "1987",
    "period": "FY",
    "revenue": 3705800000,
    "costOfRevenue": 0,
    "grossProfit": 0,
    "grossProfitRatio": 0,
    "researchAndDevelopmentExpenses": 0,
    "generalAndAdministrativeExpenses": 0,
    "sellingAndMarketingExpenses": 0,
    "sellingGeneralAndAdministrativeExpenses": 0,
    "otherExpenses": 0,
    "operatingExpenses": 0,
    "costAndExpenses": 0,
    "interestIncome": 0,
    "interestExpense": 0,
    "depreciationAndAmortization": 0,
    "ebitda": 3705800000,
    "ebitdaratio": 1,
    "operatingIncome": 3705800000,
    "operatingIncomeRatio": 1,
    "totalOtherIncomeExpensesNet": -3705800000,
    "incomeBeforeTax": 0,
    "incomeBeforeTaxRatio": 0,
    "incomeTaxExpense": -500200000,
    "netIncome": 500200000,
    "netIncomeRatio": 0.1349776027,
    "eps": 3.3,
    "epsdiluted": 3.3,
    "weightedAverageShsOut": 135121077,
    "weightedAverageShsOutDil": 135121077,
    "link": "",
    "finalLink": ""
  },
  {
    "date": "1986-12-31",
    "symbol": "DUK",
    "reportedCurrency": "USD",
    "cik": "0001326160",
    "fillingDate": "1986-12-31",
    "acceptedDate": "1986-12-30 19:00:00",
    "calendarYear": "1986",
    "period": "FY",
    "revenue": 3400900000,
    "costOfRevenue": 0,
    "grossProfit": 0,
    "grossProfitRatio": 0,
    "researchAndDevelopmentExpenses": 0,
    "generalAndAdministrativeExpenses": 0,
    "sellingAndMarketingExpenses": 0,
    "sellingGeneralAndAdministrativeExpenses": 0,
    "otherExpenses": 0,
    "operatingExpenses": 0,
    "costAndExpenses": 0,
    "interestIncome": 0,
    "interestExpense": 0,
    "depreciationAndAmortization": 0,
    "ebitda": 3400900000,
    "ebitdaratio": 1,
    "operatingIncome": 3400900000,
    "operatingIncomeRatio": 1,
    "totalOtherIncomeExpensesNet": -3400900000,
    "incomeBeforeTax": 0,
    "incomeBeforeTaxRatio": 0,
    "incomeTaxExpense": -467800000,
    "netIncome": 467800000,
    "netIncomeRatio": 0.1375518245,
    "eps": 3.03,
    "epsdiluted": 3.03,
    "weightedAverageShsOut": 134983363,
    "weightedAverageShsOutDil": 134983363,
    "link": "",
    "finalLink": ""
  },
  {
    "date": "1985-12-31",
    "symbol": "DUK",
    "reportedCurrency": "USD",
    "cik": "0001326160",
    "fillingDate": "1985-12-31",
    "acceptedDate": "1985-12-30 19:00:00",
    "calendarYear": "1985",
    "period": "FY",
    "revenue": 2898900000,
    "costOfRevenue": 0,
    "grossProfit": 0,
    "grossProfitRatio": 0,
    "researchAndDevelopmentExpenses": 0,
    "generalAndAdministrativeExpenses": 0,
    "sellingAndMarketingExpenses": 0,
    "sellingGeneralAndAdministrativeExpenses": 0,
    "otherExpenses": 0,
    "operatingExpenses": 0,
    "costAndExpenses": 0,
    "interestIncome": 0,
    "interestExpense": 0,
    "depreciationAndAmortization": 0,
    "ebitda": 2898900000,
    "ebitdaratio": 1,
    "operatingIncome": 2898900000,
    "operatingIncomeRatio": 1,
    "totalOtherIncomeExpensesNet": -2898900000,
    "incomeBeforeTax": 0,
    "incomeBeforeTaxRatio": 0,
    "incomeTaxExpense": -437600000,
    "netIncome": 437600000,
    "netIncomeRatio": 0.1509538101,
    "eps": 2.79,
    "epsdiluted": 2.79,
    "weightedAverageShsOut": 135017786,
    "weightedAverageShsOutDil": 135017786,
    "link": "",
    "finalLink": ""
  }
]