[
  {
    "date": "2025-06-30",
    "symbol": "DVA",
    "reportedCurrency": "USD",
    "cik": "0000927066",
    "fillingDate": "2025-08-05",
    "acceptedDate": "2025-08-05 17:03:37",
    "calendarYear": "2025",
    "period": "Q2",
    "revenue": 3379526000,
    "costOfRevenue": 2261540000,
    "grossProfit": 1117986000,
    "grossProfitRatio": 0.3308114807,
    "researchAndDevelopmentExpenses": 0,
    "generalAndAdministrativeExpenses": 412805000,
    "sellingAndMarketingExpenses": 0,
    "sellingGeneralAndAdministrativeExpenses": 412805000,
    "otherExpenses": 167340000,
    "operatingExpenses": 580145000,
    "costAndExpenses": 2841685000,
    "interestIncome": 0,
    "interestExpense": 146062000,
    "depreciationAndAmortization": 174704000,
    "ebitda": 689694000,
    "ebitdaratio": 0.2040800988,
    "operatingIncome": 537841000,
    "operatingIncomeRatio": 0.1591468744,
    "totalOtherIncomeExpensesNet": -168913000,
    "incomeBeforeTax": 368928000,
    "incomeBeforeTaxRatio": 0.1091656049,
    "incomeTaxExpense": 93708000,
    "netIncome": 199337000,
    "netIncomeRatio": 0.0589837155,
    "eps": 2.6248,
    "epsdiluted": 2.5767,
    "weightedAverageShsOut": 75943000,
    "weightedAverageShsOutDil": 77362000,
    "link": "https://www.sec.gov/Archives/edgar/data/927066/000092706625000124/0000927066-25-000124-index.htm",
    "finalLink": "https://www.sec.gov/Archives/edgar/data/927066/000092706625000124/dva-20250630.htm"
  },
  {
    "date": "2025-03-31",
    "symbol": "DVA",
    "reportedCurrency": "USD",
    "cik": "0000927066",
    "fillingDate": "2025-05-12",
    "acceptedDate": "2025-05-12 17:02:10",
    "calendarYear": "2025",
    "period": "Q1",
    "revenue": 3223529000,
    "costOfRevenue": 2239660000,
    "grossProfit": 983869000,
    "grossProfitRatio": 0.3052148748,
    "researchAndDevelopmentExpenses": 0,
    "generalAndAdministrativeExpenses": 374090000,
    "sellingAndMarketingExpenses": 0,
    "sellingGeneralAndAdministrativeExpenses": 374090000,
    "otherExpenses": 170842000,
    "operatingExpenses": 544932000,
    "costAndExpenses": 2784592000,
    "interestIncome": 0,
    "interestExpense": 135055000,
    "depreciationAndAmortization": 176451000,
    "ebitda": 597839000,
    "ebitdaratio": 0.1854610273,
    "operatingIncome": 438937000,
    "operatingIncomeRatio": 0.136166605,
    "totalOtherIncomeExpensesNet": -152604000,
    "incomeBeforeTax": 286333000,
    "incomeBeforeTaxRatio": 0.088825942,
    "incomeTaxExpense": 54117000,
    "netIncome": 162917000,
    "netIncomeRatio": 0.0505399517,
    "eps": 2.05,
    "epsdiluted": 2,
    "weightedAverageShsOut": 79368000,
    "weightedAverageShsOutDil": 81275000,
    "link": "https://www.sec.gov/Archives/edgar/data/927066/000092706625000087/0000927066-25-000087-index.htm",
    "finalLink": "https://www.sec.gov/Archives/edgar/data/927066/000092706625000087/dva-20250331.htm"
  },
  {
    "date": "2024-12-31",
    "symbol": "DVA",
    "reportedCurrency": "USD",
    "cik": "0000927066",
    "fillingDate": "2025-02-13",
    "acceptedDate": "2025-02-13 17:25:47",
    "calendarYear": "2024",
    "period": "Q4",
    "revenue": 3294683000,
    "costOfRevenue": 2225371000,
    "grossProfit": 1069312000,
    "grossProfitRatio": 0.3245568694,
    "researchAndDevelopmentExpenses": 0,
    "generalAndAdministrativeExpenses": 414482000,
    "sellingAndMarketingExpenses": 0,
    "sellingGeneralAndAdministrativeExpenses": 414482000,
    "otherExpenses": 89468000,
    "operatingExpenses": 503950000,
    "costAndExpenses": 2729321000,
    "interestIncome": 0,
    "interestExpense": 138721000,
    "depreciationAndAmortization": 174102000,
    "ebitda": 726556000,
    "ebitdaratio": 0.2205237955,
    "operatingIncome": 565362000,
    "operatingIncomeRatio": 0.1715982994,
    "totalOtherIncomeExpensesNet": -151629000,
    "incomeBeforeTax": 413733000,
    "incomeBeforeTaxRatio": 0.1255759659,
    "incomeTaxExpense": 64488000,
    "netIncome": 259329000,
    "netIncomeRatio": 0.0787113662,
    "eps": 3.18,
    "epsdiluted": 3.09,
    "weightedAverageShsOut": 81620000,
    "weightedAverageShsOutDil": 83854000,
    "link": "https://www.sec.gov/Archives/edgar/data/927066/000092706625000012/0000927066-25-000012-index.htm",
    "finalLink": "https://www.sec.gov/Archives/edgar/data/927066/000092706625000012/dva-20241231.htm"
  },
  {
    "date": "2024-09-30",
    "symbol": "DVA",
    "reportedCurrency": "USD",
    "cik": "0000927066",
    "fillingDate": "2024-10-29",
    "acceptedDate": "2024-10-29 17:04:29",
    "calendarYear": "2024",
    "period": "Q3",
    "revenue": 3263590000,
    "costOfRevenue": 2151875000,
    "grossProfit": 1111715000,
    "grossProfitRatio": 0.3406417473,
    "researchAndDevelopmentExpenses": 0,
    "generalAndAdministrativeExpenses": 393534000,
    "sellingAndMarketingExpenses": 0,
    "sellingGeneralAndAdministrativeExpenses": 393534000,
    "otherExpenses": 183303000,
    "operatingExpenses": 576837000,
    "costAndExpenses": 2728712000,
    "interestIncome": 0,
    "interestExpense": 134583000,
    "depreciationAndAmortization": 187014000,
    "ebitda": 695031000,
    "ebitdaratio": 0.2129651703,
    "operatingIncome": 534878000,
    "operatingIncomeRatio": 0.1638925233,
    "totalOtherIncomeExpensesNet": -161444000,
    "incomeBeforeTax": 373434000,
    "incomeBeforeTaxRatio": 0.1144242996,
    "incomeTaxExpense": 77674000,
    "netIncome": 214688000,
    "netIncomeRatio": 0.065782773,
    "eps": 2.56,
    "epsdiluted": 2.5,
    "weightedAverageShsOut": 83721000,
    "weightedAverageShsOutDil": 85795000,
    "link": "https://www.sec.gov/Archives/edgar/data/927066/000092706624000179/0000927066-24-000179-index.htm",
    "finalLink": "https://www.sec.gov/Archives/edgar/data/927066/000092706624000179/dva-20240930.htm"
  },
  {
    "date": "2024-06-30",
    "symbol": "DVA",
    "reportedCurrency": "USD",
    "cik": "0000927066",
    "fillingDate": "2024-08-06",
    "acceptedDate": "2024-08-06 17:03:37",
    "calendarYear": "2024",
    "period": "Q2",
    "revenue": 3186722000,
    "costOfRevenue": 2142299000,
    "grossProfit": 1044423000,
    "grossProfitRatio": 0.3277421124,
    "researchAndDevelopmentExpenses": 0,
    "generalAndAdministrativeExpenses": 367845000,
    "sellingAndMarketingExpenses": 0,
    "sellingGeneralAndAdministrativeExpenses": 367845000,
    "otherExpenses": 170180000,
    "operatingExpenses": 538025000,
    "costAndExpenses": 2680324000,
    "interestIncome": 0,
    "interestExpense": 97747000,
    "depreciationAndAmortization": 175661000,
    "ebitda": 644848000,
    "ebitdaratio": 0.2023546453,
    "operatingIncome": 506398000,
    "operatingIncomeRatio": 0.158908747,
    "totalOtherIncomeExpensesNet": -134958000,
    "incomeBeforeTax": 371440000,
    "incomeBeforeTaxRatio": 0.1165586455,
    "incomeTaxExpense": 71688000,
    "netIncome": 222676000,
    "netIncomeRatio": 0.0698761925,
    "eps": 2.56,
    "epsdiluted": 2.5,
    "weightedAverageShsOut": 86899000,
    "weightedAverageShsOutDil": 88950000,
    "link": "https://www.sec.gov/Archives/edgar/data/927066/000092706624000128/0000927066-24-000128-index.htm",
    "finalLink": "https://www.sec.gov/Archives/edgar/data/927066/000092706624000128/dva-20240630.htm"
  },
  {
    "date": "2024-03-31",
    "symbol": "DVA",
    "reportedCurrency": "USD",
    "cik": "0000927066",
    "fillingDate": "2024-05-02",
    "acceptedDate": "2024-05-02 16:12:00",
    "calendarYear": "2024",
    "period": "Q1",
    "revenue": 3070555000,
    "costOfRevenue": 2078976000,
    "grossProfit": 991579000,
    "grossProfitRatio": 0.3229315222,
    "researchAndDevelopmentExpenses": 0,
    "generalAndAdministrativeExpenses": 362480000,
    "sellingAndMarketingExpenses": 0,
    "sellingGeneralAndAdministrativeExpenses": 362480000,
    "otherExpenses": 145254000,
    "operatingExpenses": 507734000,
    "costAndExpenses": 2586710000,
    "interestIncome": 0,
    "interestExpense": 99418000,
    "depreciationAndAmortization": 187083000,
    "ebitda": 658287000,
    "ebitdaratio": 0.2143869756,
    "operatingIncome": 483845000,
    "operatingIncomeRatio": 0.1575757477,
    "totalOtherIncomeExpensesNet": -112059000,
    "incomeBeforeTax": 371786000,
    "incomeBeforeTaxRatio": 0.1210810424,
    "incomeTaxExpense": 65806000,
    "netIncome": 239649000,
    "netIncomeRatio": 0.078047454,
    "eps": 2.73,
    "epsdiluted": 2.65,
    "weightedAverageShsOut": 87775000,
    "weightedAverageShsOutDil": 90547000,
    "link": "https://www.sec.gov/Archives/edgar/data/927066/000092706624000090/0000927066-24-000090-index.htm",
    "finalLink": "https://www.sec.gov/Archives/edgar/data/927066/000092706624000090/dva-20240331.htm"
  },
  {
    "date": "2023-12-31",
    "symbol": "DVA",
    "reportedCurrency": "USD",
    "cik": "0000927066",
    "fillingDate": "2024-02-14",
    "acceptedDate": "2024-02-14 17:01:00",
    "calendarYear": "2023",
    "period": "Q4",
    "revenue": 3145747000,
    "costOfRevenue": 2138369000,
    "grossProfit": 1007378000,
    "grossProfitRatio": 0.3202349076,
    "researchAndDevelopmentExpenses": 0,
    "generalAndAdministrativeExpenses": 401471000,
    "sellingAndMarketingExpenses": 0,
    "sellingGeneralAndAdministrativeExpenses": 401471000,
    "otherExpenses": 215998000,
    "operatingExpenses": 617469000,
    "costAndExpenses": 2755838000,
    "interestIncome": 0,
    "interestExpense": 96190000,
    "depreciationAndAmortization": 195277000,
    "ebitda": 580534000,
    "ebitdaratio": 0.1845456739,
    "operatingIncome": 389909000,
    "operatingIncomeRatio": 0.1239479844,
    "totalOtherIncomeExpensesNet": -100842000,
    "incomeBeforeTax": 289067000,
    "incomeBeforeTaxRatio": 0.0918913695,
    "incomeTaxExpense": 58495000,
    "netIncome": 150665000,
    "netIncomeRatio": 0.0478948243,
    "eps": 1.67,
    "epsdiluted": 1.62,
    "weightedAverageShsOut": 90353000,
    "weightedAverageShsOutDil": 92782000,
    "link": "https://www.sec.gov/Archives/edgar/data/927066/000092706624000013/0000927066-24-000013-index.htm",
    "finalLink": "https://www.sec.gov/Archives/edgar/data/927066/000092706624000013/dva-20231231.htm"
  },
  {
    "date": "2023-09-30",
    "symbol": "DVA",
    "reportedCurrency": "USD",
    "cik": "0000927066",
    "fillingDate": "2023-11-07",
    "acceptedDate": "2023-11-07 17:08:38",
    "calendarYear": "2023",
    "period": "Q3",
    "revenue": 3121332000,
    "costOfRevenue": 2067315000,
    "grossProfit": 1054017000,
    "grossProfitRatio": 0.3376817974,
    "researchAndDevelopmentExpenses": 0,
    "generalAndAdministrativeExpenses": 376883000,
    "sellingAndMarketingExpenses": 0,
    "sellingGeneralAndAdministrativeExpenses": 376883000,
    "otherExpenses": 181195000,
    "operatingExpenses": 558078000,
    "costAndExpenses": 2625393000,
    "interestIncome": 0,
    "interestExpense": 98080000,
    "depreciationAndAmortization": 188423000,
    "ebitda": 664712000,
    "ebitdaratio": 0.2129578013,
    "operatingIncome": 495939000,
    "operatingIncomeRatio": 0.1588869752,
    "totalOtherIncomeExpensesNet": -117730000,
    "incomeBeforeTax": 378209000,
    "incomeBeforeTaxRatio": 0.1211691034,
    "incomeTaxExpense": 68848000,
    "netIncome": 246632000,
    "netIncomeRatio": 0.0790149846,
    "eps": 2.7,
    "epsdiluted": 2.62,
    "weightedAverageShsOut": 91322000,
    "weightedAverageShsOutDil": 94041000,
    "link": "https://www.sec.gov/Archives/edgar/data/927066/000092706623000209/0000927066-23-000209-index.htm",
    "finalLink": "https://www.sec.gov/Archives/edgar/data/927066/000092706623000209/dva-20230930.htm"
  },
  {
    "date": "2023-06-30",
    "symbol": "DVA",
    "reportedCurrency": "USD",
    "cik": "0000927066",
    "fillingDate": "2023-08-03",
    "acceptedDate": "2023-08-03 17:07:32",
    "calendarYear": "2023",
    "period": "Q2",
    "revenue": 3000369000,
    "costOfRevenue": 2055844000,
    "grossProfit": 944525000,
    "grossProfitRatio": 0.3148029459,
    "researchAndDevelopmentExpenses": 0,
    "generalAndAdministrativeExpenses": 364016000,
    "sellingAndMarketingExpenses": 0,
    "sellingGeneralAndAdministrativeExpenses": 364016000,
    "otherExpenses": 175218000,
    "operatingExpenses": 539234000,
    "costAndExpenses": 2595078000,
    "interestIncome": 0,
    "interestExpense": 103507000,
    "depreciationAndAmortization": 183672000,
    "ebitda": 582374000,
    "ebitdaratio": 0.1941007923,
    "operatingIncome": 405291000,
    "operatingIncomeRatio": 0.1350803851,
    "totalOtherIncomeExpensesNet": -110096000,
    "incomeBeforeTax": 295195000,
    "incomeBeforeTaxRatio": 0.0983862318,
    "incomeTaxExpense": 48818000,
    "netIncome": 178691000,
    "netIncomeRatio": 0.0595563412,
    "eps": 1.96,
    "epsdiluted": 1.91,
    "weightedAverageShsOut": 90984000,
    "weightedAverageShsOutDil": 93418000,
    "link": "https://www.sec.gov/Archives/edgar/data/927066/000092706623000178/0000927066-23-000178-index.htm",
    "finalLink": "https://www.sec.gov/Archives/edgar/data/927066/000092706623000178/dva-20230630.htm"
  },
  {
    "date": "2023-03-31",
    "symbol": "DVA",
    "reportedCurrency": "USD",
    "cik": "0000927066",
    "fillingDate": "2023-05-08",
    "acceptedDate": "2023-05-08 17:03:28",
    "calendarYear": "2023",
    "period": "Q1",
    "revenue": 2872699000,
    "costOfRevenue": 2058189000,
    "grossProfit": 814510000,
    "grossProfitRatio": 0.2835347525,
    "researchAndDevelopmentExpenses": 0,
    "generalAndAdministrativeExpenses": 331614000,
    "sellingAndMarketingExpenses": 0,
    "sellingGeneralAndAdministrativeExpenses": 331614000,
    "otherExpenses": 171251000,
    "operatingExpenses": 502865000,
    "costAndExpenses": 2561054000,
    "interestIncome": 0,
    "interestExpense": 100774000,
    "depreciationAndAmortization": 178071000,
    "ebitda": 493468000,
    "ebitdaratio": 0.171778526,
    "operatingIncome": 311645000,
    "operatingIncomeRatio": 0.1084850867,
    "totalOtherIncomeExpensesNet": -97022000,
    "incomeBeforeTax": 214623000,
    "incomeBeforeTaxRatio": 0.0747112733,
    "incomeTaxExpense": 43955000,
    "netIncome": 115547000,
    "netIncomeRatio": 0.0402224528,
    "eps": 1.28,
    "epsdiluted": 1.25,
    "weightedAverageShsOut": 90497000,
    "weightedAverageShsOutDil": 92483000,
    "link": "https://www.sec.gov/Archives/edgar/data/927066/000092706623000104/0000927066-23-000104-index.htm",
    "finalLink": "https://www.sec.gov/Archives/edgar/data/927066/000092706623000104/dva-20230331.htm"
  },
  {
    "date": "2022-12-31",
    "symbol": "DVA",
    "reportedCurrency": "USD",
    "cik": "0000927066",
    "fillingDate": "2023-02-22",
    "acceptedDate": "2023-02-22 17:19:41",
    "calendarYear": "2022",
    "period": "Q4",
    "revenue": 2916888000,
    "costOfRevenue": 2088681000,
    "grossProfit": 828207000,
    "grossProfitRatio": 0.2839351391,
    "researchAndDevelopmentExpenses": 0,
    "generalAndAdministrativeExpenses": 379711000,
    "sellingAndMarketingExpenses": 0,
    "sellingGeneralAndAdministrativeExpenses": 379711000,
    "otherExpenses": 192244000,
    "operatingExpenses": 571955000,
    "costAndExpenses": 2660636000,
    "interestIncome": 0,
    "interestExpense": 100962000,
    "depreciationAndAmortization": 194068000,
    "ebitda": 442523000,
    "ebitdaratio": 0.1517106588,
    "operatingIncome": 256252000,
    "operatingIncomeRatio": 0.0878511619,
    "totalOtherIncomeExpensesNet": -108759000,
    "incomeBeforeTax": 147493000,
    "incomeBeforeTaxRatio": 0.0505651914,
    "incomeTaxExpense": 34330000,
    "netIncome": 68103000,
    "netIncomeRatio": 0.0233478282,
    "eps": 0.76,
    "epsdiluted": 0.74,
    "weightedAverageShsOut": 90122000,
    "weightedAverageShsOutDil": 91910000,
    "link": "https://www.sec.gov/Archives/edgar/data/927066/000092706623000011/0000927066-23-000011-index.htm",
    "finalLink": "https://www.sec.gov/Archives/edgar/data/927066/000092706623000011/dva-20221231.htm"
  },
  {
    "date": "2022-09-30",
    "symbol": "DVA",
    "reportedCurrency": "USD",
    "cik": "0000927066",
    "fillingDate": "2022-10-31",
    "acceptedDate": "2022-10-28 18:02:55",
    "calendarYear": "2022",
    "period": "Q3",
    "revenue": 2948694000,
    "costOfRevenue": 2085555000,
    "grossProfit": 863139000,
    "grossProfitRatio": 0.2927190817,
    "researchAndDevelopmentExpenses": 0,
    "generalAndAdministrativeExpenses": 365447000,
    "sellingAndMarketingExpenses": 0,
    "sellingGeneralAndAdministrativeExpenses": 365447000,
    "otherExpenses": 185905000,
    "operatingExpenses": 551352000,
    "costAndExpenses": 2636907000,
    "interestIncome": 0,
    "interestExpense": 99680000,
    "depreciationAndAmortization": 194414000,
    "ebitda": 501303000,
    "ebitdaratio": 0.1700084851,
    "operatingIncome": 311787000,
    "operatingIncomeRatio": 0.1057373196,
    "totalOtherIncomeExpensesNet": -104578000,
    "incomeBeforeTax": 207209000,
    "incomeBeforeTaxRatio": 0.070271449,
    "incomeTaxExpense": 42515000,
    "netIncome": 105366000,
    "netIncomeRatio": 0.0357331076,
    "eps": 1.16,
    "epsdiluted": 1.13,
    "weightedAverageShsOut": 91160000,
    "weightedAverageShsOutDil": 93263000,
    "link": "https://www.sec.gov/Archives/edgar/data/927066/000092706622000167/0000927066-22-000167-index.htm",
    "finalLink": "https://www.sec.gov/Archives/edgar/data/927066/000092706622000167/dva-20220930.htm"
  },
  {
    "date": "2022-06-30",
    "symbol": "DVA",
    "reportedCurrency": "USD",
    "cik": "0000927066",
    "fillingDate": "2022-08-01",
    "acceptedDate": "2022-08-01 17:07:22",
    "calendarYear": "2022",
    "period": "Q2",
    "revenue": 2926757000,
    "costOfRevenue": 2016788000,
    "grossProfit": 909969000,
    "grossProfitRatio": 0.310913752,
    "researchAndDevelopmentExpenses": 0,
    "generalAndAdministrativeExpenses": 315219000,
    "sellingAndMarketingExpenses": 0,
    "sellingGeneralAndAdministrativeExpenses": 315219000,
    "otherExpenses": 162035000,
    "operatingExpenses": 477254000,
    "costAndExpenses": 2494042000,
    "interestIncome": 0,
    "interestExpense": 82586000,
    "depreciationAndAmortization": 171176000,
    "ebitda": 602607000,
    "ebitdaratio": 0.2058958089,
    "operatingIncome": 432715000,
    "operatingIncomeRatio": 0.1478479423,
    "totalOtherIncomeExpensesNet": -83870000,
    "incomeBeforeTax": 348845000,
    "incomeBeforeTaxRatio": 0.1191916514,
    "incomeTaxExpense": 64229000,
    "netIncome": 224809000,
    "netIncomeRatio": 0.0768116383,
    "eps": 2.38,
    "epsdiluted": 2.3,
    "weightedAverageShsOut": 94457000,
    "weightedAverageShsOutDil": 97772000,
    "link": "https://www.sec.gov/Archives/edgar/data/927066/000092706622000133/0000927066-22-000133-index.htm",
    "finalLink": "https://www.sec.gov/Archives/edgar/data/927066/000092706622000133/dva-20220630.htm"
  },
  {
    "date": "2022-03-31",
    "symbol": "DVA",
    "reportedCurrency": "USD",
    "cik": "0000927066",
    "fillingDate": "2022-05-05",
    "acceptedDate": "2022-05-05 17:07:14",
    "calendarYear": "2022",
    "period": "Q1",
    "revenue": 2817555000,
    "costOfRevenue": 2018529000,
    "grossProfit": 799026000,
    "grossProfitRatio": 0.2835884304,
    "researchAndDevelopmentExpenses": 0,
    "generalAndAdministrativeExpenses": 294820000,
    "sellingAndMarketingExpenses": 0,
    "sellingGeneralAndAdministrativeExpenses": 294820000,
    "otherExpenses": 165898000,
    "operatingExpenses": 460718000,
    "costAndExpenses": 2479247000,
    "interestIncome": 0,
    "interestExpense": 73791000,
    "depreciationAndAmortization": 172944000,
    "ebitda": 509466000,
    "ebitdaratio": 0.1808184756,
    "operatingIncome": 338308000,
    "operatingIncomeRatio": 0.1200714804,
    "totalOtherIncomeExpensesNet": -75577000,
    "incomeBeforeTax": 262731000,
    "incomeBeforeTaxRatio": 0.0932478692,
    "incomeTaxExpense": 57013000,
    "netIncome": 162122000,
    "netIncomeRatio": 0.0575399593,
    "eps": 1.68,
    "epsdiluted": 1.61,
    "weightedAverageShsOut": 96342000,
    "weightedAverageShsOutDil": 100503000,
    "link": "https://www.sec.gov/Archives/edgar/data/927066/000092706622000077/0000927066-22-000077-index.htm",
    "finalLink": "https://www.sec.gov/Archives/edgar/data/927066/000092706622000077/dva-20220331.htm"
  },
  {
    "date": "2021-12-31",
    "symbol": "DVA",
    "reportedCurrency": "USD",
    "cik": "0000927066",
    "fillingDate": "2022-02-11",
    "acceptedDate": "2022-02-11 16:07:49",
    "calendarYear": "2021",
    "period": "Q4",
    "revenue": 2943967000,
    "costOfRevenue": 2060218000,
    "grossProfit": 883749000,
    "grossProfitRatio": 0.3001898459,
    "researchAndDevelopmentExpenses": 0,
    "generalAndAdministrativeExpenses": 322723000,
    "sellingAndMarketingExpenses": 0,
    "sellingGeneralAndAdministrativeExpenses": 322723000,
    "otherExpenses": 171611000,
    "operatingExpenses": 494334000,
    "costAndExpenses": 2554552000,
    "interestIncome": 0,
    "interestExpense": 72087000,
    "depreciationAndAmortization": 174763000,
    "ebitda": 561790000,
    "ebitdaratio": 0.1908275466,
    "operatingIncome": 389415000,
    "operatingIncomeRatio": 0.1322755996,
    "totalOtherIncomeExpensesNet": -74475000,
    "incomeBeforeTax": 314940000,
    "incomeBeforeTaxRatio": 0.1069781013,
    "incomeTaxExpense": 65508000,
    "netIncome": 187473000,
    "netIncomeRatio": 0.0636804013,
    "eps": 1.86,
    "epsdiluted": 1.79,
    "weightedAverageShsOut": 100913000,
    "weightedAverageShsOutDil": 104842000,
    "link": "https://www.sec.gov/Archives/edgar/data/927066/000092706622000012/0000927066-22-000012-index.htm",
    "finalLink": "https://www.sec.gov/Archives/edgar/data/927066/000092706622000012/dva-20211231.htm"
  },
  {
    "date": "2021-09-30",
    "symbol": "DVA",
    "reportedCurrency": "USD",
    "cik": "0000927066",
    "fillingDate": "2021-10-28",
    "acceptedDate": "2021-10-28 17:04:50",
    "calendarYear": "2021",
    "period": "Q3",
    "revenue": 2938319000,
    "costOfRevenue": 2008589000,
    "grossProfit": 929730000,
    "grossProfitRatio": 0.3164156104,
    "researchAndDevelopmentExpenses": 0,
    "generalAndAdministrativeExpenses": 293095000,
    "sellingAndMarketingExpenses": 0,
    "sellingGeneralAndAdministrativeExpenses": 293095000,
    "otherExpenses": 161758000,
    "operatingExpenses": 454853000,
    "costAndExpenses": 2463442000,
    "interestIncome": 0,
    "interestExpense": 72829000,
    "depreciationAndAmortization": 170462000,
    "ebitda": 637749000,
    "ebitdaratio": 0.2170455284,
    "operatingIncome": 474877000,
    "operatingIncomeRatio": 0.1616151956,
    "totalOtherIncomeExpensesNet": -80419000,
    "incomeBeforeTax": 394458000,
    "incomeBeforeTaxRatio": 0.1342461455,
    "incomeTaxExpense": 74704000,
    "netIncome": 259754000,
    "netIncomeRatio": 0.0884022463,
    "eps": 2.48,
    "epsdiluted": 2.36,
    "weightedAverageShsOut": 104793000,
    "weightedAverageShsOutDil": 109838000,
    "link": "https://www.sec.gov/Archives/edgar/data/927066/000092706621000166/0000927066-21-000166-index.htm",
    "finalLink": "https://www.sec.gov/Archives/edgar/data/927066/000092706621000166/dva-20210930.htm"
  },
  {
    "date": "2021-06-30",
    "symbol": "DVA",
    "reportedCurrency": "USD",
    "cik": "0000927066",
    "fillingDate": "2021-08-03",
    "acceptedDate": "2021-08-03 17:04:33",
    "calendarYear": "2021",
    "period": "Q2",
    "revenue": 2916510000,
    "costOfRevenue": 1965277000,
    "grossProfit": 951233000,
    "grossProfitRatio": 0.3261545477,
    "researchAndDevelopmentExpenses": 0,
    "generalAndAdministrativeExpenses": 298091000,
    "sellingAndMarketingExpenses": 0,
    "sellingGeneralAndAdministrativeExpenses": 298091000,
    "otherExpenses": 162666000,
    "operatingExpenses": 460757000,
    "costAndExpenses": 2426034000,
    "interestIncome": 0,
    "interestExpense": 73324000,
    "depreciationAndAmortization": 169689000,
    "ebitda": 675353000,
    "ebitdaratio": 0.2315620382,
    "operatingIncome": 490476000,
    "operatingIncomeRatio": 0.1681722333,
    "totalOtherIncomeExpensesNet": -58136000,
    "incomeBeforeTax": 432340000,
    "incomeBeforeTaxRatio": 0.1482388197,
    "incomeTaxExpense": 81309000,
    "netIncome": 293820000,
    "netIncomeRatio": 0.1007436971,
    "eps": 2.76,
    "epsdiluted": 2.64,
    "weightedAverageShsOut": 106364000,
    "weightedAverageShsOutDil": 111423000,
    "link": "https://www.sec.gov/Archives/edgar/data/927066/000092706621000136/0000927066-21-000136-index.htm",
    "finalLink": "https://www.sec.gov/Archives/edgar/data/927066/000092706621000136/dva-20210630.htm"
  },
  {
    "date": "2021-03-31",
    "symbol": "DVA",
    "reportedCurrency": "USD",
    "cik": "0000927066",
    "fillingDate": "2021-04-29",
    "acceptedDate": "2021-04-29 17:06:48",
    "calendarYear": "2021",
    "period": "Q1",
    "revenue": 2820001000,
    "costOfRevenue": 1938330000,
    "grossProfit": 881671000,
    "grossProfitRatio": 0.3126491799,
    "researchAndDevelopmentExpenses": 0,
    "generalAndAdministrativeExpenses": 281426000,
    "sellingAndMarketingExpenses": 0,
    "sellingGeneralAndAdministrativeExpenses": 281426000,
    "otherExpenses": 157643000,
    "operatingExpenses": 439069000,
    "costAndExpenses": 2377399000,
    "interestIncome": 0,
    "interestExpense": 67014000,
    "depreciationAndAmortization": 165701000,
    "ebitda": 609471000,
    "ebitdaratio": 0.2161243914,
    "operatingIncome": 442602000,
    "operatingIncomeRatio": 0.1569510082,
    "totalOtherIncomeExpensesNet": -65846000,
    "incomeBeforeTax": 376756000,
    "incomeBeforeTaxRatio": 0.1336013711,
    "incomeTaxExpense": 85211000,
    "netIncome": 237403000,
    "netIncomeRatio": 0.0841854311,
    "eps": 2.18,
    "epsdiluted": 2.09,
    "weightedAverageShsOut": 109014000,
    "weightedAverageShsOutDil": 113852000,
    "link": "https://www.sec.gov/Archives/edgar/data/927066/000092706621000074/0000927066-21-000074-index.htm",
    "finalLink": "https://www.sec.gov/Archives/edgar/data/927066/000092706621000074/dva-20210331.htm"
  },
  {
    "date": "2020-12-31",
    "symbol": "DVA",
    "reportedCurrency": "USD",
    "cik": "0000927066",
    "fillingDate": "2021-02-12",
    "acceptedDate": "2021-02-12 16:07:27",
    "calendarYear": "2020",
    "period": "Q4",
    "revenue": 2905322000,
    "costOfRevenue": 2056881000,
    "grossProfit": 848441000,
    "grossProfitRatio": 0.2920299368,
    "researchAndDevelopmentExpenses": 0,
    "generalAndAdministrativeExpenses": 304519000,
    "sellingAndMarketingExpenses": 0,
    "sellingGeneralAndAdministrativeExpenses": 304519000,
    "otherExpenses": 162251000,
    "operatingExpenses": 466770000,
    "costAndExpenses": 2523651000,
    "interestIncome": 0,
    "interestExpense": 60469000,
    "depreciationAndAmortization": 161486000,
    "ebitda": 549326000,
    "ebitdaratio": 0.189075772,
    "operatingIncome": 381671000,
    "operatingIncomeRatio": 0.1313696038,
    "totalOtherIncomeExpensesNet": -54300000,
    "incomeBeforeTax": 327371000,
    "incomeBeforeTaxRatio": 0.1126797649,
    "incomeTaxExpense": 73368000,
    "netIncome": 173773000,
    "netIncomeRatio": 0.0598119589,
    "eps": 1.56,
    "epsdiluted": 1.5,
    "weightedAverageShsOut": 111690000,
    "weightedAverageShsOutDil": 115957000,
    "link": "https://www.sec.gov/Archives/edgar/data/927066/000092706621000008/0000927066-21-000008-index.htm",
    "finalLink": "https://www.sec.gov/Archives/edgar/data/927066/000092706621000008/dva-20201231.htm"
  },
  {
    "date": "2020-09-30",
    "symbol": "DVA",
    "reportedCurrency": "USD",
    "cik": "0000927066",
    "fillingDate": "2020-10-29",
    "acceptedDate": "2020-10-29 17:05:53",
    "calendarYear": "2020",
    "period": "Q3",
    "revenue": 2924066000,
    "costOfRevenue": 1971719000,
    "grossProfit": 952347000,
    "grossProfitRatio": 0.3256927169,
    "researchAndDevelopmentExpenses": 0,
    "generalAndAdministrativeExpenses": 363280000,
    "sellingAndMarketingExpenses": 0,
    "sellingGeneralAndAdministrativeExpenses": 363280000,
    "otherExpenses": 151398000,
    "operatingExpenses": 514678000,
    "costAndExpenses": 2486397000,
    "interestIncome": 0,
    "interestExpense": 73658000,
    "depreciationAndAmortization": 156894000,
    "ebitda": 513884000,
    "ebitdaratio": 0.1757429552,
    "operatingIncome": 437669000,
    "operatingIncomeRatio": 0.149678222,
    "totalOtherIncomeExpensesNet": -154337000,
    "incomeBeforeTax": 283332000,
    "incomeBeforeTaxRatio": 0.0968965817,
    "incomeTaxExpense": 65792000,
    "netIncome": 158674000,
    "netIncomeRatio": 0.054264849,
    "eps": 1.31,
    "epsdiluted": 1.28,
    "weightedAverageShsOut": 120905000,
    "weightedAverageShsOutDil": 123954000,
    "link": "https://www.sec.gov/Archives/edgar/data/927066/000092706620000215/0000927066-20-000215-index.htm",
    "finalLink": "https://www.sec.gov/Archives/edgar/data/927066/000092706620000215/dva-9302010q.htm"
  },
  {
    "date": "2020-06-30",
    "symbol": "DVA",
    "reportedCurrency": "USD",
    "cik": "0000927066",
    "fillingDate": "2020-07-30",
    "acceptedDate": "2020-07-30 19:15:18",
    "calendarYear": "2020",
    "period": "Q2",
    "revenue": 2879979000,
    "costOfRevenue": 1984564000,
    "grossProfit": 895415000,
    "grossProfitRatio": 0.3109102532,
    "researchAndDevelopmentExpenses": 0,
    "generalAndAdministrativeExpenses": 316209000,
    "sellingAndMarketingExpenses": 0,
    "sellingGeneralAndAdministrativeExpenses": 316209000,
    "otherExpenses": 169286000,
    "operatingExpenses": 485495000,
    "costAndExpenses": 2470059000,
    "interestIncome": 0,
    "interestExpense": 81381000,
    "depreciationAndAmortization": 157376000,
    "ebitda": 576841000,
    "ebitdaratio": 0.2002934744,
    "operatingIncome": 409920000,
    "operatingIncomeRatio": 0.1423343712,
    "totalOtherIncomeExpensesNet": -71836000,
    "incomeBeforeTax": 338084000,
    "incomeBeforeTaxRatio": 0.1173911338,
    "incomeTaxExpense": 83212000,
    "netIncome": 201602000,
    "netIncomeRatio": 0.0700012049,
    "eps": 1.65,
    "epsdiluted": 1.62,
    "weightedAverageShsOut": 122074000,
    "weightedAverageShsOutDil": 124068000,
    "link": "https://www.sec.gov/Archives/edgar/data/927066/000092706620000164/0000927066-20-000164-index.htm",
    "finalLink": "https://www.sec.gov/Archives/edgar/data/927066/000092706620000164/dva-6302010q.htm"
  },
  {
    "date": "2020-03-31",
    "symbol": "DVA",
    "reportedCurrency": "USD",
    "cik": "0000927066",
    "fillingDate": "2020-05-05",
    "acceptedDate": "2020-05-05 17:10:23",
    "calendarYear": "2020",
    "period": "Q1",
    "revenue": 2841237000,
    "costOfRevenue": 1975449000,
    "grossProfit": 865788000,
    "grossProfitRatio": 0.3047222037,
    "researchAndDevelopmentExpenses": 0,
    "generalAndAdministrativeExpenses": 263576000,
    "sellingAndMarketingExpenses": 0,
    "sellingGeneralAndAdministrativeExpenses": 263576000,
    "otherExpenses": 136836000,
    "operatingExpenses": 400412000,
    "costAndExpenses": 2375861000,
    "interestIncome": 0,
    "interestExpense": 86440000,
    "depreciationAndAmortization": 154679000,
    "ebitda": 612757000,
    "ebitdaratio": 0.215665571,
    "operatingIncome": 465376000,
    "operatingIncomeRatio": 0.1637934463,
    "totalOtherIncomeExpensesNet": -95901000,
    "incomeBeforeTax": 369475000,
    "incomeBeforeTaxRatio": 0.1300401902,
    "incomeTaxExpense": 91560000,
    "netIncome": 239593000,
    "netIncomeRatio": 0.0843270026,
    "eps": 1.92,
    "epsdiluted": 1.89,
    "weightedAverageShsOut": 124902000,
    "weightedAverageShsOutDil": 126895000,
    "link": "https://www.sec.gov/Archives/edgar/data/927066/000092706620000073/0000927066-20-000073-index.htm",
    "finalLink": "https://www.sec.gov/Archives/edgar/data/927066/000092706620000073/dva-3312010q.htm"
  },
  {
    "date": "2019-12-31",
    "symbol": "DVA",
    "reportedCurrency": "USD",
    "cik": "0000927066",
    "fillingDate": "2020-02-21",
    "acceptedDate": "2020-02-21 16:05:52",
    "calendarYear": "2019",
    "period": "Q4",
    "revenue": 2898584000,
    "costOfRevenue": 2000625000,
    "grossProfit": 897959000,
    "grossProfitRatio": 0.3097922986,
    "researchAndDevelopmentExpenses": 0,
    "generalAndAdministrativeExpenses": 278425000,
    "sellingAndMarketingExpenses": 0,
    "sellingGeneralAndAdministrativeExpenses": 278425000,
    "otherExpenses": 156946000,
    "operatingExpenses": 435371000,
    "costAndExpenses": 2435996000,
    "interestIncome": 0,
    "interestExpense": 92050000,
    "depreciationAndAmortization": 158467000,
    "ebitda": 632540000,
    "ebitdaratio": 0.2182237948,
    "operatingIncome": 462588000,
    "operatingIncomeRatio": 0.1595910279,
    "totalOtherIncomeExpensesNet": -80565000,
    "incomeBeforeTax": 382023000,
    "incomeBeforeTaxRatio": 0.131796422,
    "incomeTaxExpense": 81690000,
    "netIncome": 244871000,
    "netIncomeRatio": 0.0844795252,
    "eps": 1.89,
    "epsdiluted": 1.88,
    "weightedAverageShsOut": 129446558,
    "weightedAverageShsOutDil": 130504514,
    "link": "https://www.sec.gov/Archives/edgar/data/927066/000092706620000014/0000927066-20-000014-index.htm",
    "finalLink": "https://www.sec.gov/Archives/edgar/data/927066/000092706620000014/dva-12311910k.htm"
  },
  {
    "date": "2019-09-30",
    "symbol": "DVA",
    "reportedCurrency": "USD",
    "cik": "0000927066",
    "fillingDate": "2019-11-07",
    "acceptedDate": "2019-11-06 19:08:00",
    "calendarYear": "2019",
    "period": "Q3",
    "revenue": 2904078000,
    "costOfRevenue": 1991172000,
    "grossProfit": 912906000,
    "grossProfitRatio": 0.3143531269,
    "researchAndDevelopmentExpenses": 0,
    "generalAndAdministrativeExpenses": 298736000,
    "sellingAndMarketingExpenses": 0,
    "sellingGeneralAndAdministrativeExpenses": 298736000,
    "otherExpenses": 235834000,
    "operatingExpenses": 534570000,
    "costAndExpenses": 2525742000,
    "interestIncome": 0,
    "interestExpense": 88589000,
    "depreciationAndAmortization": 155915000,
    "ebitda": 518289000,
    "ebitdaratio": 0.17846938,
    "operatingIncome": 378336000,
    "operatingIncomeRatio": 0.1302774925,
    "totalOtherIncomeExpensesNet": -104551000,
    "incomeBeforeTax": 273785000,
    "incomeBeforeTaxRatio": 0.0942760491,
    "incomeTaxExpense": 65254000,
    "netIncome": 143270000,
    "netIncomeRatio": 0.0493340744,
    "eps": 0.95,
    "epsdiluted": 0.95,
    "weightedAverageShsOut": 150675465,
    "weightedAverageShsOutDil": 151295950,
    "link": "https://www.sec.gov/Archives/edgar/data/927066/000092706619000176/0000927066-19-000176-index.htm",
    "finalLink": "https://www.sec.gov/Archives/edgar/data/927066/000092706619000176/dva-9301910q.htm"
  },
  {
    "date": "2019-06-30",
    "symbol": "DVA",
    "reportedCurrency": "USD",
    "cik": "0000927066",
    "fillingDate": "2019-08-02",
    "acceptedDate": "2019-08-01 19:21:18",
    "calendarYear": "2019",
    "period": "Q2",
    "revenue": 2842705000,
    "costOfRevenue": 1957753000,
    "grossProfit": 884952000,
    "grossProfitRatio": 0.3113063086,
    "researchAndDevelopmentExpenses": 0,
    "generalAndAdministrativeExpenses": 275338000,
    "sellingAndMarketingExpenses": 0,
    "sellingGeneralAndAdministrativeExpenses": 275338000,
    "otherExpenses": 147728000,
    "operatingExpenses": 423066000,
    "costAndExpenses": 2380819000,
    "interestIncome": 0,
    "interestExpense": 131666000,
    "depreciationAndAmortization": 152242000,
    "ebitda": 607611000,
    "ebitdaratio": 0.2137439516,
    "operatingIncome": 461886000,
    "operatingIncomeRatio": 0.1624811579,
    "totalOtherIncomeExpensesNet": -138183000,
    "incomeBeforeTax": 323703000,
    "incomeBeforeTaxRatio": 0.113871471,
    "incomeTaxExpense": 75938000,
    "netIncome": 273551000,
    "netIncomeRatio": 0.0962291198,
    "eps": 1.64,
    "epsdiluted": 1.64,
    "weightedAverageShsOut": 166346041,
    "weightedAverageShsOutDil": 166799525,
    "link": "https://www.sec.gov/Archives/edgar/data/927066/000092706619000133/0000927066-19-000133-index.htm",
    "finalLink": "https://www.sec.gov/Archives/edgar/data/927066/000092706619000133/dva-6301910q.htm"
  },
  {
    "date": "2019-03-31",
    "symbol": "DVA",
    "reportedCurrency": "USD",
    "cik": "0000927066",
    "fillingDate": "2019-05-07",
    "acceptedDate": "2019-05-07 17:10:04",
    "calendarYear": "2019",
    "period": "Q1",
    "revenue": 2743112000,
    "costOfRevenue": 1964935000,
    "grossProfit": 778177000,
    "grossProfitRatio": 0.2836840056,
    "researchAndDevelopmentExpenses": 0,
    "generalAndAdministrativeExpenses": 250813000,
    "sellingAndMarketingExpenses": 0,
    "sellingGeneralAndAdministrativeExpenses": 250813000,
    "otherExpenses": 186857000,
    "operatingExpenses": 437670000,
    "costAndExpenses": 2402605000,
    "interestIncome": 0,
    "interestExpense": 131519000,
    "depreciationAndAmortization": 148528000,
    "ebitda": 495975000,
    "ebitdaratio": 0.1808074187,
    "operatingIncome": 340507000,
    "operatingIncomeRatio": 0.1241316432,
    "totalOtherIncomeExpensesNet": -124579000,
    "incomeBeforeTax": 215928000,
    "incomeBeforeTaxRatio": 0.0787164359,
    "incomeTaxExpense": 56746000,
    "netIncome": 149289000,
    "netIncomeRatio": 0.0544232244,
    "eps": 0.9,
    "epsdiluted": 0.9,
    "weightedAverageShsOut": 166387958,
    "weightedAverageShsOutDil": 166780657,
    "link": "https://www.sec.gov/Archives/edgar/data/927066/000092706619000060/0000927066-19-000060-index.htm",
    "finalLink": "https://www.sec.gov/Archives/edgar/data/927066/000092706619000060/dva-3311910q.htm"
  },
  {
    "date": "2018-12-31",
    "symbol": "DVA",
    "reportedCurrency": "USD",
    "cik": "0000927066",
    "fillingDate": "2019-02-22",
    "acceptedDate": "2019-02-22 16:07:40",
    "calendarYear": "2018",
    "period": "Q4",
    "revenue": 2821124000,
    "costOfRevenue": 2027069000,
    "grossProfit": 794055000,
    "grossProfitRatio": 0.2814675994,
    "researchAndDevelopmentExpenses": 0,
    "generalAndAdministrativeExpenses": 268532000,
    "sellingAndMarketingExpenses": 0,
    "sellingGeneralAndAdministrativeExpenses": 268532000,
    "otherExpenses": 137615000,
    "operatingExpenses": 406147000,
    "costAndExpenses": 2433216000,
    "interestIncome": 0,
    "interestExpense": 128300000,
    "depreciationAndAmortization": 155157000,
    "ebitda": 542571000,
    "ebitdaratio": 0.1923244069,
    "operatingIncome": 387908000,
    "operatingIncomeRatio": 0.1375012229,
    "totalOtherIncomeExpensesNet": -128794000,
    "incomeBeforeTax": 259114000,
    "incomeBeforeTaxRatio": 0.0918477883,
    "incomeTaxExpense": 51748000,
    "netIncome": -149772000,
    "netIncomeRatio": -0.0530894778,
    "eps": -0.9,
    "epsdiluted": -0.9,
    "weightedAverageShsOut": 165984925,
    "weightedAverageShsOutDil": 166477914,
    "link": "https://www.sec.gov/Archives/edgar/data/927066/000092706619000025/0000927066-19-000025-index.htm",
    "finalLink": "https://www.sec.gov/Archives/edgar/data/927066/000092706619000025/dva-123118x10k.htm"
  },
  {
    "date": "2018-09-30",
    "symbol": "DVA",
    "reportedCurrency": "USD",
    "cik": "0000927066",
    "fillingDate": "2018-11-07",
    "acceptedDate": "2018-11-07 17:07:15",
    "calendarYear": "2018",
    "period": "Q3",
    "revenue": 2847330000,
    "costOfRevenue": 2063770000,
    "grossProfit": 783560000,
    "grossProfitRatio": 0.275191144,
    "researchAndDevelopmentExpenses": 0,
    "generalAndAdministrativeExpenses": 336299000,
    "sellingAndMarketingExpenses": 0,
    "sellingGeneralAndAdministrativeExpenses": 336299000,
    "otherExpenses": 158223000,
    "operatingExpenses": 494522000,
    "costAndExpenses": 2558292000,
    "interestIncome": 0,
    "interestExpense": 125927000,
    "depreciationAndAmortization": 146000000,
    "ebitda": 439045000,
    "ebitdaratio": 0.1541953339,
    "operatingIncome": 289038000,
    "operatingIncomeRatio": 0.1015119428,
    "totalOtherIncomeExpensesNet": -121920000,
    "incomeBeforeTax": 167118000,
    "incomeBeforeTaxRatio": 0.0586928807,
    "incomeTaxExpense": 52047000,
    "netIncome": -136796000,
    "netIncomeRatio": -0.0480436058,
    "eps": -0.82,
    "epsdiluted": -0.82,
    "weightedAverageShsOut": 166770664,
    "weightedAverageShsOutDil": 167262358,
    "link": "https://www.sec.gov/Archives/edgar/data/927066/000092706618000196/0000927066-18-000196-index.htm",
    "finalLink": "https://www.sec.gov/Archives/edgar/data/927066/000092706618000196/dva-93018x10q.htm"
  },
  {
    "date": "2018-06-30",
    "symbol": "DVA",
    "reportedCurrency": "USD",
    "cik": "0000927066",
    "fillingDate": "2018-08-01",
    "acceptedDate": "2018-08-01 17:12:19",
    "calendarYear": "2018",
    "period": "Q2",
    "revenue": 2886953000,
    "costOfRevenue": 2069089000,
    "grossProfit": 817864000,
    "grossProfitRatio": 0.2832966106,
    "researchAndDevelopmentExpenses": 0,
    "generalAndAdministrativeExpenses": 264094000,
    "sellingAndMarketingExpenses": 0,
    "sellingGeneralAndAdministrativeExpenses": 264094000,
    "otherExpenses": 115578000,
    "operatingExpenses": 379672000,
    "costAndExpenses": 2448761000,
    "interestIncome": 0,
    "interestExpense": 119692000,
    "depreciationAndAmortization": 147079000,
    "ebitda": 587265000,
    "ebitdaratio": 0.2034203536,
    "operatingIncome": 438192000,
    "operatingIncomeRatio": 0.1517835587,
    "totalOtherIncomeExpensesNet": -117698000,
    "incomeBeforeTax": 320494000,
    "incomeBeforeTaxRatio": 0.1110146234,
    "incomeTaxExpense": 83868000,
    "netIncome": 267276000,
    "netIncomeRatio": 0.0925806551,
    "eps": 1.56,
    "epsdiluted": 1.54,
    "weightedAverageShsOut": 171617238,
    "weightedAverageShsOutDil": 174105884,
    "link": "https://www.sec.gov/Archives/edgar/data/927066/000092706618000165/0000927066-18-000165-index.htm",
    "finalLink": "https://www.sec.gov/Archives/edgar/data/927066/000092706618000165/dva-63018x10q.htm"
  },
  {
    "date": "2018-03-31",
    "symbol": "DVA",
    "reportedCurrency": "USD",
    "cik": "0000927066",
    "fillingDate": "2018-05-03",
    "acceptedDate": "2018-05-03 17:28:45",
    "calendarYear": "2018",
    "period": "Q1",
    "revenue": 2849444000,
    "costOfRevenue": 2035585000,
    "grossProfit": 813859000,
    "grossProfitRatio": 0.2856202824,
    "researchAndDevelopmentExpenses": 0,
    "generalAndAdministrativeExpenses": 266529000,
    "sellingAndMarketingExpenses": 0,
    "sellingGeneralAndAdministrativeExpenses": 266529000,
    "otherExpenses": 136644000,
    "operatingExpenses": 403173000,
    "costAndExpenses": 2438758000,
    "interestIncome": 0,
    "interestExpense": 113516000,
    "depreciationAndAmortization": 142799000,
    "ebitda": 558067000,
    "ebitdaratio": 0.1958511906,
    "operatingIncome": 410686000,
    "operatingIncomeRatio": 0.1441284686,
    "totalOtherIncomeExpensesNet": -108934000,
    "incomeBeforeTax": 301752000,
    "incomeBeforeTaxRatio": 0.1058985542,
    "incomeTaxExpense": 70737000,
    "netIncome": 178686000,
    "netIncomeRatio": 0.0627090759,
    "eps": 1,
    "epsdiluted": 0.98,
    "weightedAverageShsOut": 178957865,
    "weightedAverageShsOutDil": 181834547,
    "link": "https://www.sec.gov/Archives/edgar/data/927066/000092706618000071/0000927066-18-000071-index.htm",
    "finalLink": "https://www.sec.gov/Archives/edgar/data/927066/000092706618000071/dva-33118x10q.htm"
  },
  {
    "date": "2017-12-31",
    "symbol": "DVA",
    "reportedCurrency": "USD",
    "cik": "0000927066",
    "fillingDate": "2018-02-23",
    "acceptedDate": "2018-02-23 14:57:24",
    "calendarYear": "2017",
    "period": "Q4",
    "revenue": 2780913000,
    "costOfRevenue": 1941687000,
    "grossProfit": 839226000,
    "grossProfitRatio": 0.3017807461,
    "researchAndDevelopmentExpenses": 0,
    "generalAndAdministrativeExpenses": 265424000,
    "sellingAndMarketingExpenses": 0,
    "sellingGeneralAndAdministrativeExpenses": 265424000,
    "otherExpenses": 423465000,
    "operatingExpenses": 688889000,
    "costAndExpenses": 2630576000,
    "interestIncome": 0,
    "interestExpense": 108997000,
    "depreciationAndAmortization": 144367000,
    "ebitda": 339780000,
    "ebitdaratio": 0.1221828946,
    "operatingIncome": 150337000,
    "operatingIncomeRatio": 0.0540603032,
    "totalOtherIncomeExpensesNet": -103512000,
    "incomeBeforeTax": 46825000,
    "incomeBeforeTaxRatio": 0.0168379953,
    "incomeTaxExpense": -150267000,
    "netIncome": 303396000,
    "netIncomeRatio": 0.1090994217,
    "eps": 1.66,
    "epsdiluted": 1.64,
    "weightedAverageShsOut": 182261673,
    "weightedAverageShsOutDil": 184825329,
    "link": "https://www.sec.gov/Archives/edgar/data/927066/000092706618000030/0000927066-18-000030-index.htm",
    "finalLink": "https://www.sec.gov/Archives/edgar/data/927066/000092706618000030/dva-123117x10k.htm"
  },
  {
    "date": "2017-09-30",
    "symbol": "DVA",
    "reportedCurrency": "USD",
    "cik": "0000927066",
    "fillingDate": "2017-11-07",
    "acceptedDate": "2017-11-07 17:06:47",
    "calendarYear": "2017",
    "period": "Q3",
    "revenue": 3922831000,
    "costOfRevenue": 1951609000,
    "grossProfit": 813462000,
    "grossProfitRatio": 0.2073660578,
    "researchAndDevelopmentExpenses": 0,
    "generalAndAdministrativeExpenses": 400018000,
    "sellingAndMarketingExpenses": 0,
    "sellingGeneralAndAdministrativeExpenses": 400018000,
    "otherExpenses": 145257000,
    "operatingExpenses": 418168000,
    "costAndExpenses": 2369777000,
    "interestIncome": 0,
    "interestExpense": 109623000,
    "depreciationAndAmortization": 203283000,
    "ebitda": 601973000,
    "ebitdaratio": 0.1534537175,
    "operatingIncome": 395294000,
    "operatingIncomeRatio": 0.1007675324,
    "totalOtherIncomeExpensesNet": -105910000,
    "incomeBeforeTax": -297776000,
    "incomeBeforeTaxRatio": -0.0759084447,
    "incomeTaxExpense": -125742000,
    "netIncome": -214476000,
    "netIncomeRatio": -0.0546737802,
    "eps": -1.14,
    "epsdiluted": -1.12,
    "weightedAverageShsOut": 188883922,
    "weightedAverageShsOutDil": 191408117,
    "link": "https://www.sec.gov/Archives/edgar/data/927066/000092706617000088/0000927066-17-000088-index.htm",
    "finalLink": "https://www.sec.gov/Archives/edgar/data/927066/000092706617000088/dva-93017x10q.htm"
  },
  {
    "date": "2017-06-30",
    "symbol": "DVA",
    "reportedCurrency": "USD",
    "cik": "0000927066",
    "fillingDate": "2017-08-01",
    "acceptedDate": "2017-08-01 17:07:18",
    "calendarYear": "2017",
    "period": "Q2",
    "revenue": 3877477000,
    "costOfRevenue": 1894664000,
    "grossProfit": 804735000,
    "grossProfitRatio": 0.2075408829,
    "researchAndDevelopmentExpenses": 0,
    "generalAndAdministrativeExpenses": 382315000,
    "sellingAndMarketingExpenses": 0,
    "sellingGeneralAndAdministrativeExpenses": 382315000,
    "otherExpenses": 150743000,
    "operatingExpenses": 413539000,
    "costAndExpenses": 2308203000,
    "interestIncome": 0,
    "interestExpense": 107962000,
    "depreciationAndAmortization": 200038000,
    "ebitda": 596032000,
    "ebitdaratio": 0.1537164502,
    "operatingIncome": 391196000,
    "operatingIncomeRatio": 0.1008893154,
    "totalOtherIncomeExpensesNet": -103136000,
    "incomeBeforeTax": 275607000,
    "incomeBeforeTaxRatio": 0.0710789516,
    "incomeTaxExpense": 113982000,
    "netIncome": 127001000,
    "netIncomeRatio": 0.0327535147,
    "eps": 0.66,
    "epsdiluted": 0.65,
    "weightedAverageShsOut": 191088216,
    "weightedAverageShsOutDil": 193987983,
    "link": "https://www.sec.gov/Archives/edgar/data/927066/000092706617000057/0000927066-17-000057-index.htm",
    "finalLink": "https://www.sec.gov/Archives/edgar/data/927066/000092706617000057/dva-63017x10q.htm"
  },
  {
    "date": "2017-03-31",
    "symbol": "DVA",
    "reportedCurrency": "USD",
    "cik": "0000927066",
    "fillingDate": "2017-05-02",
    "acceptedDate": "2017-05-02 17:17:01",
    "calendarYear": "2017",
    "period": "Q1",
    "revenue": 3697283000,
    "costOfRevenue": 1852045000,
    "grossProfit": 779206000,
    "grossProfitRatio": 0.2107509758,
    "researchAndDevelopmentExpenses": 0,
    "generalAndAdministrativeExpenses": 391780000,
    "sellingAndMarketingExpenses": 0,
    "sellingGeneralAndAdministrativeExpenses": 391780000,
    "otherExpenses": -359617000,
    "operatingExpenses": -96722000,
    "costAndExpenses": 1755323000,
    "interestIncome": 0,
    "interestExpense": 104429000,
    "depreciationAndAmortization": 190206000,
    "ebitda": 1070120000,
    "ebitdaratio": 0.2894341602,
    "operatingIncome": 875928000,
    "operatingIncomeRatio": 0.236911267,
    "totalOtherIncomeExpensesNet": -100411000,
    "incomeBeforeTax": 788050000,
    "incomeBeforeTaxRatio": 0.2131430026,
    "incomeTaxExpense": 287765000,
    "netIncome": 447697000,
    "netIncomeRatio": 0.1210881071,
    "eps": 2.33,
    "epsdiluted": 2.29,
    "weightedAverageShsOut": 192376735,
    "weightedAverageShsOutDil": 195281014,
    "link": "https://www.sec.gov/Archives/edgar/data/927066/000162828017004680/0001628280-17-004680-index.htm",
    "finalLink": "https://www.sec.gov/Archives/edgar/data/927066/000162828017004680/dva-33117x10q.htm"
  },
  {
    "date": "2016-12-31",
    "symbol": "DVA",
    "reportedCurrency": "USD",
    "cik": "0000927066",
    "fillingDate": "2017-02-24",
    "acceptedDate": "2017-02-24 16:32:10",
    "calendarYear": "2016",
    "period": "Q4",
    "revenue": 3715742000,
    "costOfRevenue": 1882778000,
    "grossProfit": 816641000,
    "grossProfitRatio": 0.2197787145,
    "researchAndDevelopmentExpenses": 0,
    "generalAndAdministrativeExpenses": 412484000,
    "sellingAndMarketingExpenses": 0,
    "sellingGeneralAndAdministrativeExpenses": 412484000,
    "otherExpenses": 168096000,
    "operatingExpenses": 453196000,
    "costAndExpenses": 2335974000,
    "interestIncome": 0,
    "interestExpense": 104023000,
    "depreciationAndAmortization": 188777000,
    "ebitda": 552378000,
    "ebitdaratio": 0.1486588681,
    "operatingIncome": 363445000,
    "operatingIncomeRatio": 0.097812227,
    "totalOtherIncomeExpensesNet": -103776000,
    "incomeBeforeTax": 278072000,
    "incomeBeforeTaxRatio": 0.0748361969,
    "incomeTaxExpense": 89802000,
    "netIncome": 157726000,
    "netIncomeRatio": 0.0424480494,
    "eps": 0.81,
    "epsdiluted": 0.8,
    "weightedAverageShsOut": 193999701,
    "weightedAverageShsOutDil": 196743187,
    "link": "https://www.sec.gov/Archives/edgar/data/927066/000156459017002409/0001564590-17-002409-index.htm",
    "finalLink": "https://www.sec.gov/Archives/edgar/data/927066/000156459017002409/dva-10k_20161231.htm"
  },
  {
    "date": "2016-09-30",
    "symbol": "DVA",
    "reportedCurrency": "USD",
    "cik": "0000927066",
    "fillingDate": "2016-11-02",
    "acceptedDate": "2016-11-02 17:12:50",
    "calendarYear": "2016",
    "period": "Q3",
    "revenue": 3730576000,
    "costOfRevenue": 2697629000,
    "grossProfit": 1032947000,
    "grossProfitRatio": 0.2768867328,
    "researchAndDevelopmentExpenses": 0,
    "generalAndAdministrativeExpenses": 406890000,
    "sellingAndMarketingExpenses": 0,
    "sellingGeneralAndAdministrativeExpenses": 406890000,
    "otherExpenses": -193099000,
    "operatingExpenses": 213791000,
    "costAndExpenses": 2911420000,
    "interestIncome": 0,
    "interestExpense": 104581000,
    "depreciationAndAmortization": 181739000,
    "ebitda": 1002771000,
    "ebitdaratio": 0.2687979015,
    "operatingIncome": 819156000,
    "operatingIncomeRatio": 0.2195789605,
    "totalOtherIncomeExpensesNet": -102705000,
    "incomeBeforeTax": 716451000,
    "incomeBeforeTaxRatio": 0.1920483593,
    "incomeTaxExpense": 104301000,
    "netIncome": 571332000,
    "netIncomeRatio": 0.1531484682,
    "eps": 2.8,
    "epsdiluted": 2.76,
    "weightedAverageShsOut": 203761433,
    "weightedAverageShsOutDil": 206961450,
    "link": "https://www.sec.gov/Archives/edgar/data/927066/000156459016027049/0001564590-16-027049-index.htm",
    "finalLink": "https://www.sec.gov/Archives/edgar/data/927066/000156459016027049/dva-10q_20160930.htm"
  },
  {
    "date": "2016-06-30",
    "symbol": "DVA",
    "reportedCurrency": "USD",
    "cik": "0000927066",
    "fillingDate": "2016-08-08",
    "acceptedDate": "2016-08-08 17:12:15",
    "calendarYear": "2016",
    "period": "Q2",
    "revenue": 3717651000,
    "costOfRevenue": 2671025000,
    "grossProfit": 1046626000,
    "grossProfitRatio": 0.2815288471,
    "researchAndDevelopmentExpenses": 0,
    "generalAndAdministrativeExpenses": 386895000,
    "sellingAndMarketingExpenses": 0,
    "sellingGeneralAndAdministrativeExpenses": 386895000,
    "otherExpenses": 330661000,
    "operatingExpenses": 717556000,
    "costAndExpenses": 3388581000,
    "interestIncome": 0,
    "interestExpense": 102894000,
    "depreciationAndAmortization": 180381000,
    "ebitda": 512666000,
    "ebitdaratio": 0.1379005184,
    "operatingIncome": 329070000,
    "operatingIncomeRatio": 0.0885155707,
    "totalOtherIncomeExpensesNet": -99679000,
    "incomeBeforeTax": 229391000,
    "incomeBeforeTaxRatio": 0.0617032099,
    "incomeTaxExpense": 134888000,
    "netIncome": 53382000,
    "netIncomeRatio": 0.0143590671,
    "eps": 0.26,
    "epsdiluted": 0.26,
    "weightedAverageShsOut": 204497970,
    "weightedAverageShsOutDil": 208047172,
    "link": "https://www.sec.gov/Archives/edgar/data/927066/000156459016023348/0001564590-16-023348-index.htm",
    "finalLink": "https://www.sec.gov/Archives/edgar/data/927066/000156459016023348/dva-10q_20160630.htm"
  },
  {
    "date": "2016-03-31",
    "symbol": "DVA",
    "reportedCurrency": "USD",
    "cik": "0000927066",
    "fillingDate": "2016-05-04",
    "acceptedDate": "2016-05-04 16:57:39",
    "calendarYear": "2016",
    "period": "Q1",
    "revenue": 3581136000,
    "costOfRevenue": 2582333000,
    "grossProfit": 998803000,
    "grossProfitRatio": 0.2789067491,
    "researchAndDevelopmentExpenses": 0,
    "generalAndAdministrativeExpenses": 386429000,
    "sellingAndMarketingExpenses": 0,
    "sellingGeneralAndAdministrativeExpenses": 386429000,
    "otherExpenses": 247485000,
    "operatingExpenses": 633914000,
    "costAndExpenses": 3216247000,
    "interestIncome": 0,
    "interestExpense": 102884000,
    "depreciationAndAmortization": 169355000,
    "ebitda": 537220000,
    "ebitdaratio": 0.1500138504,
    "operatingIncome": 364889000,
    "operatingIncomeRatio": 0.1018919695,
    "totalOtherIncomeExpensesNet": -99908000,
    "incomeBeforeTax": 264981000,
    "incomeBeforeTaxRatio": 0.0739935596,
    "incomeTaxExpense": 126822000,
    "netIncome": 97434000,
    "netIncomeRatio": 0.0272075677,
    "eps": 0.48,
    "epsdiluted": 0.47,
    "weightedAverageShsOut": 204366869,
    "weightedAverageShsOutDil": 207928096,
    "link": "https://www.sec.gov/Archives/edgar/data/927066/000156459016017688/0001564590-16-017688-index.htm",
    "finalLink": "https://www.sec.gov/Archives/edgar/data/927066/000156459016017688/dva-10q_20160331.htm"
  },
  {
    "date": "2015-12-31",
    "symbol": "DVA",
    "reportedCurrency": "USD",
    "cik": "0000927066",
    "fillingDate": "2016-02-26",
    "acceptedDate": "2016-02-26 17:55:05",
    "calendarYear": "2015",
    "period": "Q4",
    "revenue": 3533589000,
    "costOfRevenue": 2515131000,
    "grossProfit": 1018458000,
    "grossProfitRatio": 0.2882219749,
    "researchAndDevelopmentExpenses": 0,
    "generalAndAdministrativeExpenses": 408882000,
    "sellingAndMarketingExpenses": 0,
    "sellingGeneralAndAdministrativeExpenses": 408882000,
    "otherExpenses": 368706000,
    "operatingExpenses": 773523000,
    "costAndExpenses": 3288654000,
    "interestIncome": 0,
    "interestExpense": 103259000,
    "depreciationAndAmortization": 163330000,
    "ebitda": 412896000,
    "ebitdaratio": 0.1168489035,
    "operatingIncome": 244935000,
    "operatingIncomeRatio": 0.0693162108,
    "totalOtherIncomeExpensesNet": -98628000,
    "incomeBeforeTax": 146307000,
    "incomeBeforeTaxRatio": 0.0414046455,
    "incomeTaxExpense": 111833000,
    "netIncome": -6000000,
    "netIncomeRatio": -0.0016979903,
    "eps": -0.0287,
    "epsdiluted": -0.0287,
    "weightedAverageShsOut": 208762717,
    "weightedAverageShsOutDil": 208762717,
    "link": "https://www.sec.gov/Archives/edgar/data/927066/000156459016013587/0001564590-16-013587-index.htm",
    "finalLink": "https://www.sec.gov/Archives/edgar/data/927066/000156459016013587/dva-10k_20151231.htm"
  },
  {
    "date": "2015-09-30",
    "symbol": "DVA",
    "reportedCurrency": "USD",
    "cik": "0000927066",
    "fillingDate": "2015-11-05",
    "acceptedDate": "2015-11-04 18:52:58",
    "calendarYear": "2015",
    "period": "Q3",
    "revenue": 3525665000,
    "costOfRevenue": 2501015000,
    "grossProfit": 1024650000,
    "grossProfitRatio": 0.2906260237,
    "researchAndDevelopmentExpenses": 0,
    "generalAndAdministrativeExpenses": 353492000,
    "sellingAndMarketingExpenses": 0,
    "sellingGeneralAndAdministrativeExpenses": 353492000,
    "otherExpenses": 161790000,
    "operatingExpenses": 515282000,
    "costAndExpenses": 3016297000,
    "interestIncome": 0,
    "interestExpense": 103481000,
    "depreciationAndAmortization": 162062000,
    "ebitda": 673914000,
    "ebitdaratio": 0.1911452166,
    "operatingIncome": 509368000,
    "operatingIncomeRatio": 0.1444743048,
    "totalOtherIncomeExpensesNet": -100997000,
    "incomeBeforeTax": 408371000,
    "incomeBeforeTaxRatio": 0.1158280778,
    "incomeTaxExpense": 147064000,
    "netIncome": 215872000,
    "netIncomeRatio": 0.0612287327,
    "eps": 1.02,
    "epsdiluted": 1,
    "weightedAverageShsOut": 212374897,
    "weightedAverageShsOutDil": 216691461,
    "link": "https://www.sec.gov/Archives/edgar/data/927066/000156459015009428/0001564590-15-009428-index.htm",
    "finalLink": "https://www.sec.gov/Archives/edgar/data/927066/000156459015009428/dva-10q_20150930.htm"
  },
  {
    "date": "2015-06-30",
    "symbol": "DVA",
    "reportedCurrency": "USD",
    "cik": "0000927066",
    "fillingDate": "2015-08-05",
    "acceptedDate": "2015-08-04 18:12:51",
    "calendarYear": "2015",
    "period": "Q2",
    "revenue": 3434618000,
    "costOfRevenue": 2446076000,
    "grossProfit": 988542000,
    "grossProfitRatio": 0.2878171605,
    "researchAndDevelopmentExpenses": 0,
    "generalAndAdministrativeExpenses": 352025000,
    "sellingAndMarketingExpenses": 0,
    "sellingGeneralAndAdministrativeExpenses": 352025000,
    "otherExpenses": 160034000,
    "operatingExpenses": 507994000,
    "costAndExpenses": 2954070000,
    "interestIncome": 0,
    "interestExpense": 103638000,
    "depreciationAndAmortization": 158843000,
    "ebitda": 593630000,
    "ebitdaratio": 0.1728372704,
    "operatingIncome": 480548000,
    "operatingIncomeRatio": 0.1399130849,
    "totalOtherIncomeExpensesNet": -150009000,
    "incomeBeforeTax": 330539000,
    "incomeBeforeTaxRatio": 0.0962374855,
    "incomeTaxExpense": 122762000,
    "netIncome": 170477000,
    "netIncomeRatio": 0.049634923,
    "eps": 0.8,
    "epsdiluted": 0.78,
    "weightedAverageShsOut": 212991606,
    "weightedAverageShsOutDil": 217606198,
    "link": "https://www.sec.gov/Archives/edgar/data/927066/000156459015006101/0001564590-15-006101-index.htm",
    "finalLink": "https://www.sec.gov/Archives/edgar/data/927066/000156459015006101/dva-10q_20150630.htm"
  },
  {
    "date": "2015-03-31",
    "symbol": "DVA",
    "reportedCurrency": "USD",
    "cik": "0000927066",
    "fillingDate": "2015-05-08",
    "acceptedDate": "2015-05-08 17:21:51",
    "calendarYear": "2015",
    "period": "Q1",
    "revenue": 3287965000,
    "costOfRevenue": 2362612000,
    "grossProfit": 925353000,
    "grossProfitRatio": 0.28143639,
    "researchAndDevelopmentExpenses": 0,
    "generalAndAdministrativeExpenses": 341801000,
    "sellingAndMarketingExpenses": 0,
    "sellingGeneralAndAdministrativeExpenses": 341801000,
    "otherExpenses": 647708000,
    "operatingExpenses": 989509000,
    "costAndExpenses": 3352121000,
    "interestIncome": 0,
    "interestExpense": 97392000,
    "depreciationAndAmortization": 153789000,
    "ebitda": 89100000,
    "ebitdaratio": 0.0270988286,
    "operatingIncome": -64156000,
    "operatingIncomeRatio": -0.0195123732,
    "totalOtherIncomeExpensesNet": -97925000,
    "incomeBeforeTax": -162081000,
    "incomeBeforeTaxRatio": -0.0492952328,
    "incomeTaxExpense": -85933000,
    "netIncome": -110617000,
    "netIncomeRatio": -0.033642998,
    "eps": -0.52,
    "epsdiluted": -0.52,
    "weightedAverageShsOut": 212725000,
    "weightedAverageShsOutDil": 213387253,
    "link": "https://www.sec.gov/Archives/edgar/data/927066/000156459015003779/0001564590-15-003779-index.htm",
    "finalLink": "https://www.sec.gov/Archives/edgar/data/927066/000156459015003779/dva-10qa_20150331.htm"
  },
  {
    "date": "2014-12-31",
    "symbol": "DVA",
    "reportedCurrency": "USD",
    "cik": "0000927066",
    "fillingDate": "2015-02-26",
    "acceptedDate": "2015-02-26 17:28:11",
    "calendarYear": "2014",
    "period": "Q4",
    "revenue": 3328017000,
    "costOfRevenue": 2366461000,
    "grossProfit": 961556000,
    "grossProfitRatio": 0.2889276106,
    "researchAndDevelopmentExpenses": 0,
    "generalAndAdministrativeExpenses": 355987000,
    "sellingAndMarketingExpenses": 0,
    "sellingGeneralAndAdministrativeExpenses": 355987000,
    "otherExpenses": 153484000,
    "operatingExpenses": 509471000,
    "costAndExpenses": 2875932000,
    "interestIncome": 0,
    "interestExpense": 97949000,
    "depreciationAndAmortization": 153253000,
    "ebitda": 605914000,
    "ebitdaratio": 0.1820645748,
    "operatingIncome": 452085000,
    "operatingIncomeRatio": 0.1358421547,
    "totalOtherIncomeExpensesNet": -97720000,
    "incomeBeforeTax": 354365000,
    "incomeBeforeTaxRatio": 0.1064793239,
    "incomeTaxExpense": 103977000,
    "netIncome": 208020000,
    "netIncomeRatio": 0.0625056903,
    "eps": 0.98,
    "epsdiluted": 0.96,
    "weightedAverageShsOut": 212941850,
    "weightedAverageShsOutDil": 217620369,
    "link": "https://www.sec.gov/Archives/edgar/data/927066/000156459015001035/0001564590-15-001035-index.htm",
    "finalLink": "https://www.sec.gov/Archives/edgar/data/927066/000156459015001035/dva-10k_20141231.htm"
  },
  {
    "date": "2014-09-30",
    "symbol": "DVA",
    "reportedCurrency": "USD",
    "cik": "0000927066",
    "fillingDate": "2014-11-06",
    "acceptedDate": "2014-11-06 17:23:42",
    "calendarYear": "2014",
    "period": "Q3",
    "revenue": 3251824000,
    "costOfRevenue": 2326534000,
    "grossProfit": 925290000,
    "grossProfitRatio": 0.28454492,
    "researchAndDevelopmentExpenses": 0,
    "generalAndAdministrativeExpenses": 322822000,
    "sellingAndMarketingExpenses": 0,
    "sellingGeneralAndAdministrativeExpenses": 322822000,
    "otherExpenses": 164932000,
    "operatingExpenses": 487754000,
    "costAndExpenses": 2814288000,
    "interestIncome": 0,
    "interestExpense": 99878000,
    "depreciationAndAmortization": 148865000,
    "ebitda": 585486000,
    "ebitdaratio": 0.1800484897,
    "operatingIncome": 437536000,
    "operatingIncomeRatio": 0.1345509474,
    "totalOtherIncomeExpensesNet": -101124000,
    "incomeBeforeTax": 336412000,
    "incomeBeforeTaxRatio": 0.1034533234,
    "incomeTaxExpense": 116628000,
    "netIncome": 184122000,
    "netIncomeRatio": 0.0566211455,
    "eps": 0.87,
    "epsdiluted": 0.85,
    "weightedAverageShsOut": 212617238,
    "weightedAverageShsOutDil": 217236493,
    "link": "https://www.sec.gov/Archives/edgar/data/927066/000119312514401322/0001193125-14-401322-index.htm",
    "finalLink": "https://www.sec.gov/Archives/edgar/data/927066/000119312514401322/d793879d10q.htm"
  },
  {
    "date": "2014-06-30",
    "symbol": "DVA",
    "reportedCurrency": "USD",
    "cik": "0000927066",
    "fillingDate": "2014-08-01",
    "acceptedDate": "2014-08-01 15:10:02",
    "calendarYear": "2014",
    "period": "Q2",
    "revenue": 3172489000,
    "costOfRevenue": 2246538000,
    "grossProfit": 925951000,
    "grossProfitRatio": 0.2918689395,
    "researchAndDevelopmentExpenses": 0,
    "generalAndAdministrativeExpenses": 298636000,
    "sellingAndMarketingExpenses": 0,
    "sellingGeneralAndAdministrativeExpenses": 298636000,
    "otherExpenses": 143020000,
    "operatingExpenses": 441656000,
    "costAndExpenses": 2688194000,
    "interestIncome": 0,
    "interestExpense": 104625000,
    "depreciationAndAmortization": 145905000,
    "ebitda": 534347000,
    "ebitdaratio": 0.1684314745,
    "operatingIncome": 484295000,
    "operatingIncomeRatio": 0.1526545876,
    "totalOtherIncomeExpensesNet": -201987000,
    "incomeBeforeTax": 282308000,
    "incomeBeforeTaxRatio": 0.0889862817,
    "incomeTaxExpense": 100887000,
    "netIncome": 147683000,
    "netIncomeRatio": 0.0465511464,
    "eps": 0.7,
    "epsdiluted": 0.68,
    "weightedAverageShsOut": 212258994,
    "weightedAverageShsOutDil": 216720944,
    "link": "https://www.sec.gov/Archives/edgar/data/927066/000119312514291430/0001193125-14-291430-index.htm",
    "finalLink": "https://www.sec.gov/Archives/edgar/data/927066/000119312514291430/d744659d10q.htm"
  },
  {
    "date": "2014-03-31",
    "symbol": "DVA",
    "reportedCurrency": "USD",
    "cik": "0000927066",
    "fillingDate": "2014-05-02",
    "acceptedDate": "2014-05-02 14:55:40",
    "calendarYear": "2014",
    "period": "Q1",
    "revenue": 3042776000,
    "costOfRevenue": 2179772000,
    "grossProfit": 863004000,
    "grossProfitRatio": 0.2836239013,
    "researchAndDevelopmentExpenses": 0,
    "generalAndAdministrativeExpenses": 284061000,
    "sellingAndMarketingExpenses": 0,
    "sellingGeneralAndAdministrativeExpenses": 284061000,
    "otherExpenses": 137718000,
    "operatingExpenses": 421779000,
    "costAndExpenses": 2601551000,
    "interestIncome": 0,
    "interestExpense": 106335000,
    "depreciationAndAmortization": 142565000,
    "ebitda": 585502000,
    "ebitdaratio": 0.1924236289,
    "operatingIncome": 441225000,
    "operatingIncomeRatio": 0.145007388,
    "totalOtherIncomeExpensesNet": -104637000,
    "incomeBeforeTax": 336588000,
    "incomeBeforeTaxRatio": 0.1106187245,
    "incomeTaxExpense": 124851000,
    "netIncome": 183289000,
    "netIncomeRatio": 0.0602374279,
    "eps": 0.87,
    "epsdiluted": 0.85,
    "weightedAverageShsOut": 211375232,
    "weightedAverageShsOutDil": 216118922,
    "link": "https://www.sec.gov/Archives/edgar/data/927066/000119312514179905/0001193125-14-179905-index.htm",
    "finalLink": "https://www.sec.gov/Archives/edgar/data/927066/000119312514179905/d704130d10q.htm"
  },
  {
    "date": "2013-12-31",
    "symbol": "DVA",
    "reportedCurrency": "USD",
    "cik": "0000927066",
    "fillingDate": "2014-02-21",
    "acceptedDate": "2014-02-21 14:53:02",
    "calendarYear": "2013",
    "period": "Q4",
    "revenue": 3063209000,
    "costOfRevenue": 2127832000,
    "grossProfit": 935377000,
    "grossProfitRatio": 0.3053585309,
    "researchAndDevelopmentExpenses": 0,
    "generalAndAdministrativeExpenses": 318827000,
    "sellingAndMarketingExpenses": 0,
    "sellingGeneralAndAdministrativeExpenses": 318827000,
    "otherExpenses": 132371000,
    "operatingExpenses": 451198000,
    "costAndExpenses": 2579030000,
    "interestIncome": 0,
    "interestExpense": 107609000,
    "depreciationAndAmortization": 138732000,
    "ebitda": 627103000,
    "ebitdaratio": 0.2047209315,
    "operatingIncome": 484179000,
    "operatingIncomeRatio": 0.1580626722,
    "totalOtherIncomeExpensesNet": -104159000,
    "incomeBeforeTax": 380020000,
    "incomeBeforeTaxRatio": 0.1240594422,
    "incomeTaxExpense": 135747000,
    "netIncome": 212278000,
    "netIncomeRatio": 0.0692992218,
    "eps": 1.01,
    "epsdiluted": 0.99,
    "weightedAverageShsOut": 210574383,
    "weightedAverageShsOutDil": 215154029,
    "link": "https://www.sec.gov/Archives/edgar/data/927066/000119312514062565/0001193125-14-062565-index.htm",
    "finalLink": "https://www.sec.gov/Archives/edgar/data/927066/000119312514062565/d637385d10k.htm"
  },
  {
    "date": "2013-09-30",
    "symbol": "DVA",
    "reportedCurrency": "USD",
    "cik": "0000927066",
    "fillingDate": "2013-11-06",
    "acceptedDate": "2013-11-06 14:42:17",
    "calendarYear": "2013",
    "period": "Q3",
    "revenue": 2999586000,
    "costOfRevenue": 2095334000,
    "grossProfit": 904252000,
    "grossProfitRatio": 0.3014589347,
    "researchAndDevelopmentExpenses": 0,
    "generalAndAdministrativeExpenses": 305138000,
    "sellingAndMarketingExpenses": 0,
    "sellingGeneralAndAdministrativeExpenses": 305138000,
    "otherExpenses": 222040000,
    "operatingExpenses": 527178000,
    "costAndExpenses": 2622512000,
    "interestIncome": 0,
    "interestExpense": 108421000,
    "depreciationAndAmortization": 133005000,
    "ebitda": 512192000,
    "ebitdaratio": 0.1707542308,
    "operatingIncome": 377074000,
    "operatingIncomeRatio": 0.1257086811,
    "totalOtherIncomeExpensesNet": -106308000,
    "incomeBeforeTax": 270766000,
    "incomeBeforeTaxRatio": 0.0902677903,
    "incomeTaxExpense": 100930000,
    "netIncome": 136628000,
    "netIncomeRatio": 0.0455489524,
    "eps": 0.65,
    "epsdiluted": 0.64,
    "weightedAverageShsOut": 210394560,
    "weightedAverageShsOutDil": 214902860,
    "link": "https://www.sec.gov/Archives/edgar/data/927066/000119312513429856/0001193125-13-429856-index.htm",
    "finalLink": "https://www.sec.gov/Archives/edgar/data/927066/000119312513429856/d599796d10q.htm"
  },
  {
    "date": "2013-06-30",
    "symbol": "DVA",
    "reportedCurrency": "USD",
    "cik": "0000927066",
    "fillingDate": "2013-08-07",
    "acceptedDate": "2013-08-07 16:23:54",
    "calendarYear": "2013",
    "period": "Q2",
    "revenue": 2871673000,
    "costOfRevenue": 2014320000,
    "grossProfit": 857353000,
    "grossProfitRatio": 0.2985552324,
    "researchAndDevelopmentExpenses": 0,
    "generalAndAdministrativeExpenses": 268110000,
    "sellingAndMarketingExpenses": 0,
    "sellingGeneralAndAdministrativeExpenses": 268110000,
    "otherExpenses": 67223000,
    "operatingExpenses": 335333000,
    "costAndExpenses": 2349653000,
    "interestIncome": 0,
    "interestExpense": 108096000,
    "depreciationAndAmortization": 130626000,
    "ebitda": 651272000,
    "ebitdaratio": 0.2267918388,
    "operatingIncome": 522020000,
    "operatingIncomeRatio": 0.1817825358,
    "totalOtherIncomeExpensesNet": -109470000,
    "incomeBeforeTax": 412550000,
    "incomeBeforeTaxRatio": 0.1436619002,
    "incomeTaxExpense": 129192000,
    "netIncome": 254376000,
    "netIncomeRatio": 0.0885811163,
    "eps": 1.21,
    "epsdiluted": 1.18,
    "weightedAverageShsOut": 209797334,
    "weightedAverageShsOutDil": 214849164,
    "link": "https://www.sec.gov/Archives/edgar/data/927066/000119312513324255/0001193125-13-324255-index.htm",
    "finalLink": "https://www.sec.gov/Archives/edgar/data/927066/000119312513324255/d546665d10q.htm"
  },
  {
    "date": "2013-03-31",
    "symbol": "DVA",
    "reportedCurrency": "USD",
    "cik": "0000927066",
    "fillingDate": "2013-05-09",
    "acceptedDate": "2013-05-09 15:50:27",
    "calendarYear": "2013",
    "period": "Q1",
    "revenue": 2829582000,
    "costOfRevenue": 1960891000,
    "grossProfit": 868691000,
    "grossProfitRatio": 0.3070032959,
    "researchAndDevelopmentExpenses": 0,
    "generalAndAdministrativeExpenses": 291372000,
    "sellingAndMarketingExpenses": 0,
    "sellingGeneralAndAdministrativeExpenses": 291372000,
    "otherExpenses": 417420000,
    "operatingExpenses": 701830000,
    "costAndExpenses": 2662721000,
    "interestIncome": 0,
    "interestExpense": 105817000,
    "depreciationAndAmortization": 125756000,
    "ebitda": 293368000,
    "ebitdaratio": 0.1036789179,
    "operatingIncome": 166861000,
    "operatingIncomeRatio": 0.0589701942,
    "totalOtherIncomeExpensesNet": -105219000,
    "incomeBeforeTax": 61642000,
    "incomeBeforeTaxRatio": 0.0217848431,
    "incomeTaxExpense": 15144000,
    "netIncome": 30164000,
    "netIncomeRatio": 0.0106602318,
    "eps": 0.14,
    "epsdiluted": 0.14,
    "weightedAverageShsOut": 208968952,
    "weightedAverageShsOutDil": 214127266,
    "link": "https://www.sec.gov/Archives/edgar/data/927066/000119312513210897/0001193125-13-210897-index.htm",
    "finalLink": "https://www.sec.gov/Archives/edgar/data/927066/000119312513210897/d517062d10q.htm"
  },
  {
    "date": "2012-12-31",
    "symbol": "DVA",
    "reportedCurrency": "USD",
    "cik": "0000927066",
    "fillingDate": "2013-03-01",
    "acceptedDate": "2013-02-28 21:11:46",
    "calendarYear": "2012",
    "period": "Q4",
    "revenue": 2477853000,
    "costOfRevenue": 1662529000,
    "grossProfit": 764410000,
    "grossProfitRatio": 0.3084969124,
    "researchAndDevelopmentExpenses": 0,
    "generalAndAdministrativeExpenses": 278469000,
    "sellingAndMarketingExpenses": 0,
    "sellingGeneralAndAdministrativeExpenses": 278469000,
    "otherExpenses": 183420000,
    "operatingExpenses": 376787000,
    "costAndExpenses": 2039316000,
    "interestIncome": 0,
    "interestExpense": 0,
    "depreciationAndAmortization": 109540000,
    "ebitda": 487239000,
    "ebitdaratio": 0.1966375729,
    "operatingIncome": 387623000,
    "operatingIncomeRatio": 0.1564350266,
    "totalOtherIncomeExpensesNet": -105894000,
    "incomeBeforeTax": 282162000,
    "incomeBeforeTaxRatio": 0.1138735833,
    "incomeTaxExpense": 97902000,
    "netIncome": 155839000,
    "netIncomeRatio": 0.0628927543,
    "eps": 0.77,
    "epsdiluted": 0.75,
    "weightedAverageShsOut": 202215560,
    "weightedAverageShsOutDil": 206941970,
    "link": "https://www.sec.gov/Archives/edgar/data/927066/000119312513085450/0001193125-13-085450-index.htm",
    "finalLink": "https://www.sec.gov/Archives/edgar/data/927066/000119312513085450/d465470d10k.htm"
  },
  {
    "date": "2012-09-30",
    "symbol": "DVA",
    "reportedCurrency": "USD",
    "cik": "0000927066",
    "fillingDate": "2012-10-31",
    "acceptedDate": "2012-10-31 14:45:20",
    "calendarYear": "2012",
    "period": "Q3",
    "revenue": 1962966000,
    "costOfRevenue": 1327373000,
    "grossProfit": 618515000,
    "grossProfitRatio": 0.3150920597,
    "researchAndDevelopmentExpenses": 0,
    "generalAndAdministrativeExpenses": 201198000,
    "sellingAndMarketingExpenses": 0,
    "sellingGeneralAndAdministrativeExpenses": 201198000,
    "otherExpenses": 79718000,
    "operatingExpenses": 277630000,
    "costAndExpenses": 1605003000,
    "interestIncome": 0,
    "interestExpense": 70494000,
    "depreciationAndAmortization": 80586000,
    "ebitda": 422290000,
    "ebitdaratio": 0.2151285351,
    "operatingIncome": 340885000,
    "operatingIncomeRatio": 0.1736581275,
    "totalOtherIncomeExpensesNet": -69675000,
    "incomeBeforeTax": 271184000,
    "incomeBeforeTaxRatio": 0.1381501259,
    "incomeTaxExpense": 98634000,
    "netIncome": 144721000,
    "netIncomeRatio": 0.0737256784,
    "eps": 0.76,
    "epsdiluted": 0.75,
    "weightedAverageShsOut": 189959716,
    "weightedAverageShsOutDil": 193269240,
    "link": "https://www.sec.gov/Archives/edgar/data/927066/000119312512443449/0001193125-12-443449-index.htm",
    "finalLink": "https://www.sec.gov/Archives/edgar/data/927066/000119312512443449/d413235d10q.htm"
  },
  {
    "date": "2012-06-30",
    "symbol": "DVA",
    "reportedCurrency": "USD",
    "cik": "0000927066",
    "fillingDate": "2012-08-03",
    "acceptedDate": "2012-08-03 16:56:19",
    "calendarYear": "2012",
    "period": "Q2",
    "revenue": 1929740000,
    "costOfRevenue": 1299322000,
    "grossProfit": 613684000,
    "grossProfitRatio": 0.3180138257,
    "researchAndDevelopmentExpenses": 0,
    "generalAndAdministrativeExpenses": 292621000,
    "sellingAndMarketingExpenses": -78000000,
    "sellingGeneralAndAdministrativeExpenses": 214621000,
    "otherExpenses": 153630000,
    "operatingExpenses": 366423000,
    "costAndExpenses": 1665745000,
    "interestIncome": 0,
    "interestExpense": 60709000,
    "depreciationAndAmortization": 77807000,
    "ebitda": 325908000,
    "ebitdaratio": 0.1688870003,
    "operatingIncome": 247261000,
    "operatingIncomeRatio": 0.128131769,
    "totalOtherIncomeExpensesNet": -59869000,
    "incomeBeforeTax": 188013000,
    "incomeBeforeTaxRatio": 0.0974291874,
    "incomeTaxExpense": 68009000,
    "netIncome": 95337000,
    "netIncomeRatio": 0.0494040648,
    "eps": 0.51,
    "epsdiluted": 0.5,
    "weightedAverageShsOut": 188343166,
    "weightedAverageShsOutDil": 192004380,
    "link": "https://www.sec.gov/Archives/edgar/data/927066/000119312512335042/0001193125-12-335042-index.htm",
    "finalLink": "https://www.sec.gov/Archives/edgar/data/927066/000119312512335042/d366203d10q.htm"
  },
  {
    "date": "2012-03-31",
    "symbol": "DVA",
    "reportedCurrency": "USD",
    "cik": "0000927066",
    "fillingDate": "2012-05-02",
    "acceptedDate": "2012-05-02 17:12:15",
    "calendarYear": "2012",
    "period": "Q1",
    "revenue": 1866635000,
    "costOfRevenue": 1249395000,
    "grossProfit": 600138000,
    "grossProfitRatio": 0.3215079542,
    "researchAndDevelopmentExpenses": 0,
    "generalAndAdministrativeExpenses": 207389000,
    "sellingAndMarketingExpenses": 0,
    "sellingGeneralAndAdministrativeExpenses": 207389000,
    "otherExpenses": 73855000,
    "operatingExpenses": 279256000,
    "costAndExpenses": 1528651000,
    "interestIncome": 0,
    "interestExpense": 61381000,
    "depreciationAndAmortization": 75975000,
    "ebitda": 397896000,
    "ebitdaratio": 0.2131621876,
    "operatingIncome": 320882000,
    "operatingIncomeRatio": 0.1719039877,
    "totalOtherIncomeExpensesNet": -60342000,
    "incomeBeforeTax": 260378000,
    "incomeBeforeTaxRatio": 0.1394905806,
    "incomeTaxExpense": 95495000,
    "netIncome": 140120000,
    "netIncomeRatio": 0.0750655591,
    "eps": 0.75,
    "epsdiluted": 0.73,
    "weightedAverageShsOut": 187538184,
    "weightedAverageShsOutDil": 191458210,
    "link": "https://www.sec.gov/Archives/edgar/data/927066/000119312512205029/0001193125-12-205029-index.htm",
    "finalLink": "https://www.sec.gov/Archives/edgar/data/927066/000119312512205029/d336680d10q.htm"
  },
  {
    "date": "2011-12-31",
    "symbol": "DVA",
    "reportedCurrency": "USD",
    "cik": "0000927066",
    "fillingDate": "2012-02-24",
    "acceptedDate": "2012-02-24 15:38:01",
    "calendarYear": "2011",
    "period": "Q4",
    "revenue": 1862318000,
    "costOfRevenue": 1213912000,
    "grossProfit": 648406000,
    "grossProfitRatio": 0.3481714723,
    "researchAndDevelopmentExpenses": 0,
    "generalAndAdministrativeExpenses": 193210000,
    "sellingAndMarketingExpenses": 0,
    "sellingGeneralAndAdministrativeExpenses": 193210000,
    "otherExpenses": 125084000,
    "operatingExpenses": 318294000,
    "costAndExpenses": 1532206000,
    "interestIncome": 0,
    "interestExpense": 61750000,
    "depreciationAndAmortization": 72987000,
    "ebitda": 403886000,
    "ebitdaratio": 0.216872736,
    "operatingIncome": 330112000,
    "operatingIncomeRatio": 0.1772586637,
    "totalOtherIncomeExpensesNet": -60963000,
    "incomeBeforeTax": 269149000,
    "incomeBeforeTaxRatio": 0.1445236528,
    "incomeTaxExpense": 91710000,
    "netIncome": 148123000,
    "netIncomeRatio": 0.0795368997,
    "eps": 0.79,
    "epsdiluted": 0.79,
    "weightedAverageShsOut": 186944182,
    "weightedAverageShsOutDil": 187538184,
    "link": "https://www.sec.gov/Archives/edgar/data/927066/000119312512077942/0001193125-12-077942-index.htm",
    "finalLink": "https://www.sec.gov/Archives/edgar/data/927066/000119312512077942/d276082d10k.htm"
  },
  {
    "date": "2011-09-30",
    "symbol": "DVA",
    "reportedCurrency": "USD",
    "cik": "0000927066",
    "fillingDate": "2011-11-04",
    "acceptedDate": "2011-11-04 16:19:15",
    "calendarYear": "2011",
    "period": "Q3",
    "revenue": 1807869000,
    "costOfRevenue": 1189638000,
    "grossProfit": 568192000,
    "grossProfitRatio": 0.3142882587,
    "researchAndDevelopmentExpenses": 0,
    "generalAndAdministrativeExpenses": 182638000,
    "sellingAndMarketingExpenses": 0,
    "sellingGeneralAndAdministrativeExpenses": 182638000,
    "otherExpenses": 66842000,
    "operatingExpenses": 249480000,
    "costAndExpenses": 1439118000,
    "interestIncome": 0,
    "interestExpense": 60848000,
    "depreciationAndAmortization": 67821000,
    "ebitda": 387331000,
    "ebitdaratio": 0.2142472712,
    "operatingIncome": 318712000,
    "operatingIncomeRatio": 0.1762915344,
    "totalOtherIncomeExpensesNet": -60050000,
    "incomeBeforeTax": 258662000,
    "incomeBeforeTaxRatio": 0.1430756321,
    "incomeTaxExpense": 94204000,
    "netIncome": 135361000,
    "netIncomeRatio": 0.0748732347,
    "eps": 0.72,
    "epsdiluted": 0.71,
    "weightedAverageShsOut": 186883240,
    "weightedAverageShsOutDil": 190342450,
    "link": "https://www.sec.gov/Archives/edgar/data/927066/000119312511297408/0001193125-11-297408-index.htm",
    "finalLink": "https://www.sec.gov/Archives/edgar/data/927066/000119312511297408/d241423d10q.htm"
  },
  {
    "date": "2011-06-30",
    "symbol": "DVA",
    "reportedCurrency": "USD",
    "cik": "0000927066",
    "fillingDate": "2011-08-04",
    "acceptedDate": "2011-08-04 17:22:08",
    "calendarYear": "2011",
    "period": "Q2",
    "revenue": 1711529000,
    "costOfRevenue": 1163136000,
    "grossProfit": 498097000,
    "grossProfitRatio": 0.2910245751,
    "researchAndDevelopmentExpenses": 0,
    "generalAndAdministrativeExpenses": 163793000,
    "sellingAndMarketingExpenses": 0,
    "sellingGeneralAndAdministrativeExpenses": 163793000,
    "otherExpenses": 87680000,
    "operatingExpenses": 251473000,
    "costAndExpenses": 1414609000,
    "interestIncome": 0,
    "interestExpense": 59897000,
    "depreciationAndAmortization": 64470000,
    "ebitda": 311650000,
    "ebitdaratio": 0.1820886471,
    "operatingIncome": 246624000,
    "operatingIncomeRatio": 0.1440957179,
    "totalOtherIncomeExpensesNet": -59341000,
    "incomeBeforeTax": 187705000,
    "incomeBeforeTaxRatio": 0.1096709433,
    "incomeTaxExpense": 67040000,
    "netIncome": 100015000,
    "netIncomeRatio": 0.0584360534,
    "eps": 0.52,
    "epsdiluted": 0.51,
    "weightedAverageShsOut": 190976898,
    "weightedAverageShsOutDil": 195315156,
    "link": "https://www.sec.gov/Archives/edgar/data/927066/000119312511210603/0001193125-11-210603-index.htm",
    "finalLink": "https://www.sec.gov/Archives/edgar/data/927066/000119312511210603/d10q.htm"
  },
  {
    "date": "2011-03-31",
    "symbol": "DVA",
    "reportedCurrency": "USD",
    "cik": "0000927066",
    "fillingDate": "2011-05-06",
    "acceptedDate": "2011-05-06 16:48:58",
    "calendarYear": "2011",
    "period": "Q1",
    "revenue": 1605958000,
    "costOfRevenue": 1114086000,
    "grossProfit": 448227000,
    "grossProfitRatio": 0.2791025668,
    "researchAndDevelopmentExpenses": 0,
    "generalAndAdministrativeExpenses": 151602000,
    "sellingAndMarketingExpenses": 0,
    "sellingGeneralAndAdministrativeExpenses": 151602000,
    "otherExpenses": 61291000,
    "operatingExpenses": 212893000,
    "costAndExpenses": 1326979000,
    "interestIncome": 0,
    "interestExpense": 58595000,
    "depreciationAndAmortization": 62037000,
    "ebitda": 298212000,
    "ebitdaratio": 0.185691033,
    "operatingIncome": 235334000,
    "operatingIncomeRatio": 0.1465380788,
    "totalOtherIncomeExpensesNet": -57754000,
    "incomeBeforeTax": 177799000,
    "incomeBeforeTaxRatio": 0.1107121108,
    "incomeTaxExpense": 63047000,
    "netIncome": 94502000,
    "netIncomeRatio": 0.0588446273,
    "eps": 0.49,
    "epsdiluted": 0.48,
    "weightedAverageShsOut": 192527604,
    "weightedAverageShsOutDil": 196756742,
    "link": "https://www.sec.gov/Archives/edgar/data/927066/000119312511130878/0001193125-11-130878-index.htm",
    "finalLink": "https://www.sec.gov/Archives/edgar/data/927066/000119312511130878/d10q.htm"
  },
  {
    "date": "2010-12-31",
    "symbol": "DVA",
    "reportedCurrency": "USD",
    "cik": "0000927066",
    "fillingDate": "2011-02-25",
    "acceptedDate": "2011-02-25 12:35:59",
    "calendarYear": "2010",
    "period": "Q4",
    "revenue": 1649417000,
    "costOfRevenue": 1135012000,
    "grossProfit": 514405000,
    "grossProfitRatio": 0.3118708004,
    "researchAndDevelopmentExpenses": 0,
    "generalAndAdministrativeExpenses": 157578000,
    "sellingAndMarketingExpenses": 0,
    "sellingGeneralAndAdministrativeExpenses": 157578000,
    "otherExpenses": 101422000,
    "operatingExpenses": 259000000,
    "costAndExpenses": 1394012000,
    "interestIncome": 0,
    "interestExpense": 53879000,
    "depreciationAndAmortization": 60071000,
    "ebitda": 246312000,
    "ebitdaratio": 0.1493327642,
    "operatingIncome": 255405000,
    "operatingIncomeRatio": 0.1548456212,
    "totalOtherIncomeExpensesNet": -123043000,
    "incomeBeforeTax": 132362000,
    "incomeBeforeTaxRatio": 0.0802477481,
    "incomeTaxExpense": 39917000,
    "netIncome": 69020000,
    "netIncomeRatio": 0.0418450883,
    "eps": 0.36,
    "epsdiluted": 0.36,
    "weightedAverageShsOut": 192527604,
    "weightedAverageShsOutDil": 192527604,
    "link": "https://www.sec.gov/Archives/edgar/data/927066/000119312511046882/0001193125-11-046882-index.htm",
    "finalLink": "https://www.sec.gov/Archives/edgar/data/927066/000119312511046882/d10k.htm"
  },
  {
    "date": "2010-09-30",
    "symbol": "DVA",
    "reportedCurrency": "USD",
    "cik": "0000927066",
    "fillingDate": "2010-11-05",
    "acceptedDate": "2010-11-05 17:07:30",
    "calendarYear": "2010",
    "period": "Q3",
    "revenue": 1651649000,
    "costOfRevenue": 1144474000,
    "grossProfit": 505083000,
    "grossProfitRatio": 0.3058052891,
    "researchAndDevelopmentExpenses": 0,
    "generalAndAdministrativeExpenses": 148041000,
    "sellingAndMarketingExpenses": 0,
    "sellingGeneralAndAdministrativeExpenses": 148041000,
    "otherExpenses": 100297000,
    "operatingExpenses": 248338000,
    "costAndExpenses": 1392812000,
    "interestIncome": 0,
    "interestExpense": 39490000,
    "depreciationAndAmortization": 58486000,
    "ebitda": 315990000,
    "ebitdaratio": 0.191317889,
    "operatingIncome": 256745000,
    "operatingIncomeRatio": 0.1554476768,
    "totalOtherIncomeExpensesNet": -38731000,
    "incomeBeforeTax": 217860000,
    "incomeBeforeTaxRatio": 0.131904539,
    "incomeTaxExpense": 74979000,
    "netIncome": 119387000,
    "netIncomeRatio": 0.0722835179,
    "eps": 0.58,
    "epsdiluted": 0.57,
    "weightedAverageShsOut": 205217688,
    "weightedAverageShsOutDil": 208044916,
    "link": "https://www.sec.gov/Archives/edgar/data/927066/000119312510250263/0001193125-10-250263-index.htm",
    "finalLink": "https://www.sec.gov/Archives/edgar/data/927066/000119312510250263/d10q.htm"
  },
  {
    "date": "2010-06-30",
    "symbol": "DVA",
    "reportedCurrency": "USD",
    "cik": "0000927066",
    "fillingDate": "2010-08-05",
    "acceptedDate": "2010-08-05 14:46:14",
    "calendarYear": "2010",
    "period": "Q2",
    "revenue": 1586907000,
    "costOfRevenue": 1110552000,
    "grossProfit": 476355000,
    "grossProfitRatio": 0.3001782713,
    "researchAndDevelopmentExpenses": 0,
    "generalAndAdministrativeExpenses": 136104000,
    "sellingAndMarketingExpenses": 0,
    "sellingGeneralAndAdministrativeExpenses": 136104000,
    "otherExpenses": 97886000,
    "operatingExpenses": 233990000,
    "costAndExpenses": 1344542000,
    "interestIncome": 0,
    "interestExpense": 43655000,
    "depreciationAndAmortization": 58353000,
    "ebitda": 297330000,
    "ebitdaratio": 0.1873644769,
    "operatingIncome": 242365000,
    "operatingIncomeRatio": 0.1527279166,
    "totalOtherIncomeExpensesNet": -47043000,
    "incomeBeforeTax": 195322000,
    "incomeBeforeTaxRatio": 0.1230834573,
    "incomeTaxExpense": 71429000,
    "netIncome": 107853000,
    "netIncomeRatio": 0.0679642852,
    "eps": 0.52,
    "epsdiluted": 0.52,
    "weightedAverageShsOut": 206007246,
    "weightedAverageShsOutDil": 208898130,
    "link": "https://www.sec.gov/Archives/edgar/data/927066/000119312510179114/0001193125-10-179114-index.htm",
    "finalLink": "https://www.sec.gov/Archives/edgar/data/927066/000119312510179114/d10q.htm"
  },
  {
    "date": "2010-03-31",
    "symbol": "DVA",
    "reportedCurrency": "USD",
    "cik": "0000927066",
    "fillingDate": "2010-05-03",
    "acceptedDate": "2010-05-03 17:18:53",
    "calendarYear": "2010",
    "period": "Q1",
    "revenue": 1559418000,
    "costOfRevenue": 1082789000,
    "grossProfit": 476629000,
    "grossProfitRatio": 0.3056454395,
    "researchAndDevelopmentExpenses": 0,
    "generalAndAdministrativeExpenses": 137277000,
    "sellingAndMarketingExpenses": 0,
    "sellingGeneralAndAdministrativeExpenses": 137277000,
    "otherExpenses": 96686000,
    "operatingExpenses": 233963000,
    "costAndExpenses": 1316752000,
    "interestIncome": 0,
    "interestExpense": 44583000,
    "depreciationAndAmortization": 57468000,
    "ebitda": 300965000,
    "ebitdaratio": 0.1929982853,
    "operatingIncome": 242666000,
    "operatingIncomeRatio": 0.1556131839,
    "totalOtherIncomeExpensesNet": -43752000,
    "incomeBeforeTax": 198914000,
    "incomeBeforeTaxRatio": 0.1275565628,
    "incomeTaxExpense": 73914000,
    "netIncome": 109423000,
    "netIncomeRatio": 0.0701691272,
    "eps": 0.53,
    "epsdiluted": 0.52,
    "weightedAverageShsOut": 206729738,
    "weightedAverageShsOutDil": 209531200,
    "link": "https://www.sec.gov/Archives/edgar/data/927066/000119312510104566/0001193125-10-104566-index.htm",
    "finalLink": "https://www.sec.gov/Archives/edgar/data/927066/000119312510104566/d10q.htm"
  },
  {
    "date": "2009-12-31",
    "symbol": "DVA",
    "reportedCurrency": "USD",
    "cik": "0000927066",
    "fillingDate": "2010-02-25",
    "acceptedDate": "2010-02-25 16:44:41",
    "calendarYear": "2009",
    "period": "Q4",
    "revenue": 1568204000,
    "costOfRevenue": 1095046000,
    "grossProfit": 473158000,
    "grossProfitRatio": 0.3017196742,
    "researchAndDevelopmentExpenses": 0,
    "generalAndAdministrativeExpenses": 137161000,
    "sellingAndMarketingExpenses": 0,
    "sellingGeneralAndAdministrativeExpenses": 137161000,
    "otherExpenses": 97285000,
    "operatingExpenses": 234446000,
    "costAndExpenses": 1329492000,
    "interestIncome": 0,
    "interestExpense": 44831000,
    "depreciationAndAmortization": 56865000,
    "ebitda": 296259000,
    "ebitdaratio": 0.1889161104,
    "operatingIncome": 238712000,
    "operatingIncomeRatio": 0.1522199918,
    "totalOtherIncomeExpensesNet": -44149000,
    "incomeBeforeTax": 194563000,
    "incomeBeforeTaxRatio": 0.1240674045,
    "incomeTaxExpense": 68980000,
    "netIncome": 109724000,
    "netIncomeRatio": 0.0699679378,
    "eps": 0.53,
    "epsdiluted": 0.53,
    "weightedAverageShsOut": 205402472,
    "weightedAverageShsOutDil": 206729738,
    "link": "https://www.sec.gov/Archives/edgar/data/927066/000119312510040773/0001193125-10-040773-index.htm",
    "finalLink": "https://www.sec.gov/Archives/edgar/data/927066/000119312510040773/d10k.htm"
  },
  {
    "date": "2009-09-30",
    "symbol": "DVA",
    "reportedCurrency": "USD",
    "cik": "0000927066",
    "fillingDate": "2009-11-05",
    "acceptedDate": "2009-11-05 17:16:11",
    "calendarYear": "2009",
    "period": "Q3",
    "revenue": 1573915000,
    "costOfRevenue": 1095857000,
    "grossProfit": 478058000,
    "grossProfitRatio": 0.3037381307,
    "researchAndDevelopmentExpenses": 0,
    "generalAndAdministrativeExpenses": 134931000,
    "sellingAndMarketingExpenses": 0,
    "sellingGeneralAndAdministrativeExpenses": 134931000,
    "otherExpenses": 98126000,
    "operatingExpenses": 233057000,
    "costAndExpenses": 1328914000,
    "interestIncome": 0,
    "interestExpense": 45535000,
    "depreciationAndAmortization": 56813000,
    "ebitda": 302813000,
    "ebitdaratio": 0.1923947608,
    "operatingIncome": 245001000,
    "operatingIncomeRatio": 0.1556634253,
    "totalOtherIncomeExpensesNet": -44536000,
    "incomeBeforeTax": 200465000,
    "incomeBeforeTaxRatio": 0.1273671069,
    "incomeTaxExpense": 74195000,
    "netIncome": 110930000,
    "netIncomeRatio": 0.0704802991,
    "eps": 0.53,
    "epsdiluted": 0.53,
    "weightedAverageShsOut": 208254668,
    "weightedAverageShsOutDil": 209214636,
    "link": "https://www.sec.gov/Archives/edgar/data/927066/000119312509225754/0001193125-09-225754-index.htm",
    "finalLink": "https://www.sec.gov/Archives/edgar/data/927066/000119312509225754/d10q.htm"
  },
  {
    "date": "2009-06-30",
    "symbol": "DVA",
    "reportedCurrency": "USD",
    "cik": "0000927066",
    "fillingDate": "2009-08-07",
    "acceptedDate": "2009-08-07 00:00:00",
    "calendarYear": "2009",
    "period": "Q2",
    "revenue": 1519041000,
    "costOfRevenue": 1051879000,
    "grossProfit": 467162000,
    "grossProfitRatio": 0.3075374529,
    "researchAndDevelopmentExpenses": 0,
    "generalAndAdministrativeExpenses": 132166000,
    "sellingAndMarketingExpenses": 0,
    "sellingGeneralAndAdministrativeExpenses": 132166000,
    "otherExpenses": 99042000,
    "operatingExpenses": 231208000,
    "costAndExpenses": 1283087000,
    "interestIncome": 0,
    "interestExpense": 47088000,
    "depreciationAndAmortization": 58185000,
    "ebitda": 295412000,
    "ebitdaratio": 0.1944726969,
    "operatingIncome": 235954000,
    "operatingIncomeRatio": 0.1553308963,
    "totalOtherIncomeExpensesNet": -45815000,
    "incomeBeforeTax": 190139000,
    "incomeBeforeTaxRatio": 0.12517042,
    "incomeTaxExpense": 70507000,
    "netIncome": 105819000,
    "netIncomeRatio": 0.0696617142,
    "eps": 0.58,
    "epsdiluted": 0.58,
    "weightedAverageShsOut": 207411366,
    "weightedAverageShsOutDil": 207851686,
    "link": "https://www.sec.gov/Archives/edgar/data/927066/000119312509167626/0001193125-09-167626-index.htm",
    "finalLink": "https://www.sec.gov/Archives/edgar/data/927066/000119312509167626/d10q.htm"
  },
  {
    "date": "2009-03-31",
    "symbol": "DVA",
    "reportedCurrency": "USD",
    "cik": "0000927066",
    "fillingDate": "2009-05-07",
    "acceptedDate": "2009-05-06 19:17:37",
    "calendarYear": "2009",
    "period": "Q1",
    "revenue": 1447640000,
    "costOfRevenue": 1005886000,
    "grossProfit": 441754000,
    "grossProfitRatio": 0.3051545964,
    "researchAndDevelopmentExpenses": 0,
    "generalAndAdministrativeExpenses": 127273000,
    "sellingAndMarketingExpenses": 0,
    "sellingGeneralAndAdministrativeExpenses": 127273000,
    "otherExpenses": 93877000,
    "operatingExpenses": 221150000,
    "costAndExpenses": 1227036000,
    "interestIncome": 0,
    "interestExpense": 48301000,
    "depreciationAndAmortization": 57123000,
    "ebitda": 278481000,
    "ebitdaratio": 0.1923689591,
    "operatingIncome": 220604000,
    "operatingIncomeRatio": 0.1523887154,
    "totalOtherIncomeExpensesNet": -47547000,
    "incomeBeforeTax": 173057000,
    "incomeBeforeTaxRatio": 0.1195442237,
    "incomeTaxExpense": 64783000,
    "netIncome": 96211000,
    "netIncomeRatio": 0.0664605841,
    "eps": 0.46,
    "epsdiluted": 0.46,
    "weightedAverageShsOut": 207756834,
    "weightedAverageShsOutDil": 208818052,
    "link": "https://www.sec.gov/Archives/edgar/data/927066/000119312509101876/0001193125-09-101876-index.htm",
    "finalLink": "https://www.sec.gov/Archives/edgar/data/927066/000119312509101876/d10q.htm"
  },
  {
    "date": "2008-12-31",
    "symbol": "DVA",
    "reportedCurrency": "USD",
    "cik": "0000927066",
    "fillingDate": "2009-02-27",
    "acceptedDate": "2009-02-27 15:44:05",
    "calendarYear": "2008",
    "period": "Q4",
    "revenue": 1461010000,
    "costOfRevenue": 1011344000,
    "grossProfit": 449666000,
    "grossProfitRatio": 0.3077774964,
    "researchAndDevelopmentExpenses": 0,
    "generalAndAdministrativeExpenses": 170455000,
    "sellingAndMarketingExpenses": 0,
    "sellingGeneralAndAdministrativeExpenses": 170455000,
    "otherExpenses": 67611000,
    "operatingExpenses": 238066000,
    "costAndExpenses": 1249410000,
    "interestIncome": 0,
    "interestExpense": 51665000,
    "depreciationAndAmortization": 56244000,
    "ebitda": 267844000,
    "ebitdaratio": 0.1833279717,
    "operatingIncome": 211600000,
    "operatingIncomeRatio": 0.1448313153,
    "totalOtherIncomeExpensesNet": -53745000,
    "incomeBeforeTax": 157855000,
    "incomeBeforeTaxRatio": 0.1080451195,
    "incomeTaxExpense": 59490000,
    "netIncome": 98365000,
    "netIncomeRatio": 0.0673267123,
    "eps": 0.47,
    "epsdiluted": 0.47,
    "weightedAverageShsOut": 207756834,
    "weightedAverageShsOutDil": 207756834,
    "link": "https://www.sec.gov/Archives/edgar/data/927066/000119312509040883/0001193125-09-040883-index.htm",
    "finalLink": "https://www.sec.gov/Archives/edgar/data/927066/000119312509040883/d10k.htm"
  },
  {
    "date": "2008-09-30",
    "symbol": "DVA",
    "reportedCurrency": "USD",
    "cik": "0000927066",
    "fillingDate": "2008-11-06",
    "acceptedDate": "2008-11-06 16:46:16",
    "calendarYear": "2008",
    "period": "Q3",
    "revenue": 1447135000,
    "costOfRevenue": 1005648000,
    "grossProfit": 441487000,
    "grossProfitRatio": 0.3050765824,
    "researchAndDevelopmentExpenses": 0,
    "generalAndAdministrativeExpenses": 165922000,
    "sellingAndMarketingExpenses": 0,
    "sellingGeneralAndAdministrativeExpenses": 165922000,
    "otherExpenses": 67681000,
    "operatingExpenses": 233603000,
    "costAndExpenses": 1239251000,
    "interestIncome": 0,
    "interestExpense": 49543000,
    "depreciationAndAmortization": 54970000,
    "ebitda": 262854000,
    "ebitdaratio": 0.1816375114,
    "operatingIncome": 207884000,
    "operatingIncomeRatio": 0.1436521126,
    "totalOtherIncomeExpensesNet": -52024000,
    "incomeBeforeTax": 155860000,
    "incomeBeforeTaxRatio": 0.1077024604,
    "incomeTaxExpense": 61950000,
    "netIncome": 93910000,
    "netIncomeRatio": 0.0648937383,
    "eps": 0.45,
    "epsdiluted": 0.44,
    "weightedAverageShsOut": 209113540,
    "weightedAverageShsOutDil": 211155646,
    "link": "https://www.sec.gov/Archives/edgar/data/927066/000119312508228037/0001193125-08-228037-index.htm",
    "finalLink": "https://www.sec.gov/Archives/edgar/data/927066/000119312508228037/d10q.htm"
  },
  {
    "date": "2008-06-30",
    "symbol": "DVA",
    "reportedCurrency": "USD",
    "cik": "0000927066",
    "fillingDate": "2008-08-08",
    "acceptedDate": "2008-08-07 20:12:20",
    "calendarYear": "2008",
    "period": "Q2",
    "revenue": 1407304000,
    "costOfRevenue": 973286000,
    "grossProfit": 434018000,
    "grossProfitRatio": 0.3084038701,
    "researchAndDevelopmentExpenses": 0,
    "generalAndAdministrativeExpenses": 162696000,
    "sellingAndMarketingExpenses": 0,
    "sellingGeneralAndAdministrativeExpenses": 162696000,
    "otherExpenses": 90385000,
    "operatingExpenses": 215584000,
    "costAndExpenses": 1188870000,
    "interestIncome": 0,
    "interestExpense": 49346000,
    "depreciationAndAmortization": 52892000,
    "ebitda": 274313000,
    "ebitdaratio": 0.1949209268,
    "operatingIncome": 218434000,
    "operatingIncomeRatio": 0.1552145094,
    "totalOtherIncomeExpensesNet": -52333000,
    "incomeBeforeTax": 153221000,
    "incomeBeforeTaxRatio": 0.1088755521,
    "incomeTaxExpense": 58270000,
    "netIncome": 94951000,
    "netIncomeRatio": 0.0674701415,
    "eps": 0.45,
    "epsdiluted": 0.45,
    "weightedAverageShsOut": 209629634,
    "weightedAverageShsOutDil": 211234346,
    "link": "https://www.sec.gov/Archives/edgar/data/927066/000119312508170507/0001193125-08-170507-index.htm",
    "finalLink": "https://www.sec.gov/Archives/edgar/data/927066/000119312508170507/d10q.htm"
  },
  {
    "date": "2008-03-31",
    "symbol": "DVA",
    "reportedCurrency": "USD",
    "cik": "0000927066",
    "fillingDate": "2008-05-08",
    "acceptedDate": "2008-05-07 21:18:17",
    "calendarYear": "2008",
    "period": "Q1",
    "revenue": 1344724000,
    "costOfRevenue": 930209000,
    "grossProfit": 414515000,
    "grossProfitRatio": 0.3082528459,
    "researchAndDevelopmentExpenses": 0,
    "generalAndAdministrativeExpenses": 155396000,
    "sellingAndMarketingExpenses": 0,
    "sellingGeneralAndAdministrativeExpenses": 155396000,
    "otherExpenses": 87969000,
    "operatingExpenses": 208734000,
    "costAndExpenses": 1138943000,
    "interestIncome": 0,
    "interestExpense": 49340000,
    "depreciationAndAmortization": 52811000,
    "ebitda": 263455000,
    "ebitdaratio": 0.1959175266,
    "operatingIncome": 205781000,
    "operatingIncomeRatio": 0.1530284281,
    "totalOtherIncomeExpensesNet": -54203000,
    "incomeBeforeTax": 142524000,
    "incomeBeforeTaxRatio": 0.1059875484,
    "incomeTaxExpense": 55590000,
    "netIncome": 86934000,
    "netIncomeRatio": 0.0646482103,
    "eps": 0.4,
    "epsdiluted": 0.4,
    "weightedAverageShsOut": 214734712,
    "weightedAverageShsOutDil": 216478720,
    "link": "https://www.sec.gov/Archives/edgar/data/927066/000119312508106363/0001193125-08-106363-index.htm",
    "finalLink": "https://www.sec.gov/Archives/edgar/data/927066/000119312508106363/d10q.htm"
  },
  {
    "date": "2007-12-31",
    "symbol": "DVA",
    "reportedCurrency": "USD",
    "cik": "0000927066",
    "fillingDate": "2008-02-29",
    "acceptedDate": "2008-02-28 21:14:32",
    "calendarYear": "2007",
    "period": "Q4",
    "revenue": 1354869000,
    "costOfRevenue": 927503000,
    "grossProfit": 427366000,
    "grossProfitRatio": 0.3154297574,
    "researchAndDevelopmentExpenses": 0,
    "generalAndAdministrativeExpenses": 169983000,
    "sellingAndMarketingExpenses": 0,
    "sellingGeneralAndAdministrativeExpenses": 169983000,
    "otherExpenses": 62120000,
    "operatingExpenses": 232103000,
    "costAndExpenses": 1159606000,
    "interestIncome": 0,
    "interestExpense": 51993000,
    "depreciationAndAmortization": 51392000,
    "ebitda": 246655000,
    "ebitdaratio": 0.1820508108,
    "operatingIncome": 195263000,
    "operatingIncomeRatio": 0.1441194684,
    "totalOtherIncomeExpensesNet": -57322000,
    "incomeBeforeTax": 137941000,
    "incomeBeforeTaxRatio": 0.101811319,
    "incomeTaxExpense": 52224000,
    "netIncome": 85717000,
    "netIncomeRatio": 0.0632658951,
    "eps": 0.4,
    "epsdiluted": 0.4,
    "weightedAverageShsOut": 213793200,
    "weightedAverageShsOutDil": 214734712,
    "link": "https://www.sec.gov/Archives/edgar/data/927066/000119312508042304/0001193125-08-042304-index.htm",
    "finalLink": "https://www.sec.gov/Archives/edgar/data/927066/000119312508042304/d10k.htm"
  },
  {
    "date": "2007-09-30",
    "symbol": "DVA",
    "reportedCurrency": "USD",
    "cik": "0000927066",
    "fillingDate": "2007-11-07",
    "acceptedDate": "2007-11-07 15:49:52",
    "calendarYear": "2007",
    "period": "Q3",
    "revenue": 1318381000,
    "costOfRevenue": 890243000,
    "grossProfit": 428138000,
    "grossProfitRatio": 0.3247452747,
    "researchAndDevelopmentExpenses": 0,
    "generalAndAdministrativeExpenses": 154703000,
    "sellingAndMarketingExpenses": 0,
    "sellingGeneralAndAdministrativeExpenses": 154703000,
    "otherExpenses": 61023000,
    "operatingExpenses": 215726000,
    "costAndExpenses": 1105969000,
    "interestIncome": 0,
    "interestExpense": 50159000,
    "depreciationAndAmortization": 49230000,
    "ebitda": 261642000,
    "ebitdaratio": 0.1984570469,
    "operatingIncome": 212412000,
    "operatingIncomeRatio": 0.1611157928,
    "totalOtherIncomeExpensesNet": -56437000,
    "incomeBeforeTax": 155975000,
    "incomeBeforeTaxRatio": 0.1183079853,
    "incomeTaxExpense": 61520000,
    "netIncome": 94455000,
    "netIncomeRatio": 0.0716446915,
    "eps": 0.44,
    "epsdiluted": 0.44,
    "weightedAverageShsOut": 212342946,
    "weightedAverageShsOutDil": 215122278,
    "link": "https://www.sec.gov/Archives/edgar/data/927066/000119312507238400/0001193125-07-238400-index.htm",
    "finalLink": "https://www.sec.gov/Archives/edgar/data/927066/000119312507238400/d10q.htm"
  },
  {
    "date": "2007-06-30",
    "symbol": "DVA",
    "reportedCurrency": "USD",
    "cik": "0000927066",
    "fillingDate": "2007-08-06",
    "acceptedDate": "2007-08-06 17:01:28",
    "calendarYear": "2007",
    "period": "Q2",
    "revenue": 1312735000,
    "costOfRevenue": 891013000,
    "grossProfit": 421722000,
    "grossProfitRatio": 0.3212544802,
    "researchAndDevelopmentExpenses": 0,
    "generalAndAdministrativeExpenses": 156376000,
    "sellingAndMarketingExpenses": 0,
    "sellingGeneralAndAdministrativeExpenses": 156376000,
    "otherExpenses": 4129000,
    "operatingExpenses": 160505000,
    "costAndExpenses": 1051518000,
    "interestIncome": 0,
    "interestExpense": 0,
    "depreciationAndAmortization": 47058000,
    "ebitda": 308275000,
    "ebitdaratio": 0.234834144,
    "operatingIncome": 261217000,
    "operatingIncomeRatio": 0.1989868481,
    "totalOtherIncomeExpensesNet": -55253000,
    "incomeBeforeTax": 205964000,
    "incomeBeforeTaxRatio": 0.1568968604,
    "incomeTaxExpense": 80940000,
    "netIncome": 125024000,
    "netIncomeRatio": 0.0952393286,
    "eps": 0.59,
    "epsdiluted": 0.58,
    "weightedAverageShsOut": 210902612,
    "weightedAverageShsOutDil": 214022496,
    "link": "https://www.sec.gov/Archives/edgar/data/927066/000119312507172119/0001193125-07-172119-index.htm",
    "finalLink": "https://www.sec.gov/Archives/edgar/data/927066/000119312507172119/d10q.htm"
  },
  {
    "date": "2007-03-31",
    "symbol": "DVA",
    "reportedCurrency": "USD",
    "cik": "0000927066",
    "fillingDate": "2007-05-03",
    "acceptedDate": "2007-05-03 15:54:04",
    "calendarYear": "2007",
    "period": "Q1",
    "revenue": 1278166000,
    "costOfRevenue": 881585000,
    "grossProfit": 396581000,
    "grossProfitRatio": 0.31027347,
    "researchAndDevelopmentExpenses": 0,
    "generalAndAdministrativeExpenses": 146856000,
    "sellingAndMarketingExpenses": 0,
    "sellingGeneralAndAdministrativeExpenses": 146856000,
    "otherExpenses": 56408000,
    "operatingExpenses": 203264000,
    "costAndExpenses": 1084849000,
    "interestIncome": 0,
    "interestExpense": 62480000,
    "depreciationAndAmortization": 45790000,
    "ebitda": 239107000,
    "ebitdaratio": 0.1870703805,
    "operatingIncome": 193317000,
    "operatingIncomeRatio": 0.1512456129,
    "totalOtherIncomeExpensesNet": -65675000,
    "incomeBeforeTax": 127642000,
    "incomeBeforeTaxRatio": 0.099863398,
    "incomeTaxExpense": 51060000,
    "netIncome": 76582000,
    "netIncomeRatio": 0.0599155352,
    "eps": 0.36,
    "epsdiluted": 0.36,
    "weightedAverageShsOut": 210026280,
    "weightedAverageShsOutDil": 213478432,
    "link": "https://www.sec.gov/Archives/edgar/data/927066/000119312507101288/0001193125-07-101288-index.htm",
    "finalLink": "https://www.sec.gov/Archives/edgar/data/927066/000119312507101288/d10q.htm"
  },
  {
    "date": "2006-12-31",
    "symbol": "DVA",
    "reportedCurrency": "USD",
    "cik": "0000927066",
    "fillingDate": "2007-02-28",
    "acceptedDate": "2007-02-27 20:31:44",
    "calendarYear": "2006",
    "period": "Q4",
    "revenue": 1272617000,
    "costOfRevenue": 872556000,
    "grossProfit": 400061000,
    "grossProfitRatio": 0.31436088,
    "researchAndDevelopmentExpenses": 0,
    "generalAndAdministrativeExpenses": 157365000,
    "sellingAndMarketingExpenses": 0,
    "sellingGeneralAndAdministrativeExpenses": 157365000,
    "otherExpenses": 54185000,
    "operatingExpenses": 211550000,
    "costAndExpenses": 1084106000,
    "interestIncome": 0,
    "interestExpense": 340783000,
    "depreciationAndAmortization": 45209000,
    "ebitda": 233720000,
    "ebitdaratio": 0.1836530551,
    "operatingIncome": 188511000,
    "operatingIncomeRatio": 0.14812862,
    "totalOtherIncomeExpensesNet": -66992000,
    "incomeBeforeTax": 121519000,
    "incomeBeforeTaxRatio": 0.0954874876,
    "incomeTaxExpense": 47390000,
    "netIncome": 74129000,
    "netIncomeRatio": 0.0582492612,
    "eps": 0.35,
    "epsdiluted": 0.35,
    "weightedAverageShsOut": 208387558,
    "weightedAverageShsOutDil": 210026280,
    "link": "https://www.sec.gov/Archives/edgar/data/927066/000119312507041368/0001193125-07-041368-index.htm",
    "finalLink": "https://www.sec.gov/Archives/edgar/data/927066/000119312507041368/d10k.htm"
  },
  {
    "date": "2006-09-30",
    "symbol": "DVA",
    "reportedCurrency": "USD",
    "cik": "0000927066",
    "fillingDate": "2006-11-03",
    "acceptedDate": "2006-11-03 17:10:17",
    "calendarYear": "2006",
    "period": "Q3",
    "revenue": 1237041000,
    "costOfRevenue": 857049000,
    "grossProfit": 379992000,
    "grossProfitRatio": 0.3071781776,
    "researchAndDevelopmentExpenses": 0,
    "generalAndAdministrativeExpenses": 145432000,
    "sellingAndMarketingExpenses": 0,
    "sellingGeneralAndAdministrativeExpenses": 145432000,
    "otherExpenses": 17466000,
    "operatingExpenses": 162898000,
    "costAndExpenses": 1019947000,
    "interestIncome": 0,
    "interestExpense": 21629000,
    "depreciationAndAmortization": 44478000,
    "ebitda": 261572000,
    "ebitdaratio": 0.2114497418,
    "operatingIncome": 217094000,
    "operatingIncomeRatio": 0.1754945875,
    "totalOtherIncomeExpensesNet": -64633000,
    "incomeBeforeTax": 152461000,
    "incomeBeforeTaxRatio": 0.1232465213,
    "incomeTaxExpense": 59370000,
    "netIncome": 94856000,
    "netIncomeRatio": 0.0766797543,
    "eps": 0.46,
    "epsdiluted": 0.45,
    "weightedAverageShsOut": 207569020,
    "weightedAverageShsOutDil": 211847952,
    "link": "https://www.sec.gov/Archives/edgar/data/927066/000119312506223843/0001193125-06-223843-index.htm",
    "finalLink": "https://www.sec.gov/Archives/edgar/data/927066/000119312506223843/d10q.htm"
  },
  {
    "date": "2006-06-30",
    "symbol": "DVA",
    "reportedCurrency": "USD",
    "cik": "0000927066",
    "fillingDate": "2006-08-07",
    "acceptedDate": "2006-08-04 21:29:43",
    "calendarYear": "2006",
    "period": "Q2",
    "revenue": 1207816000,
    "costOfRevenue": 842973000,
    "grossProfit": 364843000,
    "grossProfitRatio": 0.3020683614,
    "researchAndDevelopmentExpenses": 0,
    "generalAndAdministrativeExpenses": 142674000,
    "sellingAndMarketingExpenses": 0,
    "sellingGeneralAndAdministrativeExpenses": 142674000,
    "otherExpenses": 50417000,
    "operatingExpenses": 193091000,
    "costAndExpenses": 1036064000,
    "interestIncome": 0,
    "interestExpense": 63582000,
    "depreciationAndAmortization": 41717000,
    "ebitda": 213469000,
    "ebitdaratio": 0.176739669,
    "operatingIncome": 171752000,
    "operatingIncomeRatio": 0.1422004676,
    "totalOtherIncomeExpensesNet": -65463000,
    "incomeBeforeTax": 106289000,
    "incomeBeforeTaxRatio": 0.0880009869,
    "incomeTaxExpense": 41960000,
    "netIncome": 63237000,
    "netIncomeRatio": 0.0523564848,
    "eps": 0.31,
    "epsdiluted": 0.3,
    "weightedAverageShsOut": 206958124,
    "weightedAverageShsOutDil": 211290416,
    "link": "https://www.sec.gov/Archives/edgar/data/927066/000119312506162730/0001193125-06-162730-index.htm",
    "finalLink": "https://www.sec.gov/Archives/edgar/data/927066/000119312506162730/d10q.htm"
  },
  {
    "date": "2006-03-31",
    "symbol": "DVA",
    "reportedCurrency": "USD",
    "cik": "0000927066",
    "fillingDate": "2006-05-08",
    "acceptedDate": "2006-05-08 17:21:51",
    "calendarYear": "2006",
    "period": "Q1",
    "revenue": 1163188000,
    "costOfRevenue": 817773000,
    "grossProfit": 345415000,
    "grossProfitRatio": 0.2969554363,
    "researchAndDevelopmentExpenses": 0,
    "generalAndAdministrativeExpenses": 134248000,
    "sellingAndMarketingExpenses": 0,
    "sellingGeneralAndAdministrativeExpenses": 134248000,
    "otherExpenses": 49092000,
    "operatingExpenses": 183340000,
    "costAndExpenses": 1001113000,
    "interestIncome": 0,
    "interestExpense": 63022000,
    "depreciationAndAmortization": 41891000,
    "ebitda": 203966000,
    "ebitdaratio": 0.1753508461,
    "operatingIncome": 162075000,
    "operatingIncomeRatio": 0.1393368914,
    "totalOtherIncomeExpensesNet": -66585000,
    "incomeBeforeTax": 95490000,
    "incomeBeforeTaxRatio": 0.0820933503,
    "incomeTaxExpense": 37710000,
    "netIncome": 57469000,
    "netIncomeRatio": 0.0494064588,
    "eps": 0.28,
    "epsdiluted": 0.27,
    "weightedAverageShsOut": 205162910,
    "weightedAverageShsOutDil": 210776838,
    "link": "https://www.sec.gov/Archives/edgar/data/927066/000119312506103733/0001193125-06-103733-index.htm",
    "finalLink": "https://www.sec.gov/Archives/edgar/data/927066/000119312506103733/d10q.htm"
  },
  {
    "date": "2005-12-31",
    "symbol": "DVA",
    "reportedCurrency": "USD",
    "cik": "0000927066",
    "fillingDate": "2006-03-06",
    "acceptedDate": "2006-03-06 14:43:55",
    "calendarYear": "2005",
    "period": "Q4",
    "revenue": 1038093000,
    "costOfRevenue": 731946000,
    "grossProfit": 306147000,
    "grossProfitRatio": 0.2949128835,
    "researchAndDevelopmentExpenses": 0,
    "generalAndAdministrativeExpenses": 124983000,
    "sellingAndMarketingExpenses": 0,
    "sellingGeneralAndAdministrativeExpenses": 124983000,
    "otherExpenses": 44442000,
    "operatingExpenses": 169425000,
    "costAndExpenses": 901371000,
    "interestIncome": 0,
    "interestExpense": 47909000,
    "depreciationAndAmortization": 42639000,
    "ebitda": 179361000,
    "ebitdaratio": 0.1727793175,
    "operatingIncome": 136722000,
    "operatingIncomeRatio": 0.1317049629,
    "totalOtherIncomeExpensesNet": -70994000,
    "incomeBeforeTax": 65728000,
    "incomeBeforeTaxRatio": 0.0633160998,
    "incomeTaxExpense": 22800000,
    "netIncome": 64149000,
    "netIncomeRatio": 0.0617950415,
    "eps": 0.31,
    "epsdiluted": 0.31,
    "weightedAverageShsOut": 203696588,
    "weightedAverageShsOutDil": 205162910,
    "link": "https://www.sec.gov/Archives/edgar/data/927066/000119312506045993/0001193125-06-045993-index.htm",
    "finalLink": "https://www.sec.gov/Archives/edgar/data/927066/000119312506045993/d10k.htm"
  },
  {
    "date": "2005-09-30",
    "symbol": "DVA",
    "reportedCurrency": "USD",
    "cik": "0000927066",
    "fillingDate": "2005-11-08",
    "acceptedDate": "2005-11-07 18:12:43",
    "calendarYear": "2005",
    "period": "Q3",
    "revenue": 676820000,
    "costOfRevenue": 435212000,
    "grossProfit": 209680000,
    "grossProfitRatio": 0.3098017198,
    "researchAndDevelopmentExpenses": 0,
    "generalAndAdministrativeExpenses": 72854000,
    "sellingAndMarketingExpenses": 0,
    "sellingGeneralAndAdministrativeExpenses": 72854000,
    "otherExpenses": 32100000,
    "operatingExpenses": 104382000,
    "costAndExpenses": 539594000,
    "interestIncome": 0,
    "interestExpense": 23585000,
    "depreciationAndAmortization": 26372000,
    "ebitda": 131670000,
    "ebitdaratio": 0.1945421235,
    "operatingIncome": 105298000,
    "operatingIncomeRatio": 0.1555775539,
    "totalOtherIncomeExpensesNet": -23943000,
    "incomeBeforeTax": 88397000,
    "incomeBeforeTaxRatio": 0.1306063651,
    "incomeTaxExpense": 33180000,
    "netIncome": 55217000,
    "netIncomeRatio": 0.081582991,
    "eps": 0.27,
    "epsdiluted": 0.26,
    "weightedAverageShsOut": 202614922,
    "weightedAverageShsOutDil": 208743578,
    "link": "https://www.sec.gov/Archives/edgar/data/927066/000119312505218458/0001193125-05-218458-index.htm",
    "finalLink": "https://www.sec.gov/Archives/edgar/data/927066/000119312505218458/d10q.htm"
  },
  {
    "date": "2005-06-30",
    "symbol": "DVA",
    "reportedCurrency": "USD",
    "cik": "0000927066",
    "fillingDate": "2005-07-29",
    "acceptedDate": "2005-07-29 17:14:59",
    "calendarYear": "2005",
    "period": "Q2",
    "revenue": 649047000,
    "costOfRevenue": 413225000,
    "grossProfit": 203860000,
    "grossProfitRatio": 0.3140912754,
    "researchAndDevelopmentExpenses": 0,
    "generalAndAdministrativeExpenses": 71393000,
    "sellingAndMarketingExpenses": 0,
    "sellingGeneralAndAdministrativeExpenses": 71393000,
    "otherExpenses": 30609000,
    "operatingExpenses": 101429000,
    "costAndExpenses": 514654000,
    "interestIncome": 0,
    "interestExpense": 25007000,
    "depreciationAndAmortization": 25860000,
    "ebitda": 128291000,
    "ebitdaratio": 0.19766057,
    "operatingIncome": 102431000,
    "operatingIncomeRatio": 0.1578175386,
    "totalOtherIncomeExpensesNet": -24951000,
    "incomeBeforeTax": 85363000,
    "incomeBeforeTaxRatio": 0.1315205216,
    "incomeTaxExpense": 32420000,
    "netIncome": 52943000,
    "netIncomeRatio": 0.0815703639,
    "eps": 0.26,
    "epsdiluted": 0.25,
    "weightedAverageShsOut": 200953174,
    "weightedAverageShsOutDil": 207690060,
    "link": "https://www.sec.gov/Archives/edgar/data/927066/000119312505152839/0001193125-05-152839-index.htm",
    "finalLink": "https://www.sec.gov/Archives/edgar/data/927066/000119312505152839/d10q.htm"
  },
  {
    "date": "2005-03-31",
    "symbol": "DVA",
    "reportedCurrency": "USD",
    "cik": "0000927066",
    "fillingDate": "2005-05-04",
    "acceptedDate": "2005-05-03 19:55:16",
    "calendarYear": "2005",
    "period": "Q1",
    "revenue": 609958000,
    "costOfRevenue": 387515000,
    "grossProfit": 191111000,
    "grossProfitRatio": 0.313318294,
    "researchAndDevelopmentExpenses": 0,
    "generalAndAdministrativeExpenses": 65149000,
    "sellingAndMarketingExpenses": 0,
    "sellingGeneralAndAdministrativeExpenses": 65149000,
    "otherExpenses": 27663000,
    "operatingExpenses": 92251000,
    "costAndExpenses": 479766000,
    "interestIncome": 0,
    "interestExpense": 11240000,
    "depreciationAndAmortization": 24848000,
    "ebitda": 123708000,
    "ebitdaratio": 0.2028139642,
    "operatingIncome": 98860000,
    "operatingIncomeRatio": 0.1620767332,
    "totalOtherIncomeExpensesNet": -14394000,
    "incomeBeforeTax": 91609000,
    "incomeBeforeTaxRatio": 0.1501890294,
    "incomeTaxExpense": 35275000,
    "netIncome": 56334000,
    "netIncomeRatio": 0.0923571787,
    "eps": 0.28,
    "epsdiluted": 0.27,
    "weightedAverageShsOut": 198799224,
    "weightedAverageShsOutDil": 206300598,
    "link": "https://www.sec.gov/Archives/edgar/data/927066/000119312505094246/0001193125-05-094246-index.htm",
    "finalLink": "https://www.sec.gov/Archives/edgar/data/927066/000119312505094246/d10q.htm"
  },
  {
    "date": "2004-12-31",
    "symbol": "DVA",
    "reportedCurrency": "USD",
    "cik": "0000927066",
    "fillingDate": "2005-03-03",
    "acceptedDate": "2005-03-02 21:47:48",
    "calendarYear": "2004",
    "period": "Q4",
    "revenue": 616003000,
    "costOfRevenue": 419593000,
    "grossProfit": 196410000,
    "grossProfitRatio": 0.3188458498,
    "researchAndDevelopmentExpenses": 0,
    "generalAndAdministrativeExpenses": 64147000,
    "sellingAndMarketingExpenses": 0,
    "sellingGeneralAndAdministrativeExpenses": 64147000,
    "otherExpenses": 27092000,
    "operatingExpenses": 91239000,
    "costAndExpenses": 510832000,
    "interestIncome": 0,
    "interestExpense": 13671000,
    "depreciationAndAmortization": 23212000,
    "ebitda": 128383000,
    "ebitdaratio": 0.208412946,
    "operatingIncome": 105171000,
    "operatingIncomeRatio": 0.1707313114,
    "totalOtherIncomeExpensesNet": -14724000,
    "incomeBeforeTax": 90447000,
    "incomeBeforeTaxRatio": 0.1468288304,
    "incomeTaxExpense": 33845000,
    "netIncome": 56602000,
    "netIncomeRatio": 0.0918859161,
    "eps": 0.28,
    "epsdiluted": 0.28,
    "weightedAverageShsOut": 195980004,
    "weightedAverageShsOutDil": 198799224,
    "link": "https://www.sec.gov/Archives/edgar/data/927066/000119312505041002/0001193125-05-041002-index.htm",
    "finalLink": "https://www.sec.gov/Archives/edgar/data/927066/000119312505041002/d10k.htm"
  },
  {
    "date": "2004-09-30",
    "symbol": "DVA",
    "reportedCurrency": "USD",
    "cik": "0000927066",
    "fillingDate": "2004-11-08",
    "acceptedDate": "2004-11-08 15:47:57",
    "calendarYear": "2004",
    "period": "Q3",
    "revenue": 595531000,
    "costOfRevenue": 396909000,
    "grossProfit": 198622000,
    "grossProfitRatio": 0.3335208411,
    "researchAndDevelopmentExpenses": 0,
    "generalAndAdministrativeExpenses": 61120000,
    "sellingAndMarketingExpenses": 0,
    "sellingGeneralAndAdministrativeExpenses": 61120000,
    "otherExpenses": 25850000,
    "operatingExpenses": 86970000,
    "costAndExpenses": 483879000,
    "interestIncome": 0,
    "interestExpense": 11721000,
    "depreciationAndAmortization": 22257000,
    "ebitda": 133909000,
    "ebitdaratio": 0.2248564726,
    "operatingIncome": 111652000,
    "operatingIncomeRatio": 0.1874831033,
    "totalOtherIncomeExpensesNet": -12731000,
    "incomeBeforeTax": 98921000,
    "incomeBeforeTaxRatio": 0.1661055428,
    "incomeTaxExpense": 38535000,
    "netIncome": 60386000,
    "netIncomeRatio": 0.1013985838,
    "eps": 0.3,
    "epsdiluted": 0.29,
    "weightedAverageShsOut": 198337860,
    "weightedAverageShsOutDil": 205779562,
    "link": "https://www.sec.gov/Archives/edgar/data/927066/000119312504189393/0001193125-04-189393-index.htm",
    "finalLink": "https://www.sec.gov/Archives/edgar/data/927066/000119312504189393/d10q.htm"
  },
  {
    "date": "2004-06-30",
    "symbol": "DVA",
    "reportedCurrency": "USD",
    "cik": "0000927066",
    "fillingDate": "2004-08-05",
    "acceptedDate": "2004-08-05 17:12:04",
    "calendarYear": "2004",
    "period": "Q2",
    "revenue": 551630000,
    "costOfRevenue": 375139000,
    "grossProfit": 176491000,
    "grossProfitRatio": 0.319944528,
    "researchAndDevelopmentExpenses": 0,
    "generalAndAdministrativeExpenses": 55594000,
    "sellingAndMarketingExpenses": 0,
    "sellingGeneralAndAdministrativeExpenses": 55594000,
    "otherExpenses": 24430000,
    "operatingExpenses": 80024000,
    "costAndExpenses": 455163000,
    "interestIncome": 0,
    "interestExpense": 9924000,
    "depreciationAndAmortization": 20927000,
    "ebitda": 117394000,
    "ebitdaratio": 0.2128129362,
    "operatingIncome": 96467000,
    "operatingIncomeRatio": 0.1748762758,
    "totalOtherIncomeExpensesNet": -10591000,
    "incomeBeforeTax": 85876000,
    "incomeBeforeTaxRatio": 0.1556768124,
    "incomeTaxExpense": 33475000,
    "netIncome": 52401000,
    "netIncomeRatio": 0.0949930207,
    "eps": 0.26,
    "epsdiluted": 0.25,
    "weightedAverageShsOut": 199372364,
    "weightedAverageShsOutDil": 208020712,
    "link": "https://www.sec.gov/Archives/edgar/data/927066/000119312504132759/0001193125-04-132759-index.htm",
    "finalLink": "https://www.sec.gov/Archives/edgar/data/927066/000119312504132759/d10q.htm"
  },
  {
    "date": "2004-03-31",
    "symbol": "DVA",
    "reportedCurrency": "USD",
    "cik": "0000927066",
    "fillingDate": "2004-05-05",
    "acceptedDate": "2004-05-05 15:20:08",
    "calendarYear": "2004",
    "period": "Q1",
    "revenue": 535431000,
    "costOfRevenue": 363429000,
    "grossProfit": 172002000,
    "grossProfitRatio": 0.3212402719,
    "researchAndDevelopmentExpenses": 0,
    "generalAndAdministrativeExpenses": 52181000,
    "sellingAndMarketingExpenses": 0,
    "sellingGeneralAndAdministrativeExpenses": 52181000,
    "otherExpenses": 22988000,
    "operatingExpenses": 75169000,
    "costAndExpenses": 438598000,
    "interestIncome": 0,
    "interestExpense": 8750000,
    "depreciationAndAmortization": 20270000,
    "ebitda": 117103000,
    "ebitdaratio": 0.2187079194,
    "operatingIncome": 96833000,
    "operatingIncomeRatio": 0.1808505671,
    "totalOtherIncomeExpensesNet": -10193000,
    "incomeBeforeTax": 86640000,
    "incomeBeforeTaxRatio": 0.161813567,
    "incomeTaxExpense": 33775000,
    "netIncome": 52865000,
    "netIncomeRatio": 0.0987335436,
    "eps": 0.27,
    "epsdiluted": 0.26,
    "weightedAverageShsOut": 196198952,
    "weightedAverageShsOutDil": 205766906,
    "link": "https://www.sec.gov/Archives/edgar/data/927066/000119312504079203/0001193125-04-079203-index.htm",
    "finalLink": "https://www.sec.gov/Archives/edgar/data/927066/000119312504079203/d10q.htm"
  },
  {
    "date": "2003-12-31",
    "symbol": "DVA",
    "reportedCurrency": "USD",
    "cik": "0000927066",
    "fillingDate": "2004-02-27",
    "acceptedDate": "2004-02-27 14:59:46",
    "calendarYear": "2003",
    "period": "Q4",
    "revenue": 583446000,
    "costOfRevenue": 359965000,
    "grossProfit": 223481000,
    "grossProfitRatio": 0.383036305,
    "researchAndDevelopmentExpenses": 0,
    "generalAndAdministrativeExpenses": 49807000,
    "sellingAndMarketingExpenses": 0,
    "sellingGeneralAndAdministrativeExpenses": 49807000,
    "otherExpenses": 52484000,
    "operatingExpenses": 102291000,
    "costAndExpenses": 462256000,
    "interestIncome": 0,
    "interestExpense": 29618000,
    "depreciationAndAmortization": 19985000,
    "ebitda": 141175000,
    "ebitdaratio": 0.2419675514,
    "operatingIncome": 121190000,
    "operatingIncomeRatio": 0.2077141672,
    "totalOtherIncomeExpensesNet": -20692000,
    "incomeBeforeTax": 100498000,
    "incomeBeforeTaxRatio": 0.172249017,
    "incomeTaxExpense": 37700000,
    "netIncome": 62798000,
    "netIncomeRatio": 0.1076329258,
    "eps": 0.32,
    "epsdiluted": 0.32,
    "weightedAverageShsOut": 192789622,
    "weightedAverageShsOutDil": 196198953,
    "link": "https://www.sec.gov/Archives/edgar/data/927066/000119312504031173/0001193125-04-031173-index.htm",
    "finalLink": "https://www.sec.gov/Archives/edgar/data/927066/000119312504031173/d10k.htm"
  },
  {
    "date": "2003-09-30",
    "symbol": "DVA",
    "reportedCurrency": "USD",
    "cik": "0000927066",
    "fillingDate": "2003-11-05",
    "acceptedDate": "2003-11-05 16:21:45",
    "calendarYear": "2003",
    "period": "Q3",
    "revenue": 513282000,
    "costOfRevenue": 347895000,
    "grossProfit": 165387000,
    "grossProfitRatio": 0.322214689,
    "researchAndDevelopmentExpenses": 0,
    "generalAndAdministrativeExpenses": 49134000,
    "sellingAndMarketingExpenses": 0,
    "sellingGeneralAndAdministrativeExpenses": 49134000,
    "otherExpenses": 21042000,
    "operatingExpenses": 70176000,
    "costAndExpenses": 418071000,
    "interestIncome": 0,
    "interestExpense": 48491000,
    "depreciationAndAmortization": 19336000,
    "ebitda": 114547000,
    "ebitdaratio": 0.2231658231,
    "operatingIncome": 95211000,
    "operatingIncomeRatio": 0.1854945235,
    "totalOtherIncomeExpensesNet": -32301000,
    "incomeBeforeTax": 62910000,
    "incomeBeforeTaxRatio": 0.1225642045,
    "incomeTaxExpense": 24850000,
    "netIncome": 38060000,
    "netIncomeRatio": 0.0741502722,
    "eps": 0.19,
    "epsdiluted": 0.17,
    "weightedAverageShsOut": 195308895,
    "weightedAverageShsOutDil": 229498086,
    "link": "https://www.sec.gov/Archives/edgar/data/927066/000119312503073430/0001193125-03-073430-index.htm",
    "finalLink": "https://www.sec.gov/Archives/edgar/data/927066/000119312503073430/d10q.htm"
  },
  {
    "date": "2003-06-30",
    "symbol": "DVA",
    "reportedCurrency": "USD",
    "cik": "0000927066",
    "fillingDate": "2003-08-06",
    "acceptedDate": "2003-08-06 13:32:54",
    "calendarYear": "2003",
    "period": "Q2",
    "revenue": 489883000,
    "costOfRevenue": 335986000,
    "grossProfit": 153897000,
    "grossProfitRatio": 0.3141505217,
    "researchAndDevelopmentExpenses": 0,
    "generalAndAdministrativeExpenses": 51363000,
    "sellingAndMarketingExpenses": 0,
    "sellingGeneralAndAdministrativeExpenses": 51363000,
    "otherExpenses": 19734000,
    "operatingExpenses": 71097000,
    "costAndExpenses": 407083000,
    "interestIncome": 0,
    "interestExpense": 17715000,
    "depreciationAndAmortization": 17921000,
    "ebitda": 100721000,
    "ebitdaratio": 0.205602154,
    "operatingIncome": 82800000,
    "operatingIncomeRatio": 0.1690199497,
    "totalOtherIncomeExpensesNet": -18605000,
    "incomeBeforeTax": 64195000,
    "incomeBeforeTaxRatio": 0.1310414936,
    "incomeTaxExpense": 25675000,
    "netIncome": 38520000,
    "netIncomeRatio": 0.0786310201,
    "eps": 0.21,
    "epsdiluted": 0.16,
    "weightedAverageShsOut": 183917865,
    "weightedAverageShsOutDil": 237566163,
    "link": "https://www.sec.gov/Archives/edgar/data/927066/000119312503029879/0001193125-03-029879-index.htm",
    "finalLink": "https://www.sec.gov/Archives/edgar/data/927066/000119312503029879/d10q.htm"
  },
  {
    "date": "2003-03-31",
    "symbol": "DVA",
    "reportedCurrency": "USD",
    "cik": "0000927066",
    "fillingDate": "2003-05-08",
    "acceptedDate": "2003-05-08 15:32:37",
    "calendarYear": "2003",
    "period": "Q1",
    "revenue": 459807000,
    "costOfRevenue": 316710000,
    "grossProfit": 143097000,
    "grossProfitRatio": 0.3112110081,
    "researchAndDevelopmentExpenses": 0,
    "generalAndAdministrativeExpenses": 45024000,
    "sellingAndMarketingExpenses": 0,
    "sellingGeneralAndAdministrativeExpenses": 45024000,
    "otherExpenses": 18739000,
    "operatingExpenses": 63763000,
    "costAndExpenses": 380473000,
    "interestIncome": 0,
    "interestExpense": 17886000,
    "depreciationAndAmortization": 17445000,
    "ebitda": 96779000,
    "ebitdaratio": 0.2104774394,
    "operatingIncome": 79334000,
    "operatingIncomeRatio": 0.1725376082,
    "totalOtherIncomeExpensesNet": -18671000,
    "incomeBeforeTax": 60663000,
    "incomeBeforeTaxRatio": 0.1319314408,
    "incomeTaxExpense": 24250000,
    "netIncome": 36413000,
    "netIncomeRatio": 0.0791919218,
    "eps": 0.2,
    "epsdiluted": 0.15,
    "weightedAverageShsOut": 182715168,
    "weightedAverageShsOutDil": 236317230,
    "link": "https://www.sec.gov/Archives/edgar/data/927066/000089843003002822/0000898430-03-002822-index.htm",
    "finalLink": "https://www.sec.gov/Archives/edgar/data/927066/000089843003002822/d10q.htm"
  },
  {
    "date": "2002-12-31",
    "symbol": "DVA",
    "reportedCurrency": "USD",
    "cik": "0000927066",
    "fillingDate": "2003-02-28",
    "acceptedDate": "2003-02-28 17:21:51",
    "calendarYear": "2002",
    "period": "Q4",
    "revenue": 503096000,
    "costOfRevenue": 317061000,
    "grossProfit": 186035000,
    "grossProfitRatio": 0.3697803203,
    "researchAndDevelopmentExpenses": 0,
    "generalAndAdministrativeExpenses": 46951000,
    "sellingAndMarketingExpenses": 0,
    "sellingGeneralAndAdministrativeExpenses": 46951000,
    "otherExpenses": 18905000,
    "operatingExpenses": 65856000,
    "costAndExpenses": 382917000,
    "interestIncome": 0,
    "interestExpense": 21960000,
    "depreciationAndAmortization": 16895000,
    "ebitda": 137074000,
    "ebitdaratio": 0.272460922,
    "operatingIncome": 120179000,
    "operatingIncomeRatio": 0.2388788621,
    "totalOtherIncomeExpensesNet": -20768000,
    "incomeBeforeTax": 99411000,
    "incomeBeforeTaxRatio": 0.1975984703,
    "incomeTaxExpense": 40600000,
    "netIncome": 58811000,
    "netIncomeRatio": 0.1168981666,
    "eps": 0.32,
    "epsdiluted": 0.32,
    "weightedAverageShsOut": 179928308,
    "weightedAverageShsOutDil": 182715168,
    "link": "https://www.sec.gov/Archives/edgar/data/927066/000089843003001750/0000898430-03-001750-index.htm",
    "finalLink": "https://www.sec.gov/Archives/edgar/data/927066/000089843003001750/d10k.htm"
  },
  {
    "date": "2002-09-30",
    "symbol": "DVA",
    "reportedCurrency": "USD",
    "cik": "0000927066",
    "fillingDate": "2002-11-14",
    "acceptedDate": "2002-11-14 15:33:09",
    "calendarYear": "2002",
    "period": "Q3",
    "revenue": 481194000,
    "costOfRevenue": 308438000,
    "grossProfit": 172756000,
    "grossProfitRatio": 0.3590152828,
    "researchAndDevelopmentExpenses": 0,
    "generalAndAdministrativeExpenses": 45165000,
    "sellingAndMarketingExpenses": 0,
    "sellingGeneralAndAdministrativeExpenses": 45165000,
    "otherExpenses": 16267000,
    "operatingExpenses": 61432000,
    "costAndExpenses": 369870000,
    "interestIncome": 0,
    "interestExpense": 19630000,
    "depreciationAndAmortization": 16267000,
    "ebitda": 127591000,
    "ebitdaratio": 0.2651550102,
    "operatingIncome": 111324000,
    "operatingIncomeRatio": 0.2313495181,
    "totalOtherIncomeExpensesNet": -20754000,
    "incomeBeforeTax": 90570000,
    "incomeBeforeTaxRatio": 0.1882193045,
    "incomeTaxExpense": 36400000,
    "netIncome": 54170000,
    "netIncomeRatio": 0.1125741385,
    "eps": 0.28,
    "epsdiluted": 0.24,
    "weightedAverageShsOut": 193464286,
    "weightedAverageShsOutDil": 225708333,
    "link": "https://www.sec.gov/Archives/edgar/data/927066/000089843002004206/0000898430-02-004206-index.htm",
    "finalLink": "https://www.sec.gov/Archives/edgar/data/927066/000089843002004206/d10q.htm"
  },
  {
    "date": "2002-06-30",
    "symbol": "DVA",
    "reportedCurrency": "USD",
    "cik": "0000927066",
    "fillingDate": "2002-08-07",
    "acceptedDate": "2002-08-07 14:19:33",
    "calendarYear": "2002",
    "period": "Q2",
    "revenue": 442677000,
    "costOfRevenue": 300552000,
    "grossProfit": 142125000,
    "grossProfitRatio": 0.3210580175,
    "researchAndDevelopmentExpenses": 0,
    "generalAndAdministrativeExpenses": 47906000,
    "sellingAndMarketingExpenses": 0,
    "sellingGeneralAndAdministrativeExpenses": 47906000,
    "otherExpenses": 13308000,
    "operatingExpenses": 61214000,
    "costAndExpenses": 361766000,
    "interestIncome": 0,
    "interestExpense": 40368000,
    "depreciationAndAmortization": 15698000,
    "ebitda": 96609000,
    "ebitdaratio": 0.2182381285,
    "operatingIncome": 80911000,
    "operatingIncomeRatio": 0.1827766069,
    "totalOtherIncomeExpensesNet": -16683000,
    "incomeBeforeTax": 64228000,
    "incomeBeforeTaxRatio": 0.1450899866,
    "incomeTaxExpense": 26500000,
    "netIncome": 8370000,
    "netIncomeRatio": 0.0189076912,
    "eps": 0.0333,
    "epsdiluted": 0.0333,
    "weightedAverageShsOut": 251100000,
    "weightedAverageShsOutDil": 251100000,
    "link": "https://www.sec.gov/Archives/edgar/data/927066/000089843002002807/0000898430-02-002807-index.htm",
    "finalLink": "https://www.sec.gov/Archives/edgar/data/927066/000089843002002807/d10q.htm"
  },
  {
    "date": "2002-03-31",
    "symbol": "DVA",
    "reportedCurrency": "USD",
    "cik": "0000927066",
    "fillingDate": "2002-05-14",
    "acceptedDate": "2002-05-14 17:07:50",
    "calendarYear": "2002",
    "period": "Q1",
    "revenue": 427665000,
    "costOfRevenue": 291634000,
    "grossProfit": 136031000,
    "grossProfitRatio": 0.3180784025,
    "researchAndDevelopmentExpenses": 0,
    "generalAndAdministrativeExpenses": 36053000,
    "sellingAndMarketingExpenses": 0,
    "sellingGeneralAndAdministrativeExpenses": 36053000,
    "otherExpenses": -689209000,
    "operatingExpenses": -653156000,
    "costAndExpenses": -361522000,
    "interestIncome": 0,
    "interestExpense": 731899000,
    "depreciationAndAmortization": 15805000,
    "ebitda": 804992000,
    "ebitdaratio": 1.8822957221,
    "operatingIncome": 789187000,
    "operatingIncomeRatio": 1.8453392258,
    "totalOtherIncomeExpensesNet": -727209000,
    "incomeBeforeTax": 61978000,
    "incomeBeforeTaxRatio": 0.144921843,
    "incomeTaxExpense": 26000000,
    "netIncome": 35978000,
    "netIncomeRatio": 0.0841265944,
    "eps": 0.14,
    "epsdiluted": 0.13,
    "weightedAverageShsOut": 251009302,
    "weightedAverageShsOutDil": 269835000,
    "link": "https://www.sec.gov/Archives/edgar/data/927066/000089843002001955/0000898430-02-001955-index.htm",
    "finalLink": "https://www.sec.gov/Archives/edgar/data/927066/000089843002001955/d10q.htm"
  },
  {
    "date": "2001-12-31",
    "symbol": "DVA",
    "reportedCurrency": "USD",
    "cik": "0000927066",
    "fillingDate": "2002-03-01",
    "acceptedDate": "2002-03-01 00:00:00",
    "calendarYear": "2001",
    "period": "Q4",
    "revenue": 429657000,
    "costOfRevenue": 290881000,
    "grossProfit": 138776000,
    "grossProfitRatio": 0.3229925266,
    "researchAndDevelopmentExpenses": 0,
    "generalAndAdministrativeExpenses": 37394000,
    "sellingAndMarketingExpenses": 0,
    "sellingGeneralAndAdministrativeExpenses": 37394000,
    "otherExpenses": 26156000,
    "operatingExpenses": 63550000,
    "costAndExpenses": 354431000,
    "interestIncome": 0,
    "interestExpense": 17448000,
    "depreciationAndAmortization": 26156000,
    "ebitda": 101382000,
    "ebitdaratio": 0.2359603125,
    "operatingIncome": 75226000,
    "operatingIncomeRatio": 0.175083846,
    "totalOtherIncomeExpensesNet": -17768000,
    "incomeBeforeTax": 57458000,
    "incomeBeforeTaxRatio": 0.1337299288,
    "incomeTaxExpense": 24900000,
    "netIncome": 32558000,
    "netIncomeRatio": 0.0757767242,
    "eps": 0.13,
    "epsdiluted": 0.13,
    "weightedAverageShsOut": 251009302,
    "weightedAverageShsOutDil": 251009302,
    "link": "https://www.sec.gov/Archives/edgar/data/927066/000103221002000327/0001032210-02-000327-index.htm",
    "finalLink": "https://www.sec.gov/Archives/edgar/data/927066/000103221002000327/d10k405.htm"
  },
  {
    "date": "2001-09-30",
    "symbol": "DVA",
    "reportedCurrency": "USD",
    "cik": "0000927066",
    "fillingDate": "2001-11-13",
    "acceptedDate": "2001-11-13 00:00:00",
    "calendarYear": "2001",
    "period": "Q3",
    "revenue": 434239000,
    "costOfRevenue": 277252000,
    "grossProfit": 156987000,
    "grossProfitRatio": 0.3615221111,
    "researchAndDevelopmentExpenses": 0,
    "generalAndAdministrativeExpenses": 33839000,
    "sellingAndMarketingExpenses": 0,
    "sellingGeneralAndAdministrativeExpenses": 33839000,
    "otherExpenses": 26281000,
    "operatingExpenses": 60120000,
    "costAndExpenses": 337372000,
    "interestIncome": 0,
    "interestExpense": 16733000,
    "depreciationAndAmortization": 26281000,
    "ebitda": 123148000,
    "ebitdaratio": 0.2835949788,
    "operatingIncome": 96867000,
    "operatingIncomeRatio": 0.2230730082,
    "totalOtherIncomeExpensesNet": -18589000,
    "incomeBeforeTax": 78278000,
    "incomeBeforeTaxRatio": 0.1802647851,
    "incomeTaxExpense": 34000000,
    "netIncome": 44278000,
    "netIncomeRatio": 0.1019668892,
    "eps": 0.17,
    "epsdiluted": 0.16,
    "weightedAverageShsOut": 255450000,
    "weightedAverageShsOutDil": 282625532,
    "link": "https://www.sec.gov/Archives/edgar/data/927066/000089843001503439/0000898430-01-503439-index.htm",
    "finalLink": "https://www.sec.gov/Archives/edgar/data/927066/000089843001503439/d10q.htm"
  },
  {
    "date": "2001-06-30",
    "symbol": "DVA",
    "reportedCurrency": "USD",
    "cik": "0000927066",
    "fillingDate": "2001-08-15",
    "acceptedDate": "2001-08-15 00:00:00",
    "calendarYear": "2001",
    "period": "Q2",
    "revenue": 400640000,
    "costOfRevenue": 271545000,
    "grossProfit": 129095000,
    "grossProfitRatio": 0.3222219449,
    "researchAndDevelopmentExpenses": 0,
    "generalAndAdministrativeExpenses": 32039000,
    "sellingAndMarketingExpenses": 0,
    "sellingGeneralAndAdministrativeExpenses": 32039000,
    "otherExpenses": 26624000,
    "operatingExpenses": 58663000,
    "costAndExpenses": 330208000,
    "interestIncome": 0,
    "interestExpense": 17767000,
    "depreciationAndAmortization": 26624000,
    "ebitda": 97056000,
    "ebitdaratio": 0.2422523962,
    "operatingIncome": 70432000,
    "operatingIncomeRatio": 0.175798722,
    "totalOtherIncomeExpensesNet": -19864000,
    "incomeBeforeTax": 50568000,
    "incomeBeforeTaxRatio": 0.1262180511,
    "incomeTaxExpense": 22000000,
    "netIncome": 29545000,
    "netIncomeRatio": 0.0737445088,
    "eps": 0.12,
    "epsdiluted": 0.11,
    "weightedAverageShsOut": 253242857,
    "weightedAverageShsOutDil": 268590909,
    "link": "https://www.sec.gov/Archives/edgar/data/927066/000089843001501931/0000898430-01-501931-index.htm",
    "finalLink": "https://www.sec.gov/Archives/edgar/data/927066/000089843001501931/d10q.txt"
  },
  {
    "date": "2001-03-31",
    "symbol": "DVA",
    "reportedCurrency": "USD",
    "cik": "0000927066",
    "fillingDate": "2001-05-14",
    "acceptedDate": "2001-05-14 00:00:00",
    "calendarYear": "2001",
    "period": "Q1",
    "revenue": 386217000,
    "costOfRevenue": 260974000,
    "grossProfit": 125243000,
    "grossProfitRatio": 0.3242814273,
    "researchAndDevelopmentExpenses": 0,
    "generalAndAdministrativeExpenses": 23628000,
    "sellingAndMarketingExpenses": 0,
    "sellingGeneralAndAdministrativeExpenses": 23628000,
    "otherExpenses": 17963000,
    "operatingExpenses": 49776000,
    "costAndExpenses": 310750000,
    "interestIncome": 0,
    "interestExpense": 19485000,
    "depreciationAndAmortization": 26148000,
    "ebitda": 101615000,
    "ebitdaratio": 0.2631033849,
    "operatingIncome": 75467000,
    "operatingIncomeRatio": 0.1954005132,
    "totalOtherIncomeExpensesNet": -20833000,
    "incomeBeforeTax": 54634000,
    "incomeBeforeTaxRatio": 0.141459335,
    "incomeTaxExpense": 23700000,
    "netIncome": 30934000,
    "netIncomeRatio": 0.0800948689,
    "eps": 0.12,
    "epsdiluted": 0.1,
    "weightedAverageShsOut": 247487256,
    "weightedAverageShsOutDil": 306449776,
    "link": "https://www.sec.gov/Archives/edgar/data/927066/000089843001500541/0000898430-01-500541-index.htm",
    "finalLink": "https://www.sec.gov/Archives/edgar/data/927066/000089843001500541/d10q.txt"
  },
  {
    "date": "2000-12-31",
    "symbol": "DVA",
    "reportedCurrency": "USD",
    "cik": "0000927066",
    "fillingDate": "2001-03-26",
    "acceptedDate": "2001-03-26 00:00:00",
    "calendarYear": "2000",
    "period": "Q4",
    "revenue": 372746000,
    "costOfRevenue": 256407000,
    "grossProfit": 116339000,
    "grossProfitRatio": 0.3121133426,
    "researchAndDevelopmentExpenses": 0,
    "generalAndAdministrativeExpenses": 37258000,
    "sellingAndMarketingExpenses": 0,
    "sellingGeneralAndAdministrativeExpenses": 37258000,
    "otherExpenses": 27290000,
    "operatingExpenses": 64548000,
    "costAndExpenses": 320955000,
    "interestIncome": 0,
    "interestExpense": 21738000,
    "depreciationAndAmortization": 27290000,
    "ebitda": 79081000,
    "ebitdaratio": 0.2121578769,
    "operatingIncome": 51791000,
    "operatingIncomeRatio": 0.1389444823,
    "totalOtherIncomeExpensesNet": -23566000,
    "incomeBeforeTax": 28225000,
    "incomeBeforeTaxRatio": 0.0757218052,
    "incomeTaxExpense": 12892000,
    "netIncome": 15333000,
    "netIncomeRatio": 0.0411352503,
    "eps": 0.0611,
    "epsdiluted": 0.0611,
    "weightedAverageShsOut": 246406902,
    "weightedAverageShsOutDil": 250816216,
    "link": "https://www.sec.gov/Archives/edgar/data/927066/000089843001001025/0000898430-01-001025-index.htm",
    "finalLink": "https://www.sec.gov/Archives/edgar/data/927066/000089843001001025/0000898430-01-001025-0001.txt"
  },
  {
    "date": "2000-09-30",
    "symbol": "DVA",
    "reportedCurrency": "USD",
    "cik": "0000927066",
    "fillingDate": "2000-11-14",
    "acceptedDate": "2000-11-14 00:00:00",
    "calendarYear": "2000",
    "period": "Q3",
    "revenue": 362535000,
    "costOfRevenue": 248734000,
    "grossProfit": 113801000,
    "grossProfitRatio": 0.3139034852,
    "researchAndDevelopmentExpenses": 0,
    "generalAndAdministrativeExpenses": 36968000,
    "sellingAndMarketingExpenses": 0,
    "sellingGeneralAndAdministrativeExpenses": 36968000,
    "otherExpenses": 26927000,
    "operatingExpenses": 63895000,
    "costAndExpenses": 312629000,
    "interestIncome": 0,
    "interestExpense": 28171000,
    "depreciationAndAmortization": 26927000,
    "ebitda": 76833000,
    "ebitdaratio": 0.211932641,
    "operatingIncome": 49906000,
    "operatingIncomeRatio": 0.137658433,
    "totalOtherIncomeExpensesNet": -26099000,
    "incomeBeforeTax": 23807000,
    "incomeBeforeTaxRatio": 0.0656681424,
    "incomeTaxExpense": 10657000,
    "netIncome": 9660000,
    "netIncomeRatio": 0.0266457032,
    "eps": 0.04,
    "epsdiluted": 0.04,
    "weightedAverageShsOut": 241500000,
    "weightedAverageShsOutDil": 241500000,
    "link": "https://www.sec.gov/Archives/edgar/data/927066/000089843000003454/0000898430-00-003454-index.htm",
    "finalLink": "https://www.sec.gov/Archives/edgar/data/927066/000089843000003454/0000898430-00-003454-0001.txt"
  },
  {
    "date": "2000-06-30",
    "symbol": "DVA",
    "reportedCurrency": "USD",
    "cik": "0000927066",
    "fillingDate": "2000-08-14",
    "acceptedDate": "2000-08-14 00:00:00",
    "calendarYear": "2000",
    "period": "Q2",
    "revenue": 378908000,
    "costOfRevenue": 267714000,
    "grossProfit": 111194000,
    "grossProfitRatio": 0.2934590983,
    "researchAndDevelopmentExpenses": 0,
    "generalAndAdministrativeExpenses": 44267000,
    "sellingAndMarketingExpenses": 0,
    "sellingGeneralAndAdministrativeExpenses": 44267000,
    "otherExpenses": 29670000,
    "operatingExpenses": 73937000,
    "costAndExpenses": 341651000,
    "interestIncome": 0,
    "interestExpense": 68301000,
    "depreciationAndAmortization": 29670000,
    "ebitda": 66927000,
    "ebitdaratio": 0.1766312667,
    "operatingIncome": 37257000,
    "operatingIncomeRatio": 0.0983272984,
    "totalOtherIncomeExpensesNet": -51903000,
    "incomeBeforeTax": -14646000,
    "incomeBeforeTaxRatio": -0.0386531823,
    "incomeTaxExpense": 709000,
    "netIncome": -15355000,
    "netIncomeRatio": -0.0405243489,
    "eps": -0.0628,
    "epsdiluted": -0.0628,
    "weightedAverageShsOut": 244572714,
    "weightedAverageShsOutDil": 244572714,
    "link": "https://www.sec.gov/Archives/edgar/data/927066/000089843000002399/0000898430-00-002399-index.htm",
    "finalLink": "https://www.sec.gov/Archives/edgar/data/927066/000089843000002399/0000898430-00-002399-0001.txt"
  },
  {
    "date": "2000-03-31",
    "symbol": "DVA",
    "reportedCurrency": "USD",
    "cik": "0000927066",
    "fillingDate": "2000-05-12",
    "acceptedDate": "2000-05-12 00:00:00",
    "calendarYear": "2000",
    "period": "Q1",
    "revenue": 372113000,
    "costOfRevenue": 259298000,
    "grossProfit": 112815000,
    "grossProfitRatio": 0.3031740358,
    "researchAndDevelopmentExpenses": 0,
    "generalAndAdministrativeExpenses": 44780000,
    "sellingAndMarketingExpenses": 0,
    "sellingGeneralAndAdministrativeExpenses": 44780000,
    "otherExpenses": 27718000,
    "operatingExpenses": 72498000,
    "costAndExpenses": 331796000,
    "interestIncome": 0,
    "interestExpense": 31373000,
    "depreciationAndAmortization": 27718000,
    "ebitda": 68035000,
    "ebitdaratio": 0.1828342466,
    "operatingIncome": 40317000,
    "operatingIncomeRatio": 0.1083461207,
    "totalOtherIncomeExpensesNet": -32768000,
    "incomeBeforeTax": 7549000,
    "incomeBeforeTaxRatio": 0.0202868483,
    "incomeTaxExpense": 3702000,
    "netIncome": 3847000,
    "netIncomeRatio": 0.0103382575,
    "eps": 0.0167,
    "epsdiluted": 0.0167,
    "weightedAverageShsOut": 230820000,
    "weightedAverageShsOutDil": 230820000,
    "link": "https://www.sec.gov/Archives/edgar/data/927066/000089843000001556/0000898430-00-001556-index.html",
    "finalLink": "https://www.sec.gov/Archives/edgar/data/927066/000089843000001556/"
  },
  {
    "date": "1999-12-31",
    "symbol": "DVA",
    "reportedCurrency": "USD",
    "cik": "0000927066",
    "fillingDate": "2000-03-29",
    "acceptedDate": "2000-03-29 00:00:00",
    "calendarYear": "1999",
    "period": "Q4",
    "revenue": 372951000,
    "costOfRevenue": 258739000,
    "grossProfit": 114212000,
    "grossProfitRatio": 0.3062386212,
    "researchAndDevelopmentExpenses": 0,
    "generalAndAdministrativeExpenses": 114608000,
    "sellingAndMarketingExpenses": 0,
    "sellingGeneralAndAdministrativeExpenses": 114608000,
    "otherExpenses": 28281000,
    "operatingExpenses": 142889000,
    "costAndExpenses": 401628000,
    "interestIncome": 0,
    "interestExpense": 281149000,
    "depreciationAndAmortization": 28281000,
    "ebitda": -396000,
    "ebitdaratio": -0.0010618017,
    "operatingIncome": -28677000,
    "operatingIncomeRatio": -0.0768921386,
    "totalOtherIncomeExpensesNet": -159549000,
    "incomeBeforeTax": -188226000,
    "incomeBeforeTaxRatio": -0.5046936461,
    "incomeTaxExpense": -40170000,
    "netIncome": -148056000,
    "netIncomeRatio": -0.3969851267,
    "eps": -0.64,
    "epsdiluted": -0.64,
    "weightedAverageShsOut": 230820000,
    "weightedAverageShsOutDil": 230820000,
    "link": "https://www.sec.gov/Archives/edgar/data/927066/000089843000000997/0000898430-00-000997-index.html",
    "finalLink": "https://www.sec.gov/Archives/edgar/data/927066/000089843000000997/"
  },
  {
    "date": "1999-09-30",
    "symbol": "DVA",
    "reportedCurrency": "USD",
    "cik": "0000927066",
    "fillingDate": "1999-11-15",
    "acceptedDate": "1999-11-15 00:00:00",
    "calendarYear": "1999",
    "period": "Q3",
    "revenue": 367000000,
    "costOfRevenue": 250800000,
    "grossProfit": 116400000,
    "grossProfitRatio": 0.3171662125,
    "researchAndDevelopmentExpenses": 0,
    "generalAndAdministrativeExpenses": 49700000,
    "sellingAndMarketingExpenses": 0,
    "sellingGeneralAndAdministrativeExpenses": 49700000,
    "otherExpenses": 29800000,
    "operatingExpenses": 79500000,
    "costAndExpenses": 330300000,
    "interestIncome": 0,
    "interestExpense": 35800000,
    "depreciationAndAmortization": 29800000,
    "ebitda": 66700000,
    "ebitdaratio": 0.1817438692,
    "operatingIncome": 36900000,
    "operatingIncomeRatio": 0.1005449591,
    "totalOtherIncomeExpensesNet": -32700000,
    "incomeBeforeTax": 4200000,
    "incomeBeforeTaxRatio": 0.0114441417,
    "incomeTaxExpense": 2300000,
    "netIncome": 1900000,
    "netIncomeRatio": 0.0051771117,
    "eps": 0.0067,
    "epsdiluted": 0.0067,
    "weightedAverageShsOut": 284857571,
    "weightedAverageShsOutDil": 284857571,
    "link": "https://www.sec.gov/Archives/edgar/data/927066/000089843099004289/0000898430-99-004289-index.html",
    "finalLink": "https://www.sec.gov/Archives/edgar/data/927066/000089843099004289/"
  },
  {
    "date": "1999-06-30",
    "symbol": "DVA",
    "reportedCurrency": "USD",
    "cik": "0000927066",
    "fillingDate": "1999-08-16",
    "acceptedDate": "1999-08-16 00:00:00",
    "calendarYear": "1999",
    "period": "Q2",
    "revenue": 353000000,
    "costOfRevenue": 248500000,
    "grossProfit": 104300000,
    "grossProfitRatio": 0.2954674221,
    "researchAndDevelopmentExpenses": 0,
    "generalAndAdministrativeExpenses": 66200000,
    "sellingAndMarketingExpenses": 0,
    "sellingGeneralAndAdministrativeExpenses": 66200000,
    "otherExpenses": 27400000,
    "operatingExpenses": 93600000,
    "costAndExpenses": 342100000,
    "interestIncome": 0,
    "interestExpense": 58200000,
    "depreciationAndAmortization": 27400000,
    "ebitda": 38100000,
    "ebitdaratio": 0.1079320113,
    "operatingIncome": 10700000,
    "operatingIncomeRatio": 0.0303116147,
    "totalOtherIncomeExpensesNet": -41400000,
    "incomeBeforeTax": -30700000,
    "incomeBeforeTaxRatio": -0.0869688385,
    "incomeTaxExpense": -9700000,
    "netIncome": -21000000,
    "netIncomeRatio": -0.059490085,
    "eps": -0.0867,
    "epsdiluted": -0.0867,
    "weightedAverageShsOut": 242186599,
    "weightedAverageShsOutDil": 242186599,
    "link": "https://www.sec.gov/Archives/edgar/data/927066/000089843099003313/0000898430-99-003313-index.html",
    "finalLink": "https://www.sec.gov/Archives/edgar/data/927066/000089843099003313/"
  },
  {
    "date": "1999-03-31",
    "symbol": "DVA",
    "reportedCurrency": "USD",
    "cik": "0000927066",
    "fillingDate": "1999-05-17",
    "acceptedDate": "1999-05-17 00:00:00",
    "calendarYear": "1999",
    "period": "Q1",
    "revenue": 352200000,
    "costOfRevenue": 222100000,
    "grossProfit": 130100000,
    "grossProfitRatio": 0.3693923907,
    "researchAndDevelopmentExpenses": 0,
    "generalAndAdministrativeExpenses": 33200000,
    "sellingAndMarketingExpenses": 0,
    "sellingGeneralAndAdministrativeExpenses": 33200000,
    "otherExpenses": 27000000,
    "operatingExpenses": 60200000,
    "costAndExpenses": 282300000,
    "interestIncome": 0,
    "interestExpense": 22400000,
    "depreciationAndAmortization": 27000000,
    "ebitda": 96900000,
    "ebitdaratio": 0.2751277683,
    "operatingIncome": 69900000,
    "operatingIncomeRatio": 0.1984667802,
    "totalOtherIncomeExpensesNet": -23700000,
    "incomeBeforeTax": 46200000,
    "incomeBeforeTaxRatio": 0.1311754685,
    "incomeTaxExpense": 18300000,
    "netIncome": 27900000,
    "netIncomeRatio": 0.0792163543,
    "eps": 0.11,
    "epsdiluted": 0.11,
    "weightedAverageShsOut": 246053444,
    "weightedAverageShsOutDil": 246053444,
    "link": "https://www.sec.gov/Archives/edgar/data/927066/000089843099002156/0000898430-99-002156-index.html",
    "finalLink": "https://www.sec.gov/Archives/edgar/data/927066/"
  },
  {
    "date": "1998-12-31",
    "symbol": "DVA",
    "reportedCurrency": "USD",
    "cik": "0000927066",
    "fillingDate": "1999-03-31",
    "acceptedDate": "1999-03-31 00:00:00",
    "calendarYear": "1998",
    "period": "Q4",
    "revenue": 339200000,
    "costOfRevenue": 223200000,
    "grossProfit": 116000000,
    "grossProfitRatio": 0.3419811321,
    "researchAndDevelopmentExpenses": 0,
    "generalAndAdministrativeExpenses": 46100000,
    "sellingAndMarketingExpenses": 0,
    "sellingGeneralAndAdministrativeExpenses": 46100000,
    "otherExpenses": 29500000,
    "operatingExpenses": 75600000,
    "costAndExpenses": 298800000,
    "interestIncome": 0,
    "interestExpense": 0,
    "depreciationAndAmortization": 29500000,
    "ebitda": 69900000,
    "ebitdaratio": 0.2060731132,
    "operatingIncome": 40400000,
    "operatingIncomeRatio": 0.1191037736,
    "totalOtherIncomeExpensesNet": -8300000,
    "incomeBeforeTax": 32100000,
    "incomeBeforeTaxRatio": 0.094634434,
    "incomeTaxExpense": 12700000,
    "netIncome": 19400000,
    "netIncomeRatio": 0.0571933962,
    "eps": 0.0788,
    "epsdiluted": 0.0788,
    "weightedAverageShsOut": 246053444,
    "weightedAverageShsOutDil": 246053444,
    "link": "https://www.sec.gov/Archives/edgar/data/927066/000089843099001299/0000898430-99-001299-index.html",
    "finalLink": "https://www.sec.gov/Archives/edgar/data/927066/"
  },
  {
    "date": "1998-09-30",
    "symbol": "DVA",
    "reportedCurrency": "USD",
    "cik": "0000927066",
    "fillingDate": "1998-11-16",
    "acceptedDate": "1998-11-16 00:00:00",
    "calendarYear": "1998",
    "period": "Q3",
    "revenue": 318600000,
    "costOfRevenue": 200900000,
    "grossProfit": 117700000,
    "grossProfitRatio": 0.3694287508,
    "researchAndDevelopmentExpenses": 0,
    "generalAndAdministrativeExpenses": 26200000,
    "sellingAndMarketingExpenses": 0,
    "sellingGeneralAndAdministrativeExpenses": 26200000,
    "otherExpenses": 22400000,
    "operatingExpenses": 48600000,
    "costAndExpenses": 249500000,
    "interestIncome": 0,
    "interestExpense": 19800000,
    "depreciationAndAmortization": 22500000,
    "ebitda": 91500000,
    "ebitdaratio": 0.2871939736,
    "operatingIncome": 69100000,
    "operatingIncomeRatio": 0.2168863779,
    "totalOtherIncomeExpensesNet": -20800000,
    "incomeBeforeTax": 48300000,
    "incomeBeforeTaxRatio": 0.1516007533,
    "incomeTaxExpense": 19200000,
    "netIncome": 29100000,
    "netIncomeRatio": 0.0913370998,
    "eps": 0.12,
    "epsdiluted": 0.12,
    "weightedAverageShsOut": 242378811,
    "weightedAverageShsOutDil": 249303919,
    "link": "https://www.sec.gov/Archives/edgar/data/927066/000089843098004075/0000898430-98-004075-index.html",
    "finalLink": "https://www.sec.gov/Archives/edgar/data/927066/"
  },
  {
    "date": "1998-06-30",
    "symbol": "DVA",
    "reportedCurrency": "USD",
    "cik": "0000927066",
    "fillingDate": "1998-08-14",
    "acceptedDate": "1998-08-14 00:00:00",
    "calendarYear": "1998",
    "period": "Q2",
    "revenue": 288300000,
    "costOfRevenue": 183300000,
    "grossProfit": 105100000,
    "grossProfitRatio": 0.3645508151,
    "researchAndDevelopmentExpenses": 0,
    "generalAndAdministrativeExpenses": 24300000,
    "sellingAndMarketingExpenses": 0,
    "sellingGeneralAndAdministrativeExpenses": 24300000,
    "otherExpenses": 22800000,
    "operatingExpenses": 48200000,
    "costAndExpenses": 231500000,
    "interestIncome": 0,
    "interestExpense": 35800000,
    "depreciationAndAmortization": 21000000,
    "ebitda": 80300000,
    "ebitdaratio": 0.2785293097,
    "operatingIncome": 56900000,
    "operatingIncomeRatio": 0.1973638571,
    "totalOtherIncomeExpensesNet": -27000000,
    "incomeBeforeTax": 32800000,
    "incomeBeforeTaxRatio": 0.1137703781,
    "incomeTaxExpense": 13200000,
    "netIncome": 7900000,
    "netIncomeRatio": 0.0274020118,
    "eps": 0.0409,
    "epsdiluted": 0.0409,
    "weightedAverageShsOut": 236881559,
    "weightedAverageShsOutDil": 236881559,
    "link": "https://www.sec.gov/Archives/edgar/data/927066/000089843098003039/0000898430-98-003039-index.html",
    "finalLink": "https://www.sec.gov/Archives/edgar/data/927066/"
  },
  {
    "date": "1998-03-31",
    "symbol": "DVA",
    "reportedCurrency": "USD",
    "cik": "0000927066",
    "fillingDate": "1998-05-15",
    "acceptedDate": "1998-05-15 00:00:00",
    "calendarYear": "1998",
    "period": "Q1",
    "revenue": 258700000,
    "costOfRevenue": 165300000,
    "grossProfit": 93400000,
    "grossProfitRatio": 0.361035949,
    "researchAndDevelopmentExpenses": 0,
    "generalAndAdministrativeExpenses": 23700000,
    "sellingAndMarketingExpenses": 0,
    "sellingGeneralAndAdministrativeExpenses": 23700000,
    "otherExpenses": 19000000,
    "operatingExpenses": 42700000,
    "costAndExpenses": 208000000,
    "interestIncome": 0,
    "interestExpense": 207900000,
    "depreciationAndAmortization": 19000000,
    "ebitda": 69700000,
    "ebitdaratio": 0.2694240433,
    "operatingIncome": 50700000,
    "operatingIncomeRatio": 0.1959798995,
    "totalOtherIncomeExpensesNet": -107100000,
    "incomeBeforeTax": -56400000,
    "incomeBeforeTaxRatio": -0.2180131426,
    "incomeTaxExpense": -3600000,
    "netIncome": -62400000,
    "netIncomeRatio": -0.2412060302,
    "eps": -0.26,
    "epsdiluted": -0.26,
    "weightedAverageShsOut": 236843604,
    "weightedAverageShsOutDil": 236843604,
    "link": "https://www.sec.gov/Archives/edgar/data/927066/000089843098002015/0000898430-98-002015-index.html",
    "finalLink": "https://www.sec.gov/Archives/edgar/data/927066/"
  },
  {
    "date": "1997-12-31",
    "symbol": "DVA",
    "reportedCurrency": "USD",
    "cik": "0000927066",
    "fillingDate": "1998-03-31",
    "acceptedDate": "1998-03-31 00:00:00",
    "calendarYear": "1997",
    "period": "Q4",
    "revenue": 130700000,
    "costOfRevenue": 87000000,
    "grossProfit": 43700000,
    "grossProfitRatio": 0.3343534813,
    "researchAndDevelopmentExpenses": 0,
    "generalAndAdministrativeExpenses": 11400000,
    "sellingAndMarketingExpenses": 0,
    "sellingGeneralAndAdministrativeExpenses": 11400000,
    "otherExpenses": 8200000,
    "operatingExpenses": 19600000,
    "costAndExpenses": 106600000,
    "interestIncome": 0,
    "interestExpense": 6200000,
    "depreciationAndAmortization": 8200000,
    "ebitda": 32300000,
    "ebitdaratio": 0.247130834,
    "operatingIncome": 24100000,
    "operatingIncomeRatio": 0.1843917368,
    "totalOtherIncomeExpensesNet": -6900000,
    "incomeBeforeTax": 17200000,
    "incomeBeforeTaxRatio": 0.1315990819,
    "incomeTaxExpense": 6800000,
    "netIncome": 10400000,
    "netIncomeRatio": 0.0795715379,
    "eps": 0.0725,
    "epsdiluted": 0.0439,
    "weightedAverageShsOut": 143412109,
    "weightedAverageShsOutDil": 208376825,
    "link": "https://www.sec.gov/Archives/edgar/data/927066/000089843098001263/0000898430-98-001263-index.html",
    "finalLink": "https://www.sec.gov/Archives/edgar/data/927066/"
  },
  {
    "date": "1997-09-30",
    "symbol": "DVA",
    "reportedCurrency": "USD",
    "cik": "0000927066",
    "fillingDate": "1997-11-13",
    "acceptedDate": "1997-11-13 00:00:00",
    "calendarYear": "1997",
    "period": "Q3",
    "revenue": 113700000,
    "costOfRevenue": 131700000,
    "grossProfit": 66000000,
    "grossProfitRatio": 0.580474934,
    "researchAndDevelopmentExpenses": 0,
    "generalAndAdministrativeExpenses": 10000000,
    "sellingAndMarketingExpenses": 0,
    "sellingGeneralAndAdministrativeExpenses": 10000000,
    "otherExpenses": 14200000,
    "operatingExpenses": 32800000,
    "costAndExpenses": 164500000,
    "interestIncome": 0,
    "interestExpense": 3700000,
    "depreciationAndAmortization": 7100000,
    "ebitda": 59400000,
    "ebitdaratio": 0.5224274406,
    "operatingIncome": 33200000,
    "operatingIncomeRatio": 0.291996482,
    "totalOtherIncomeExpensesNet": -7400000,
    "incomeBeforeTax": 16700000,
    "incomeBeforeTaxRatio": 0.1468777485,
    "incomeTaxExpense": 6800000,
    "netIncome": 14600000,
    "netIncomeRatio": 0.1284080915,
    "eps": 0.0751,
    "epsdiluted": 0.0475,
    "weightedAverageShsOut": 131776217,
    "weightedAverageShsOutDil": 208376825,
    "link": "https://www.sec.gov/Archives/edgar/data/927066/000089843097004804/0000898430-97-004804-index.html",
    "finalLink": "https://www.sec.gov/Archives/edgar/data/927066/"
  },
  {
    "date": "1997-06-30",
    "symbol": "DVA",
    "reportedCurrency": "USD",
    "cik": "0000927066",
    "fillingDate": "1997-08-14",
    "acceptedDate": "1997-08-14 00:00:00",
    "calendarYear": "1997",
    "period": "Q2",
    "revenue": 104800000,
    "costOfRevenue": 70400000,
    "grossProfit": 34400000,
    "grossProfitRatio": 0.3282442748,
    "researchAndDevelopmentExpenses": 0,
    "generalAndAdministrativeExpenses": 9300000,
    "sellingAndMarketingExpenses": 0,
    "sellingGeneralAndAdministrativeExpenses": 9300000,
    "otherExpenses": 6400000,
    "operatingExpenses": 15700000,
    "costAndExpenses": 86100000,
    "interestIncome": 0,
    "interestExpense": 3200000,
    "depreciationAndAmortization": 6400000,
    "ebitda": 25100000,
    "ebitdaratio": 0.2395038168,
    "operatingIncome": 18700000,
    "operatingIncomeRatio": 0.1784351145,
    "totalOtherIncomeExpensesNet": -3700000,
    "incomeBeforeTax": 15000000,
    "incomeBeforeTaxRatio": 0.143129771,
    "incomeTaxExpense": 6100000,
    "netIncome": 8900000,
    "netIncomeRatio": 0.0849236641,
    "eps": 0.0667,
    "epsdiluted": 0.0427,
    "weightedAverageShsOut": 133433283,
    "weightedAverageShsOutDil": 208376825,
    "link": "https://www.sec.gov/Archives/edgar/data/927066/000089843097003493/0000898430-97-003493-index.html",
    "finalLink": "https://www.sec.gov/Archives/edgar/data/927066/"
  },
  {
    "date": "1997-03-31",
    "symbol": "DVA",
    "reportedCurrency": "USD",
    "cik": "0000927066",
    "fillingDate": "1997-05-15",
    "acceptedDate": "1997-05-15 00:00:00",
    "calendarYear": "1997",
    "period": "Q1",
    "revenue": 89000000,
    "costOfRevenue": 60100000,
    "grossProfit": 28900000,
    "grossProfitRatio": 0.3247191011,
    "researchAndDevelopmentExpenses": 0,
    "generalAndAdministrativeExpenses": 7600000,
    "sellingAndMarketingExpenses": 0,
    "sellingGeneralAndAdministrativeExpenses": 7600000,
    "otherExpenses": 5400000,
    "operatingExpenses": 13000000,
    "costAndExpenses": 73100000,
    "interestIncome": 0,
    "interestExpense": 2300000,
    "depreciationAndAmortization": 5400000,
    "ebitda": 21300000,
    "ebitdaratio": 0.2393258427,
    "operatingIncome": 15900000,
    "operatingIncomeRatio": 0.1786516854,
    "totalOtherIncomeExpensesNet": -2700000,
    "incomeBeforeTax": 13200000,
    "incomeBeforeTaxRatio": 0.1483146067,
    "incomeTaxExpense": 5400000,
    "netIncome": 7800000,
    "netIncomeRatio": 0.0876404494,
    "eps": 0.06,
    "epsdiluted": 0.0374,
    "weightedAverageShsOut": 129935032,
    "weightedAverageShsOutDil": 208376825,
    "link": "https://www.sec.gov/Archives/edgar/data/927066/000089843097002195/0000898430-97-002195-index.html",
    "finalLink": "https://www.sec.gov/Archives/edgar/data/927066/"
  },
  {
    "date": "1996-12-31",
    "symbol": "DVA",
    "reportedCurrency": "USD",
    "cik": "0000927066",
    "fillingDate": "1997-03-11",
    "acceptedDate": "1997-03-11 00:00:00",
    "calendarYear": "1996",
    "period": "Q4",
    "revenue": 84700000,
    "costOfRevenue": 57900000,
    "grossProfit": 26800000,
    "grossProfitRatio": 0.3164108619,
    "researchAndDevelopmentExpenses": 0,
    "generalAndAdministrativeExpenses": 7300000,
    "sellingAndMarketingExpenses": 0,
    "sellingGeneralAndAdministrativeExpenses": 7300000,
    "otherExpenses": 5100000,
    "operatingExpenses": 12400000,
    "costAndExpenses": 70300000,
    "interestIncome": 0,
    "interestExpense": 2400000,
    "depreciationAndAmortization": 5100000,
    "ebitda": 19500000,
    "ebitdaratio": 0.2302243211,
    "operatingIncome": 14400000,
    "operatingIncomeRatio": 0.1700118064,
    "totalOtherIncomeExpensesNet": -2300000,
    "incomeBeforeTax": 12100000,
    "incomeBeforeTaxRatio": 0.1428571429,
    "incomeTaxExpense": 4900000,
    "netIncome": 7200000,
    "netIncomeRatio": 0.0850059032,
    "eps": 0.0554,
    "epsdiluted": 0.0346,
    "weightedAverageShsOut": 129935032,
    "weightedAverageShsOutDil": 208376825,
    "link": "https://www.sec.gov/Archives/edgar/data/927066/000089843097000917/0000898430-97-000917-index.html",
    "finalLink": "https://www.sec.gov/Archives/edgar/data/927066/"
  },
  {
    "date": "1996-09-30",
    "symbol": "DVA",
    "reportedCurrency": "USD",
    "cik": "0000927066",
    "fillingDate": "1996-11-04",
    "acceptedDate": "1996-11-04 00:00:00",
    "calendarYear": "1996",
    "period": "Q3",
    "revenue": 73300000,
    "costOfRevenue": 49500000,
    "grossProfit": 23800000,
    "grossProfitRatio": 0.3246930423,
    "researchAndDevelopmentExpenses": 0,
    "generalAndAdministrativeExpenses": 6500000,
    "sellingAndMarketingExpenses": 0,
    "sellingGeneralAndAdministrativeExpenses": 6500000,
    "otherExpenses": 4200000,
    "operatingExpenses": 10700000,
    "costAndExpenses": 60200000,
    "interestIncome": 0,
    "interestExpense": 9500000,
    "depreciationAndAmortization": 4300000,
    "ebitda": 17400000,
    "ebitdaratio": 0.2373806276,
    "operatingIncome": 13100000,
    "operatingIncomeRatio": 0.1787175989,
    "totalOtherIncomeExpensesNet": -2200000,
    "incomeBeforeTax": 10900000,
    "incomeBeforeTaxRatio": 0.1487039563,
    "incomeTaxExpense": 4400000,
    "netIncome": -1200000,
    "netIncomeRatio": -0.0163710778,
    "eps": -0.01,
    "epsdiluted": -0.0058,
    "weightedAverageShsOut": 119940030,
    "weightedAverageShsOutDil": 208376825,
    "link": "https://www.sec.gov/Archives/edgar/data/927066/000089843096005061/0000898430-96-005061-index.html",
    "finalLink": "https://www.sec.gov/Archives/edgar/data/927066/"
  },
  {
    "date": "1996-06-30",
    "symbol": "DVA",
    "reportedCurrency": "USD",
    "cik": "0000927066",
    "fillingDate": "1996-08-14",
    "acceptedDate": "1996-08-14 00:00:00",
    "calendarYear": "1996",
    "period": "Q2",
    "revenue": 64600000,
    "costOfRevenue": 43300000,
    "grossProfit": 21300000,
    "grossProfitRatio": 0.3297213622,
    "researchAndDevelopmentExpenses": 0,
    "generalAndAdministrativeExpenses": 6100000,
    "sellingAndMarketingExpenses": 0,
    "sellingGeneralAndAdministrativeExpenses": 6100000,
    "otherExpenses": 3600000,
    "operatingExpenses": 9700000,
    "costAndExpenses": 53000000,
    "interestIncome": 0,
    "interestExpense": 700000,
    "depreciationAndAmortization": 3500000,
    "ebitda": 15200000,
    "ebitdaratio": 0.2352941176,
    "operatingIncome": 11600000,
    "operatingIncomeRatio": 0.1795665635,
    "totalOtherIncomeExpensesNet": -1800000,
    "incomeBeforeTax": 9800000,
    "incomeBeforeTaxRatio": 0.1517027864,
    "incomeTaxExpense": 4100000,
    "netIncome": 5700000,
    "netIncomeRatio": 0.0882352941,
    "eps": 0.0434,
    "epsdiluted": 0.0274,
    "weightedAverageShsOut": 131472725,
    "weightedAverageShsOutDil": 208376825,
    "link": "https://www.sec.gov/Archives/edgar/data/927066/000089843096003881/0000898430-96-003881-index.html",
    "finalLink": "https://www.sec.gov/Archives/edgar/data/927066/"
  },
  {
    "date": "1996-03-31",
    "symbol": "DVA",
    "reportedCurrency": "USD",
    "cik": "0000927066",
    "fillingDate": "1996-05-15",
    "acceptedDate": "1996-05-15 00:00:00",
    "calendarYear": "1996",
    "period": "Q1",
    "revenue": 50200000,
    "costOfRevenue": 33300000,
    "grossProfit": 16900000,
    "grossProfitRatio": 0.3366533865,
    "researchAndDevelopmentExpenses": 0,
    "generalAndAdministrativeExpenses": 0,
    "sellingAndMarketingExpenses": 0,
    "sellingGeneralAndAdministrativeExpenses": 4900000,
    "otherExpenses": 2500000,
    "operatingExpenses": 7400000,
    "costAndExpenses": 40700000,
    "interestIncome": 0,
    "interestExpense": 1800000,
    "depreciationAndAmortization": 2500000,
    "ebitda": 12000000,
    "ebitdaratio": 0.2390438247,
    "operatingIncome": 9500000,
    "operatingIncomeRatio": 0.1892430279,
    "totalOtherIncomeExpensesNet": -2200000,
    "incomeBeforeTax": 7300000,
    "incomeBeforeTaxRatio": 0.1454183267,
    "incomeTaxExpense": 3000000,
    "netIncome": 4300000,
    "netIncomeRatio": 0.0856573705,
    "eps": 0.0367,
    "epsdiluted": 0.0206,
    "weightedAverageShsOut": 117214120,
    "weightedAverageShsOutDil": 208376825,
    "link": "https://www.sec.gov/Archives/edgar/data/927066/000089843096002056/0000898430-96-002056-index.html",
    "finalLink": "https://www.sec.gov/Archives/edgar/data/927066/"
  },
  {
    "date": "1995-11-30",
    "symbol": "DVA",
    "reportedCurrency": "USD",
    "cik": "0000927066",
    "fillingDate": "1995-11-30",
    "acceptedDate": "1995-11-30 00:00:00",
    "calendarYear": "1995",
    "period": "Q4",
    "revenue": 39400000,
    "costOfRevenue": 25000000,
    "grossProfit": 14400000,
    "grossProfitRatio": 0.3654822335,
    "researchAndDevelopmentExpenses": 0,
    "generalAndAdministrativeExpenses": 0,
    "sellingAndMarketingExpenses": 0,
    "sellingGeneralAndAdministrativeExpenses": 4100000,
    "otherExpenses": 2000000,
    "operatingExpenses": 6100000,
    "costAndExpenses": 31100000,
    "interestIncome": 0,
    "interestExpense": 3400000,
    "depreciationAndAmortization": 2100000,
    "ebitda": 10400000,
    "ebitdaratio": 0.2639593909,
    "operatingIncome": 8300000,
    "operatingIncomeRatio": 0.2106598985,
    "totalOtherIncomeExpensesNet": -3400000,
    "incomeBeforeTax": 4900000,
    "incomeBeforeTaxRatio": 0.1243654822,
    "incomeTaxExpense": 2100000,
    "netIncome": 2800000,
    "netIncomeRatio": 0.0710659898,
    "eps": 0.0242,
    "epsdiluted": 0.0134,
    "weightedAverageShsOut": 115712144,
    "weightedAverageShsOutDil": 208376825,
    "link": null,
    "finalLink": null
  },
  {
    "date": "1995-08-31",
    "symbol": "DVA",
    "reportedCurrency": "USD",
    "cik": "0000927066",
    "fillingDate": "1995-08-31",
    "acceptedDate": "1995-08-31 00:00:00",
    "calendarYear": "1995",
    "period": "Q3",
    "revenue": 35700000,
    "costOfRevenue": 22700000,
    "grossProfit": 13000000,
    "grossProfitRatio": 0.3641456583,
    "researchAndDevelopmentExpenses": 0,
    "generalAndAdministrativeExpenses": 0,
    "sellingAndMarketingExpenses": 0,
    "sellingGeneralAndAdministrativeExpenses": 3800000,
    "otherExpenses": 1700000,
    "operatingExpenses": 5500000,
    "costAndExpenses": 28200000,
    "interestIncome": 0,
    "interestExpense": 3400000,
    "depreciationAndAmortization": 1700000,
    "ebitda": 9200000,
    "ebitdaratio": 0.2577030812,
    "operatingIncome": 7500000,
    "operatingIncomeRatio": 0.2100840336,
    "totalOtherIncomeExpensesNet": -3400000,
    "incomeBeforeTax": 4100000,
    "incomeBeforeTaxRatio": 0.1148459384,
    "incomeTaxExpense": 1700000,
    "netIncome": 2400000,
    "netIncomeRatio": 0.0672268908,
    "eps": 0.0207,
    "epsdiluted": 0.0115,
    "weightedAverageShsOut": 115712144,
    "weightedAverageShsOutDil": 208376825,
    "link": null,
    "finalLink": null
  }
]