[
  {
    "date": "2025-06-30",
    "symbol": "DVN",
    "reportedCurrency": "USD",
    "cik": "0001090012",
    "fillingDate": "2025-08-06",
    "acceptedDate": "2025-08-06 12:00:25",
    "calendarYear": "2025",
    "period": "Q2",
    "revenue": 4048000000,
    "costOfRevenue": 3190000000,
    "grossProfit": 858000000,
    "grossProfitRatio": 0.2119565217,
    "researchAndDevelopmentExpenses": 0,
    "generalAndAdministrativeExpenses": 0,
    "sellingAndMarketingExpenses": 0,
    "sellingGeneralAndAdministrativeExpenses": 104000000,
    "otherExpenses": 0,
    "operatingExpenses": 104000000,
    "costAndExpenses": 3294000000,
    "interestIncome": 14000000,
    "interestExpense": 130000000,
    "depreciationAndAmortization": 914000000,
    "ebitda": 2205000000,
    "ebitdaratio": 0.5447134387,
    "operatingIncome": 754000000,
    "operatingIncomeRatio": 0.1862648221,
    "totalOtherIncomeExpensesNet": 407000000,
    "incomeBeforeTax": 1161000000,
    "incomeBeforeTaxRatio": 0.2868083004,
    "incomeTaxExpense": 244000000,
    "netIncome": 899000000,
    "netIncomeRatio": 0.2220849802,
    "eps": 1.4158,
    "epsdiluted": 1.4135,
    "weightedAverageShsOut": 635000000,
    "weightedAverageShsOutDil": 636000000,
    "link": "https://www.sec.gov/Archives/edgar/data/1090012/000095017025103695/0000950170-25-103695-index.htm",
    "finalLink": "https://www.sec.gov/Archives/edgar/data/1090012/000095017025103695/dvn-20250630.htm"
  },
  {
    "date": "2025-03-31",
    "symbol": "DVN",
    "reportedCurrency": "USD",
    "cik": "0001090012",
    "fillingDate": "2025-05-07",
    "acceptedDate": "2025-05-07 12:00:30",
    "calendarYear": "2025",
    "period": "Q1",
    "revenue": 4374000000,
    "costOfRevenue": 3270000000,
    "grossProfit": 1104000000,
    "grossProfitRatio": 0.2524005487,
    "researchAndDevelopmentExpenses": 0,
    "generalAndAdministrativeExpenses": 0,
    "sellingAndMarketingExpenses": 0,
    "sellingGeneralAndAdministrativeExpenses": 130000000,
    "otherExpenses": 0,
    "operatingExpenses": 130000000,
    "costAndExpenses": 3400000000,
    "interestIncome": 10000000,
    "interestExpense": 133000000,
    "depreciationAndAmortization": 912000000,
    "ebitda": 1691000000,
    "ebitdaratio": 0.386602652,
    "operatingIncome": 974000000,
    "operatingIncomeRatio": 0.2226794696,
    "totalOtherIncomeExpensesNet": -328000000,
    "incomeBeforeTax": 646000000,
    "incomeBeforeTaxRatio": 0.1476909008,
    "incomeTaxExpense": 137000000,
    "netIncome": 494000000,
    "netIncomeRatio": 0.1129401006,
    "eps": 0.77,
    "epsdiluted": 0.77,
    "weightedAverageShsOut": 643000000,
    "weightedAverageShsOutDil": 645000000,
    "link": "https://www.sec.gov/Archives/edgar/data/1090012/000095017025065278/0000950170-25-065278-index.htm",
    "finalLink": "https://www.sec.gov/Archives/edgar/data/1090012/000095017025065278/dvn-20250331.htm"
  },
  {
    "date": "2024-12-31",
    "symbol": "DVN",
    "reportedCurrency": "USD",
    "cik": "0001090012",
    "fillingDate": "2025-02-19",
    "acceptedDate": "2025-02-19 12:01:33",
    "calendarYear": "2024",
    "period": "Q4",
    "revenue": 4203000000,
    "costOfRevenue": 3266000000,
    "grossProfit": 937000000,
    "grossProfitRatio": 0.2229359981,
    "researchAndDevelopmentExpenses": 0,
    "generalAndAdministrativeExpenses": 0,
    "sellingAndMarketingExpenses": 0,
    "sellingGeneralAndAdministrativeExpenses": 155000000,
    "otherExpenses": 0,
    "operatingExpenses": 155000000,
    "costAndExpenses": 3421000000,
    "interestIncome": 16000000,
    "interestExpense": 139000000,
    "depreciationAndAmortization": 971000000,
    "ebitda": 1950000000,
    "ebitdaratio": 0.4639543183,
    "operatingIncome": 782000000,
    "operatingIncomeRatio": 0.1860575779,
    "totalOtherIncomeExpensesNet": 58000000,
    "incomeBeforeTax": 840000000,
    "incomeBeforeTaxRatio": 0.1998572448,
    "incomeTaxExpense": 187000000,
    "netIncome": 639000000,
    "netIncomeRatio": 0.1520342612,
    "eps": 0.98,
    "epsdiluted": 0.99,
    "weightedAverageShsOut": 623000000,
    "weightedAverageShsOutDil": 623000000,
    "link": "https://www.sec.gov/Archives/edgar/data/1090012/000095017025022844/0000950170-25-022844-index.htm",
    "finalLink": "https://www.sec.gov/Archives/edgar/data/1090012/000095017025022844/dvn-20241231.htm"
  },
  {
    "date": "2024-09-30",
    "symbol": "DVN",
    "reportedCurrency": "USD",
    "cik": "0001090012",
    "fillingDate": "2024-11-06",
    "acceptedDate": "2024-11-06 12:00:31",
    "calendarYear": "2024",
    "period": "Q3",
    "revenue": 4129000000,
    "costOfRevenue": 2710000000,
    "grossProfit": 1419000000,
    "grossProfitRatio": 0.3436667474,
    "researchAndDevelopmentExpenses": 0,
    "generalAndAdministrativeExpenses": 0,
    "sellingAndMarketingExpenses": 0,
    "sellingGeneralAndAdministrativeExpenses": 117000000,
    "otherExpenses": 0,
    "operatingExpenses": 117000000,
    "costAndExpenses": 2827000000,
    "interestIncome": 19000000,
    "interestExpense": 98000000,
    "depreciationAndAmortization": 794000000,
    "ebitda": 1965000000,
    "ebitdaratio": 0.4759021555,
    "operatingIncome": 1302000000,
    "operatingIncomeRatio": 0.3153305885,
    "totalOtherIncomeExpensesNet": -238000000,
    "incomeBeforeTax": 1064000000,
    "incomeBeforeTaxRatio": 0.2576895132,
    "incomeTaxExpense": 239000000,
    "netIncome": 812000000,
    "netIncomeRatio": 0.1966577864,
    "eps": 1.31,
    "epsdiluted": 1.3,
    "weightedAverageShsOut": 622000000,
    "weightedAverageShsOutDil": 623000000,
    "link": "https://www.sec.gov/Archives/edgar/data/1090012/000095017024121981/0000950170-24-121981-index.htm",
    "finalLink": "https://www.sec.gov/Archives/edgar/data/1090012/000095017024121981/dvn-20240930.htm"
  },
  {
    "date": "2024-06-30",
    "symbol": "DVN",
    "reportedCurrency": "USD",
    "cik": "0001090012",
    "fillingDate": "2024-08-07",
    "acceptedDate": "2024-08-07 12:00:30",
    "calendarYear": "2024",
    "period": "Q2",
    "revenue": 3832000000,
    "costOfRevenue": 2667000000,
    "grossProfit": 1165000000,
    "grossProfitRatio": 0.3040187891,
    "researchAndDevelopmentExpenses": 0,
    "generalAndAdministrativeExpenses": 0,
    "sellingAndMarketingExpenses": 0,
    "sellingGeneralAndAdministrativeExpenses": 114000000,
    "otherExpenses": 0,
    "operatingExpenses": 114000000,
    "costAndExpenses": 2781000000,
    "interestIncome": 14000000,
    "interestExpense": 90000000,
    "depreciationAndAmortization": 768000000,
    "ebitda": 1898000000,
    "ebitdaratio": 0.495302714,
    "operatingIncome": 1051000000,
    "operatingIncomeRatio": 0.2742693111,
    "totalOtherIncomeExpensesNet": -11000000,
    "incomeBeforeTax": 1040000000,
    "incomeBeforeTaxRatio": 0.2713987474,
    "incomeTaxExpense": 185000000,
    "netIncome": 844000000,
    "netIncomeRatio": 0.2202505219,
    "eps": 1.35,
    "epsdiluted": 1.34,
    "weightedAverageShsOut": 626000000,
    "weightedAverageShsOutDil": 628000000,
    "link": "https://www.sec.gov/Archives/edgar/data/1090012/000095017024092424/0000950170-24-092424-index.htm",
    "finalLink": "https://www.sec.gov/Archives/edgar/data/1090012/000095017024092424/dvn-20240630.htm"
  },
  {
    "date": "2024-03-31",
    "symbol": "DVN",
    "reportedCurrency": "USD",
    "cik": "0001090012",
    "fillingDate": "2024-05-02",
    "acceptedDate": "2024-05-02 12:00:34",
    "calendarYear": "2024",
    "period": "Q1",
    "revenue": 3403000000,
    "costOfRevenue": 2615000000,
    "grossProfit": 788000000,
    "grossProfitRatio": 0.2315603879,
    "researchAndDevelopmentExpenses": 0,
    "generalAndAdministrativeExpenses": 0,
    "sellingAndMarketingExpenses": 0,
    "sellingGeneralAndAdministrativeExpenses": 114000000,
    "otherExpenses": 0,
    "operatingExpenses": 114000000,
    "costAndExpenses": 2729000000,
    "interestIncome": 13000000,
    "interestExpense": 89000000,
    "depreciationAndAmortization": 722000000,
    "ebitda": 1579000000,
    "ebitdaratio": 0.4640023509,
    "operatingIncome": 674000000,
    "operatingIncomeRatio": 0.1980605348,
    "totalOtherIncomeExpensesNet": 94000000,
    "incomeBeforeTax": 768000000,
    "incomeBeforeTaxRatio": 0.2256832207,
    "incomeTaxExpense": 159000000,
    "netIncome": 596000000,
    "netIncomeRatio": 0.1751395827,
    "eps": 0.95,
    "epsdiluted": 0.94,
    "weightedAverageShsOut": 629000000,
    "weightedAverageShsOutDil": 632000000,
    "link": "https://www.sec.gov/Archives/edgar/data/1090012/000095017024051757/0000950170-24-051757-index.htm",
    "finalLink": "https://www.sec.gov/Archives/edgar/data/1090012/000095017024051757/dvn-20240331.htm"
  },
  {
    "date": "2023-12-31",
    "symbol": "DVN",
    "reportedCurrency": "USD",
    "cik": "0001090012",
    "fillingDate": "2024-02-28",
    "acceptedDate": "2024-02-28 12:00:49",
    "calendarYear": "2023",
    "period": "Q4",
    "revenue": 3821000000,
    "costOfRevenue": 2506000000,
    "grossProfit": 1315000000,
    "grossProfitRatio": 0.3441507459,
    "researchAndDevelopmentExpenses": 0,
    "generalAndAdministrativeExpenses": 0,
    "sellingAndMarketingExpenses": 0,
    "sellingGeneralAndAdministrativeExpenses": 111000000,
    "otherExpenses": 0,
    "operatingExpenses": 111000000,
    "costAndExpenses": 2617000000,
    "interestIncome": 12000000,
    "interestExpense": 87000000,
    "depreciationAndAmortization": 650000000,
    "ebitda": 2167000000,
    "ebitdaratio": 0.5671290238,
    "operatingIncome": 1204000000,
    "operatingIncomeRatio": 0.315100759,
    "totalOtherIncomeExpensesNet": 226000000,
    "incomeBeforeTax": 1430000000,
    "incomeBeforeTaxRatio": 0.3742475792,
    "incomeTaxExpense": 269000000,
    "netIncome": 1152000000,
    "netIncomeRatio": 0.3014917561,
    "eps": 1.81,
    "epsdiluted": 1.81,
    "weightedAverageShsOut": 635000000,
    "weightedAverageShsOutDil": 638000000,
    "link": "https://www.sec.gov/Archives/edgar/data/1090012/000095017024021781/0000950170-24-021781-index.htm",
    "finalLink": "https://www.sec.gov/Archives/edgar/data/1090012/000095017024021781/dvn-20231231.htm"
  },
  {
    "date": "2023-09-30",
    "symbol": "DVN",
    "reportedCurrency": "USD",
    "cik": "0001090012",
    "fillingDate": "2023-11-08",
    "acceptedDate": "2023-11-08 12:00:36",
    "calendarYear": "2023",
    "period": "Q3",
    "revenue": 4041000000,
    "costOfRevenue": 2571000000,
    "grossProfit": 1470000000,
    "grossProfitRatio": 0.3637713437,
    "researchAndDevelopmentExpenses": 0,
    "generalAndAdministrativeExpenses": 0,
    "sellingAndMarketingExpenses": 0,
    "sellingGeneralAndAdministrativeExpenses": 99000000,
    "otherExpenses": 0,
    "operatingExpenses": 99000000,
    "costAndExpenses": 2670000000,
    "interestIncome": 12000000,
    "interestExpense": 93000000,
    "depreciationAndAmortization": 651000000,
    "ebitda": 1815000000,
    "ebitdaratio": 0.4491462509,
    "operatingIncome": 1371000000,
    "operatingIncomeRatio": 0.3392724573,
    "totalOtherIncomeExpensesNet": -299000000,
    "incomeBeforeTax": 1072000000,
    "incomeBeforeTaxRatio": 0.2652808711,
    "incomeTaxExpense": 152000000,
    "netIncome": 910000000,
    "netIncomeRatio": 0.2251917842,
    "eps": 1.43,
    "epsdiluted": 1.42,
    "weightedAverageShsOut": 637000000,
    "weightedAverageShsOutDil": 639000000,
    "link": "https://www.sec.gov/Archives/edgar/data/1090012/000095017023060838/0000950170-23-060838-index.htm",
    "finalLink": "https://www.sec.gov/Archives/edgar/data/1090012/000095017023060838/dvn-20230930.htm"
  },
  {
    "date": "2023-06-30",
    "symbol": "DVN",
    "reportedCurrency": "USD",
    "cik": "0001090012",
    "fillingDate": "2023-08-02",
    "acceptedDate": "2023-08-02 12:01:27",
    "calendarYear": "2023",
    "period": "Q2",
    "revenue": 3493000000,
    "costOfRevenue": 2418000000,
    "grossProfit": 1075000000,
    "grossProfitRatio": 0.3077583739,
    "researchAndDevelopmentExpenses": 0,
    "generalAndAdministrativeExpenses": 0,
    "sellingAndMarketingExpenses": 0,
    "sellingGeneralAndAdministrativeExpenses": 92000000,
    "otherExpenses": 0,
    "operatingExpenses": 92000000,
    "costAndExpenses": 2510000000,
    "interestIncome": 15000000,
    "interestExpense": 93000000,
    "depreciationAndAmortization": 638000000,
    "ebitda": 1628000000,
    "ebitdaratio": 0.4660750072,
    "operatingIncome": 983000000,
    "operatingIncomeRatio": 0.2814199828,
    "totalOtherIncomeExpensesNet": -86000000,
    "incomeBeforeTax": 897000000,
    "incomeBeforeTaxRatio": 0.2567993129,
    "incomeTaxExpense": 199000000,
    "netIncome": 690000000,
    "netIncomeRatio": 0.197537933,
    "eps": 1.08,
    "epsdiluted": 1.08,
    "weightedAverageShsOut": 638000000,
    "weightedAverageShsOutDil": 639000000,
    "link": "https://www.sec.gov/Archives/edgar/data/1090012/000095017023036885/0000950170-23-036885-index.htm",
    "finalLink": "https://www.sec.gov/Archives/edgar/data/1090012/000095017023036885/dvn-20230630.htm"
  },
  {
    "date": "2023-03-31",
    "symbol": "DVN",
    "reportedCurrency": "USD",
    "cik": "0001090012",
    "fillingDate": "2023-05-09",
    "acceptedDate": "2023-05-09 12:01:39",
    "calendarYear": "2023",
    "period": "Q1",
    "revenue": 3759000000,
    "costOfRevenue": 2416000000,
    "grossProfit": 1343000000,
    "grossProfitRatio": 0.3572758712,
    "researchAndDevelopmentExpenses": 0,
    "generalAndAdministrativeExpenses": 0,
    "sellingAndMarketingExpenses": 0,
    "sellingGeneralAndAdministrativeExpenses": 106000000,
    "otherExpenses": 0,
    "operatingExpenses": 106000000,
    "costAndExpenses": 2522000000,
    "interestIncome": 21000000,
    "interestExpense": 93000000,
    "depreciationAndAmortization": 615000000,
    "ebitda": 1928000000,
    "ebitdaratio": 0.5129023677,
    "operatingIncome": 1237000000,
    "operatingIncomeRatio": 0.3290768821,
    "totalOtherIncomeExpensesNet": -13000000,
    "incomeBeforeTax": 1224000000,
    "incomeBeforeTaxRatio": 0.3256185156,
    "incomeTaxExpense": 221000000,
    "netIncome": 995000000,
    "netIncomeRatio": 0.264698058,
    "eps": 1.53,
    "epsdiluted": 1.54,
    "weightedAverageShsOut": 647000000,
    "weightedAverageShsOutDil": 647000000,
    "link": "https://www.sec.gov/Archives/edgar/data/1090012/000095017023019312/0000950170-23-019312-index.htm",
    "finalLink": "https://www.sec.gov/Archives/edgar/data/1090012/000095017023019312/dvn-20230331.htm"
  },
  {
    "date": "2022-12-31",
    "symbol": "DVN",
    "reportedCurrency": "USD",
    "cik": "0001090012",
    "fillingDate": "2023-02-15",
    "acceptedDate": "2023-02-15 12:01:08",
    "calendarYear": "2022",
    "period": "Q4",
    "revenue": 4352000000,
    "costOfRevenue": 2604000000,
    "grossProfit": 1748000000,
    "grossProfitRatio": 0.4016544118,
    "researchAndDevelopmentExpenses": 0,
    "generalAndAdministrativeExpenses": 0,
    "sellingAndMarketingExpenses": 0,
    "sellingGeneralAndAdministrativeExpenses": 122000000,
    "otherExpenses": 0,
    "operatingExpenses": 122000000,
    "costAndExpenses": 2726000000,
    "interestIncome": 16000000,
    "interestExpense": 89000000,
    "depreciationAndAmortization": 645000000,
    "ebitda": 2287000000,
    "ebitdaratio": 0.5255055147,
    "operatingIncome": 1626000000,
    "operatingIncomeRatio": 0.3736213235,
    "totalOtherIncomeExpensesNet": -73000000,
    "incomeBeforeTax": 1553000000,
    "incomeBeforeTaxRatio": 0.3568474265,
    "incomeTaxExpense": 349000000,
    "netIncome": 1201000000,
    "netIncomeRatio": 0.2759650735,
    "eps": 1.83,
    "epsdiluted": 1.82,
    "weightedAverageShsOut": 653000000,
    "weightedAverageShsOutDil": 655000000,
    "link": "https://www.sec.gov/Archives/edgar/data/1090012/000095017023002852/0000950170-23-002852-index.htm",
    "finalLink": "https://www.sec.gov/Archives/edgar/data/1090012/000095017023002852/dvn-20221231.htm"
  },
  {
    "date": "2022-09-30",
    "symbol": "DVN",
    "reportedCurrency": "USD",
    "cik": "0001090012",
    "fillingDate": "2022-11-02",
    "acceptedDate": "2022-11-02 12:01:44",
    "calendarYear": "2022",
    "period": "Q3",
    "revenue": 5184000000,
    "costOfRevenue": 2845000000,
    "grossProfit": 2339000000,
    "grossProfitRatio": 0.4511959877,
    "researchAndDevelopmentExpenses": 0,
    "generalAndAdministrativeExpenses": 0,
    "sellingAndMarketingExpenses": 0,
    "sellingGeneralAndAdministrativeExpenses": 95000000,
    "otherExpenses": 0,
    "operatingExpenses": 95000000,
    "costAndExpenses": 2940000000,
    "interestIncome": 19000000,
    "interestExpense": 86000000,
    "depreciationAndAmortization": 581000000,
    "ebitda": 3132000000,
    "ebitdaratio": 0.6041666667,
    "operatingIncome": 2244000000,
    "operatingIncomeRatio": 0.4328703704,
    "totalOtherIncomeExpensesNet": 221000000,
    "incomeBeforeTax": 2465000000,
    "incomeBeforeTaxRatio": 0.4755015432,
    "incomeTaxExpense": 565000000,
    "netIncome": 1893000000,
    "netIncomeRatio": 0.365162037,
    "eps": 2.92,
    "epsdiluted": 2.89,
    "weightedAverageShsOut": 649000000,
    "weightedAverageShsOutDil": 656000000,
    "link": "https://www.sec.gov/Archives/edgar/data/1090012/000095017022021074/0000950170-22-021074-index.htm",
    "finalLink": "https://www.sec.gov/Archives/edgar/data/1090012/000095017022021074/dvn-20220930.htm"
  },
  {
    "date": "2022-06-30",
    "symbol": "DVN",
    "reportedCurrency": "USD",
    "cik": "0001090012",
    "fillingDate": "2022-08-02",
    "acceptedDate": "2022-08-02 12:01:44",
    "calendarYear": "2022",
    "period": "Q2",
    "revenue": 6268000000,
    "costOfRevenue": 2967000000,
    "grossProfit": 3301000000,
    "grossProfitRatio": 0.5266432674,
    "researchAndDevelopmentExpenses": 0,
    "generalAndAdministrativeExpenses": 0,
    "sellingAndMarketingExpenses": 0,
    "sellingGeneralAndAdministrativeExpenses": 84000000,
    "otherExpenses": 0,
    "operatingExpenses": 84000000,
    "costAndExpenses": 3051000000,
    "interestIncome": 2000000,
    "interestExpense": 86000000,
    "depreciationAndAmortization": 528000000,
    "ebitda": 3109000000,
    "ebitdaratio": 0.4960114869,
    "operatingIncome": 3217000000,
    "operatingIncomeRatio": 0.5132418634,
    "totalOtherIncomeExpensesNet": -722000000,
    "incomeBeforeTax": 2495000000,
    "incomeBeforeTaxRatio": 0.3980536056,
    "incomeTaxExpense": 557000000,
    "netIncome": 1932000000,
    "netIncomeRatio": 0.308232291,
    "eps": 2.96,
    "epsdiluted": 2.93,
    "weightedAverageShsOut": 652000000,
    "weightedAverageShsOutDil": 660000000,
    "link": "https://www.sec.gov/Archives/edgar/data/1090012/000095017022013790/0000950170-22-013790-index.htm",
    "finalLink": "https://www.sec.gov/Archives/edgar/data/1090012/000095017022013790/dvn-20220630.htm"
  },
  {
    "date": "2022-03-31",
    "symbol": "DVN",
    "reportedCurrency": "USD",
    "cik": "0001090012",
    "fillingDate": "2022-05-03",
    "acceptedDate": "2022-05-03 12:02:13",
    "calendarYear": "2022",
    "period": "Q1",
    "revenue": 4839000000,
    "costOfRevenue": 2433000000,
    "grossProfit": 2406000000,
    "grossProfitRatio": 0.4972101674,
    "researchAndDevelopmentExpenses": 0,
    "generalAndAdministrativeExpenses": 0,
    "sellingAndMarketingExpenses": 0,
    "sellingGeneralAndAdministrativeExpenses": 94000000,
    "otherExpenses": 0,
    "operatingExpenses": 94000000,
    "costAndExpenses": 2527000000,
    "interestIncome": 1000000,
    "interestExpense": 86000000,
    "depreciationAndAmortization": 489000000,
    "ebitda": 1837000000,
    "ebitdaratio": 0.3796238892,
    "operatingIncome": 2312000000,
    "operatingIncomeRatio": 0.4777846663,
    "totalOtherIncomeExpensesNet": -1050000000,
    "incomeBeforeTax": 1262000000,
    "incomeBeforeTaxRatio": 0.2607976855,
    "incomeTaxExpense": 267000000,
    "netIncome": 989000000,
    "netIncomeRatio": 0.2043810705,
    "eps": 1.51,
    "epsdiluted": 1.49,
    "weightedAverageShsOut": 656000000,
    "weightedAverageShsOutDil": 665000000,
    "link": "https://www.sec.gov/Archives/edgar/data/1090012/000095017022007007/0000950170-22-007007-index.htm",
    "finalLink": "https://www.sec.gov/Archives/edgar/data/1090012/000095017022007007/dvn-20220331.htm"
  },
  {
    "date": "2021-12-31",
    "symbol": "DVN",
    "reportedCurrency": "USD",
    "cik": "0001090012",
    "fillingDate": "2022-02-16",
    "acceptedDate": "2022-02-16 12:02:22",
    "calendarYear": "2021",
    "period": "Q4",
    "revenue": 4251000000,
    "costOfRevenue": 2453000000,
    "grossProfit": 1798000000,
    "grossProfitRatio": 0.4229593037,
    "researchAndDevelopmentExpenses": 0,
    "generalAndAdministrativeExpenses": 0,
    "sellingAndMarketingExpenses": 0,
    "sellingGeneralAndAdministrativeExpenses": 95000000,
    "otherExpenses": 0,
    "operatingExpenses": 95000000,
    "costAndExpenses": 2548000000,
    "interestIncome": 0,
    "interestExpense": 86000000,
    "depreciationAndAmortization": 577000000,
    "ebitda": 2325000000,
    "ebitdaratio": 0.5469301341,
    "operatingIncome": 1703000000,
    "operatingIncomeRatio": 0.4006116208,
    "totalOtherIncomeExpensesNet": -41000000,
    "incomeBeforeTax": 1662000000,
    "incomeBeforeTaxRatio": 0.3909668313,
    "incomeTaxExpense": 150000000,
    "netIncome": 1506000000,
    "netIncomeRatio": 0.3542695836,
    "eps": 2.24,
    "epsdiluted": 2.23,
    "weightedAverageShsOut": 671000000,
    "weightedAverageShsOutDil": 673000000,
    "link": "https://www.sec.gov/Archives/edgar/data/1090012/000156459022005321/0001564590-22-005321-index.htm",
    "finalLink": "https://www.sec.gov/Archives/edgar/data/1090012/000156459022005321/dvn-10k_20211231.htm"
  },
  {
    "date": "2021-09-30",
    "symbol": "DVN",
    "reportedCurrency": "USD",
    "cik": "0001090012",
    "fillingDate": "2021-11-03",
    "acceptedDate": "2021-11-03 12:01:22",
    "calendarYear": "2021",
    "period": "Q3",
    "revenue": 3801000000,
    "costOfRevenue": 2301000000,
    "grossProfit": 1500000000,
    "grossProfitRatio": 0.3946329913,
    "researchAndDevelopmentExpenses": 0,
    "generalAndAdministrativeExpenses": 0,
    "sellingAndMarketingExpenses": 0,
    "sellingGeneralAndAdministrativeExpenses": 95000000,
    "otherExpenses": 0,
    "operatingExpenses": 95000000,
    "costAndExpenses": 2396000000,
    "interestIncome": 1000000,
    "interestExpense": 87000000,
    "depreciationAndAmortization": 578000000,
    "ebitda": 1629000000,
    "ebitdaratio": 0.4285714286,
    "operatingIncome": 1405000000,
    "operatingIncomeRatio": 0.3696395685,
    "totalOtherIncomeExpensesNet": -441000000,
    "incomeBeforeTax": 964000000,
    "incomeBeforeTaxRatio": 0.2536174691,
    "incomeTaxExpense": 120000000,
    "netIncome": 838000000,
    "netIncomeRatio": 0.2204682978,
    "eps": 1.24,
    "epsdiluted": 1.24,
    "weightedAverageShsOut": 677000000,
    "weightedAverageShsOutDil": 679000000,
    "link": "https://www.sec.gov/Archives/edgar/data/1090012/000156459021053780/0001564590-21-053780-index.htm",
    "finalLink": "https://www.sec.gov/Archives/edgar/data/1090012/000156459021053780/dvn-10q_20210930.htm"
  },
  {
    "date": "2021-06-30",
    "symbol": "DVN",
    "reportedCurrency": "USD",
    "cik": "0001090012",
    "fillingDate": "2021-08-04",
    "acceptedDate": "2021-08-04 12:02:07",
    "calendarYear": "2021",
    "period": "Q2",
    "revenue": 3120000000,
    "costOfRevenue": 2017000000,
    "grossProfit": 1103000000,
    "grossProfitRatio": 0.353525641,
    "researchAndDevelopmentExpenses": 0,
    "generalAndAdministrativeExpenses": 0,
    "sellingAndMarketingExpenses": 0,
    "sellingGeneralAndAdministrativeExpenses": 94000000,
    "otherExpenses": 0,
    "operatingExpenses": 94000000,
    "costAndExpenses": 2111000000,
    "interestIncome": 0,
    "interestExpense": 90000000,
    "depreciationAndAmortization": 536000000,
    "ebitda": 930000000,
    "ebitdaratio": 0.2980769231,
    "operatingIncome": 1009000000,
    "operatingIncomeRatio": 0.3233974359,
    "totalOtherIncomeExpensesNet": -705000000,
    "incomeBeforeTax": 304000000,
    "incomeBeforeTaxRatio": 0.0974358974,
    "incomeTaxExpense": 43000000,
    "netIncome": 256000000,
    "netIncomeRatio": 0.0820512821,
    "eps": 0.38,
    "epsdiluted": 0.38,
    "weightedAverageShsOut": 677000000,
    "weightedAverageShsOutDil": 679000000,
    "link": "https://www.sec.gov/Archives/edgar/data/1090012/000156459021040600/0001564590-21-040600-index.htm",
    "finalLink": "https://www.sec.gov/Archives/edgar/data/1090012/000156459021040600/dvn-10q_20210630.htm"
  },
  {
    "date": "2021-03-31",
    "symbol": "DVN",
    "reportedCurrency": "USD",
    "cik": "0001090012",
    "fillingDate": "2021-05-05",
    "acceptedDate": "2021-05-05 12:01:06",
    "calendarYear": "2021",
    "period": "Q1",
    "revenue": 2810000000,
    "costOfRevenue": 1770000000,
    "grossProfit": 1040000000,
    "grossProfitRatio": 0.3701067616,
    "researchAndDevelopmentExpenses": 0,
    "generalAndAdministrativeExpenses": 0,
    "sellingAndMarketingExpenses": 0,
    "sellingGeneralAndAdministrativeExpenses": 107000000,
    "otherExpenses": 0,
    "operatingExpenses": 107000000,
    "costAndExpenses": 1877000000,
    "interestIncome": 1000000,
    "interestExpense": 98000000,
    "depreciationAndAmortization": 467000000,
    "ebitda": 533000000,
    "ebitdaratio": 0.1896797153,
    "operatingIncome": 933000000,
    "operatingIncomeRatio": 0.3320284698,
    "totalOtherIncomeExpensesNet": -965000000,
    "incomeBeforeTax": -32000000,
    "incomeBeforeTaxRatio": -0.0113879004,
    "incomeTaxExpense": -248000000,
    "netIncome": 213000000,
    "netIncomeRatio": 0.0758007117,
    "eps": 0.33,
    "epsdiluted": 0.32,
    "weightedAverageShsOut": 654000000,
    "weightedAverageShsOutDil": 656000000,
    "link": "https://www.sec.gov/Archives/edgar/data/1090012/000156459021023786/0001564590-21-023786-index.htm",
    "finalLink": "https://www.sec.gov/Archives/edgar/data/1090012/000156459021023786/dvn-10q_20210331.htm"
  },
  {
    "date": "2020-12-31",
    "symbol": "DVN",
    "reportedCurrency": "USD",
    "cik": "0001090012",
    "fillingDate": "2021-02-17",
    "acceptedDate": "2021-02-17 11:02:04",
    "calendarYear": "2020",
    "period": "Q4",
    "revenue": 1217000000,
    "costOfRevenue": 1194000000,
    "grossProfit": 23000000,
    "grossProfitRatio": 0.0188989318,
    "researchAndDevelopmentExpenses": 0,
    "generalAndAdministrativeExpenses": 0,
    "sellingAndMarketingExpenses": 0,
    "sellingGeneralAndAdministrativeExpenses": 82000000,
    "otherExpenses": 0,
    "operatingExpenses": 82000000,
    "costAndExpenses": 1276000000,
    "interestIncome": 0,
    "interestExpense": 70000000,
    "depreciationAndAmortization": 301000000,
    "ebitda": 261000000,
    "ebitdaratio": 0.2144617913,
    "operatingIncome": -59000000,
    "operatingIncomeRatio": -0.0484798685,
    "totalOtherIncomeExpensesNet": -51000000,
    "incomeBeforeTax": -110000000,
    "incomeBeforeTaxRatio": -0.0903861956,
    "incomeTaxExpense": -37000000,
    "netIncome": -102000000,
    "netIncomeRatio": -0.0838126541,
    "eps": -0.27,
    "epsdiluted": -0.27,
    "weightedAverageShsOut": 383000000,
    "weightedAverageShsOutDil": 383000000,
    "link": "https://www.sec.gov/Archives/edgar/data/1090012/000156459021006239/0001564590-21-006239-index.htm",
    "finalLink": "https://www.sec.gov/Archives/edgar/data/1090012/000156459021006239/dvn-10k_20201231.htm"
  },
  {
    "date": "2020-09-30",
    "symbol": "DVN",
    "reportedCurrency": "USD",
    "cik": "0001090012",
    "fillingDate": "2020-10-30",
    "acceptedDate": "2020-10-30 12:00:53",
    "calendarYear": "2020",
    "period": "Q3",
    "revenue": 960000000,
    "costOfRevenue": 1087000000,
    "grossProfit": -127000000,
    "grossProfitRatio": -0.1322916667,
    "researchAndDevelopmentExpenses": 0,
    "generalAndAdministrativeExpenses": 0,
    "sellingAndMarketingExpenses": 0,
    "sellingGeneralAndAdministrativeExpenses": 75000000,
    "otherExpenses": 0,
    "operatingExpenses": 75000000,
    "costAndExpenses": 1162000000,
    "interestIncome": 0,
    "interestExpense": 66000000,
    "depreciationAndAmortization": 299000000,
    "ebitda": 177000000,
    "ebitdaratio": 0.184375,
    "operatingIncome": -202000000,
    "operatingIncomeRatio": -0.2104166667,
    "totalOtherIncomeExpensesNet": 9000000,
    "incomeBeforeTax": -193000000,
    "incomeBeforeTaxRatio": -0.2010416667,
    "incomeTaxExpense": -90000000,
    "netIncome": -92000000,
    "netIncomeRatio": -0.0958333333,
    "eps": -0.25,
    "epsdiluted": -0.24,
    "weightedAverageShsOut": 368965517,
    "weightedAverageShsOutDil": 377000000,
    "link": "https://www.sec.gov/Archives/edgar/data/1090012/000156459020049203/0001564590-20-049203-index.htm",
    "finalLink": "https://www.sec.gov/Archives/edgar/data/1090012/000156459020049203/dvn-10q_20200930.htm"
  },
  {
    "date": "2020-06-30",
    "symbol": "DVN",
    "reportedCurrency": "USD",
    "cik": "0001090012",
    "fillingDate": "2020-08-05",
    "acceptedDate": "2020-08-05 12:01:01",
    "calendarYear": "2020",
    "period": "Q2",
    "revenue": 162000000,
    "costOfRevenue": 913000000,
    "grossProfit": -751000000,
    "grossProfitRatio": -4.6358024691,
    "researchAndDevelopmentExpenses": 0,
    "generalAndAdministrativeExpenses": 0,
    "sellingAndMarketingExpenses": 0,
    "sellingGeneralAndAdministrativeExpenses": 79000000,
    "otherExpenses": 0,
    "operatingExpenses": 79000000,
    "costAndExpenses": 992000000,
    "interestIncome": 2000000,
    "interestExpense": 71000000,
    "depreciationAndAmortization": 299000000,
    "ebitda": -310000000,
    "ebitdaratio": -1.9135802469,
    "operatingIncome": -830000000,
    "operatingIncomeRatio": -5.1234567901,
    "totalOtherIncomeExpensesNet": 150000000,
    "incomeBeforeTax": -680000000,
    "incomeBeforeTaxRatio": -4.1975308642,
    "incomeTaxExpense": -3000000,
    "netIncome": -670000000,
    "netIncomeRatio": -4.1358024691,
    "eps": -1.78,
    "epsdiluted": -1.78,
    "weightedAverageShsOut": 377000000,
    "weightedAverageShsOutDil": 377000000,
    "link": "https://www.sec.gov/Archives/edgar/data/1090012/000156459020036568/0001564590-20-036568-index.htm",
    "finalLink": "https://www.sec.gov/Archives/edgar/data/1090012/000156459020036568/dvn-10q_20200630.htm"
  },
  {
    "date": "2020-03-31",
    "symbol": "DVN",
    "reportedCurrency": "USD",
    "cik": "0001090012",
    "fillingDate": "2020-05-06",
    "acceptedDate": "2020-05-06 11:01:57",
    "calendarYear": "2020",
    "period": "Q1",
    "revenue": 2605000000,
    "costOfRevenue": 1409000000,
    "grossProfit": 1196000000,
    "grossProfitRatio": 0.4591170825,
    "researchAndDevelopmentExpenses": 0,
    "generalAndAdministrativeExpenses": 0,
    "sellingAndMarketingExpenses": 0,
    "sellingGeneralAndAdministrativeExpenses": 102000000,
    "otherExpenses": 0,
    "operatingExpenses": 102000000,
    "costAndExpenses": 1511000000,
    "interestIncome": 5000000,
    "interestExpense": 70000000,
    "depreciationAndAmortization": 401000000,
    "ebitda": -1636000000,
    "ebitdaratio": -0.6280230326,
    "operatingIncome": 1094000000,
    "operatingIncomeRatio": 0.4199616123,
    "totalOtherIncomeExpensesNet": -3201000000,
    "incomeBeforeTax": -2107000000,
    "incomeBeforeTaxRatio": -0.8088291747,
    "incomeTaxExpense": -417000000,
    "netIncome": -1816000000,
    "netIncomeRatio": -0.6971209213,
    "eps": -4.82,
    "epsdiluted": -4.82,
    "weightedAverageShsOut": 376837416,
    "weightedAverageShsOutDil": 377000000,
    "link": "https://www.sec.gov/Archives/edgar/data/1090012/000156459020021639/0001564590-20-021639-index.htm",
    "finalLink": "https://www.sec.gov/Archives/edgar/data/1090012/000156459020021639/dvn-10q_20200331.htm"
  },
  {
    "date": "2019-12-31",
    "symbol": "DVN",
    "reportedCurrency": "USD",
    "cik": "0001090012",
    "fillingDate": "2020-02-19",
    "acceptedDate": "2020-02-19 12:03:54",
    "calendarYear": "2019",
    "period": "Q4",
    "revenue": 1705000000,
    "costOfRevenue": 1400000000,
    "grossProfit": 305000000,
    "grossProfitRatio": 0.1788856305,
    "researchAndDevelopmentExpenses": 0,
    "generalAndAdministrativeExpenses": 0,
    "sellingAndMarketingExpenses": 0,
    "sellingGeneralAndAdministrativeExpenses": 119000000,
    "otherExpenses": 0,
    "operatingExpenses": 119000000,
    "costAndExpenses": 1519000000,
    "interestIncome": 0,
    "interestExpense": 64000000,
    "depreciationAndAmortization": 385000000,
    "ebitda": 428000000,
    "ebitdaratio": 0.251026393,
    "operatingIncome": 186000000,
    "operatingIncomeRatio": 0.1090909091,
    "totalOtherIncomeExpensesNet": -207000000,
    "incomeBeforeTax": -21000000,
    "incomeBeforeTaxRatio": -0.0123167155,
    "incomeTaxExpense": -33000000,
    "netIncome": -642000000,
    "netIncomeRatio": -0.3765395894,
    "eps": -1.68,
    "epsdiluted": -1.67,
    "weightedAverageShsOut": 383000000,
    "weightedAverageShsOutDil": 385000000,
    "link": "https://www.sec.gov/Archives/edgar/data/1090012/000156459020005182/0001564590-20-005182-index.htm",
    "finalLink": "https://www.sec.gov/Archives/edgar/data/1090012/000156459020005182/dvn-10k_20191231.htm"
  },
  {
    "date": "2019-09-30",
    "symbol": "DVN",
    "reportedCurrency": "USD",
    "cik": "0001090012",
    "fillingDate": "2019-11-06",
    "acceptedDate": "2019-11-06 12:02:57",
    "calendarYear": "2019",
    "period": "Q3",
    "revenue": 1731000000,
    "costOfRevenue": 1377000000,
    "grossProfit": 354000000,
    "grossProfitRatio": 0.2045060659,
    "researchAndDevelopmentExpenses": 0,
    "generalAndAdministrativeExpenses": 0,
    "sellingAndMarketingExpenses": 0,
    "sellingGeneralAndAdministrativeExpenses": 107000000,
    "otherExpenses": 0,
    "operatingExpenses": 107000000,
    "costAndExpenses": 1484000000,
    "interestIncome": 0,
    "interestExpense": 60000000,
    "depreciationAndAmortization": 381000000,
    "ebitda": 641000000,
    "ebitdaratio": 0.3703061814,
    "operatingIncome": 247000000,
    "operatingIncomeRatio": 0.1426920855,
    "totalOtherIncomeExpensesNet": -57000000,
    "incomeBeforeTax": 194000000,
    "incomeBeforeTaxRatio": 0.1120739457,
    "incomeTaxExpense": 55000000,
    "netIncome": 109000000,
    "netIncomeRatio": 0.0629693819,
    "eps": 0.27,
    "epsdiluted": 0.27,
    "weightedAverageShsOut": 397000000,
    "weightedAverageShsOutDil": 399000000,
    "link": "https://www.sec.gov/Archives/edgar/data/1090012/000156459019040774/0001564590-19-040774-index.htm",
    "finalLink": "https://www.sec.gov/Archives/edgar/data/1090012/000156459019040774/dvn-10q_20190930.htm"
  },
  {
    "date": "2019-06-30",
    "symbol": "DVN",
    "reportedCurrency": "USD",
    "cik": "0001090012",
    "fillingDate": "2019-08-07",
    "acceptedDate": "2019-08-07 12:02:39",
    "calendarYear": "2019",
    "period": "Q2",
    "revenue": 1900000000,
    "costOfRevenue": 1390000000,
    "grossProfit": 510000000,
    "grossProfitRatio": 0.2684210526,
    "researchAndDevelopmentExpenses": 0,
    "generalAndAdministrativeExpenses": 0,
    "sellingAndMarketingExpenses": 0,
    "sellingGeneralAndAdministrativeExpenses": 114000000,
    "otherExpenses": 0,
    "operatingExpenses": 114000000,
    "costAndExpenses": 1504000000,
    "interestIncome": 0,
    "interestExpense": 66000000,
    "depreciationAndAmortization": 374000000,
    "ebitda": 666000000,
    "ebitdaratio": 0.3505263158,
    "operatingIncome": 396000000,
    "operatingIncomeRatio": 0.2084210526,
    "totalOtherIncomeExpensesNet": -177000000,
    "incomeBeforeTax": 237000000,
    "incomeBeforeTaxRatio": 0.1247368421,
    "incomeTaxExpense": 71000000,
    "netIncome": 495000000,
    "netIncomeRatio": 0.2605263158,
    "eps": 1.2,
    "epsdiluted": 1.19,
    "weightedAverageShsOut": 415000000,
    "weightedAverageShsOutDil": 417000000,
    "link": "https://www.sec.gov/Archives/edgar/data/1090012/000156459019029786/0001564590-19-029786-index.htm",
    "finalLink": "https://www.sec.gov/Archives/edgar/data/1090012/000156459019029786/dvn-10q_20190630.htm"
  },
  {
    "date": "2019-03-31",
    "symbol": "DVN",
    "reportedCurrency": "USD",
    "cik": "0001090012",
    "fillingDate": "2019-05-01",
    "acceptedDate": "2019-05-01 12:02:07",
    "calendarYear": "2019",
    "period": "Q1",
    "revenue": 406000000,
    "costOfRevenue": 1397000000,
    "grossProfit": -991000000,
    "grossProfitRatio": -2.4408866995,
    "researchAndDevelopmentExpenses": 0,
    "generalAndAdministrativeExpenses": 0,
    "sellingAndMarketingExpenses": 0,
    "sellingGeneralAndAdministrativeExpenses": 135000000,
    "otherExpenses": 0,
    "operatingExpenses": 135000000,
    "costAndExpenses": 1532000000,
    "interestIncome": 11000000,
    "interestExpense": 71000000,
    "depreciationAndAmortization": 360000000,
    "ebitda": -66000000,
    "ebitdaratio": -0.1625615764,
    "operatingIncome": -1126000000,
    "operatingIncomeRatio": -2.7733990148,
    "totalOtherIncomeExpensesNet": 629000000,
    "incomeBeforeTax": -427000000,
    "incomeBeforeTaxRatio": -1.0517241379,
    "incomeTaxExpense": -110000000,
    "netIncome": -317000000,
    "netIncomeRatio": -0.7807881773,
    "eps": -0.74,
    "epsdiluted": -0.73,
    "weightedAverageShsOut": 427491926,
    "weightedAverageShsOutDil": 434000000,
    "link": "https://www.sec.gov/Archives/edgar/data/1090012/000156459019014637/0001564590-19-014637-index.htm",
    "finalLink": "https://www.sec.gov/Archives/edgar/data/1090012/000156459019014637/dvn-10q_20190331.htm"
  },
  {
    "date": "2018-12-31",
    "symbol": "DVN",
    "reportedCurrency": "USD",
    "cik": "0001090012",
    "fillingDate": "2019-02-20",
    "acceptedDate": "2019-02-20 12:18:53",
    "calendarYear": "2018",
    "period": "Q4",
    "revenue": 2097000000,
    "costOfRevenue": 1742000000,
    "grossProfit": 355000000,
    "grossProfitRatio": 0.1692894611,
    "researchAndDevelopmentExpenses": 0,
    "generalAndAdministrativeExpenses": 0,
    "sellingAndMarketingExpenses": 0,
    "sellingGeneralAndAdministrativeExpenses": 136000000,
    "otherExpenses": 0,
    "operatingExpenses": 136000000,
    "costAndExpenses": 1878000000,
    "interestIncome": 0,
    "interestExpense": 70000000,
    "depreciationAndAmortization": 337000000,
    "ebitda": 2195000000,
    "ebitdaratio": 1.0467334287,
    "operatingIncome": 219000000,
    "operatingIncomeRatio": 0.104434907,
    "totalOtherIncomeExpensesNet": 1580000000,
    "incomeBeforeTax": 1484000000,
    "incomeBeforeTaxRatio": 0.7076776347,
    "incomeTaxExpense": 335000000,
    "netIncome": 1149000000,
    "netIncomeRatio": 0.547925608,
    "eps": 2.5,
    "epsdiluted": 2.48,
    "weightedAverageShsOut": 459000000,
    "weightedAverageShsOutDil": 462000000,
    "link": "https://www.sec.gov/Archives/edgar/data/1090012/000156459019003382/0001564590-19-003382-index.htm",
    "finalLink": "https://www.sec.gov/Archives/edgar/data/1090012/000156459019003382/dvn-10k_20181231.htm"
  },
  {
    "date": "2018-09-30",
    "symbol": "DVN",
    "reportedCurrency": "USD",
    "cik": "0001090012",
    "fillingDate": "2018-11-07",
    "acceptedDate": "2018-11-07 12:02:42",
    "calendarYear": "2018",
    "period": "Q3",
    "revenue": 2532000000,
    "costOfRevenue": 1982000000,
    "grossProfit": 550000000,
    "grossProfitRatio": 0.2172195893,
    "researchAndDevelopmentExpenses": 0,
    "generalAndAdministrativeExpenses": 0,
    "sellingAndMarketingExpenses": 0,
    "sellingGeneralAndAdministrativeExpenses": 128000000,
    "otherExpenses": 0,
    "operatingExpenses": 128000000,
    "costAndExpenses": 2110000000,
    "interestIncome": 0,
    "interestExpense": 68000000,
    "depreciationAndAmortization": 342000000,
    "ebitda": 395000000,
    "ebitdaratio": 0.1560031596,
    "operatingIncome": 422000000,
    "operatingIncomeRatio": 0.1666666667,
    "totalOtherIncomeExpensesNet": -437000000,
    "incomeBeforeTax": 162000000,
    "incomeBeforeTaxRatio": 0.0639810427,
    "incomeTaxExpense": -138000000,
    "netIncome": 2537000000,
    "netIncomeRatio": 1.0019747235,
    "eps": 5.17,
    "epsdiluted": 5.14,
    "weightedAverageShsOut": 491000000,
    "weightedAverageShsOutDil": 494000000,
    "link": "https://www.sec.gov/Archives/edgar/data/1090012/000156459018027813/0001564590-18-027813-index.htm",
    "finalLink": "https://www.sec.gov/Archives/edgar/data/1090012/000156459018027813/dvn-10q_20180930.htm"
  },
  {
    "date": "2018-06-30",
    "symbol": "DVN",
    "reportedCurrency": "USD",
    "cik": "0001090012",
    "fillingDate": "2018-08-01",
    "acceptedDate": "2018-08-01 12:02:19",
    "calendarYear": "2018",
    "period": "Q2",
    "revenue": 2410000000,
    "costOfRevenue": 1959000000,
    "grossProfit": 451000000,
    "grossProfitRatio": 0.1871369295,
    "researchAndDevelopmentExpenses": 0,
    "generalAndAdministrativeExpenses": 0,
    "sellingAndMarketingExpenses": 0,
    "sellingGeneralAndAdministrativeExpenses": 135000000,
    "otherExpenses": 0,
    "operatingExpenses": 135000000,
    "costAndExpenses": 2094000000,
    "interestIncome": 0,
    "interestExpense": 68000000,
    "depreciationAndAmortization": 395000000,
    "ebitda": -24000000,
    "ebitdaratio": -0.0099585062,
    "operatingIncome": 316000000,
    "operatingIncomeRatio": 0.131120332,
    "totalOtherIncomeExpensesNet": -799000000,
    "incomeBeforeTax": -481000000,
    "incomeBeforeTaxRatio": -0.1995850622,
    "incomeTaxExpense": -7000000,
    "netIncome": -425000000,
    "netIncomeRatio": -0.1763485477,
    "eps": -0.82,
    "epsdiluted": -0.81,
    "weightedAverageShsOut": 521000000,
    "weightedAverageShsOutDil": 524000000,
    "link": "https://www.sec.gov/Archives/edgar/data/1090012/000156459018018317/0001564590-18-018317-index.htm",
    "finalLink": "https://www.sec.gov/Archives/edgar/data/1090012/000156459018018317/dvn-10q_20180630.htm"
  },
  {
    "date": "2018-03-31",
    "symbol": "DVN",
    "reportedCurrency": "USD",
    "cik": "0001090012",
    "fillingDate": "2018-05-02",
    "acceptedDate": "2018-05-02 12:01:37",
    "calendarYear": "2018",
    "period": "Q1",
    "revenue": 2239000000,
    "costOfRevenue": 1864000000,
    "grossProfit": 375000000,
    "grossProfitRatio": 0.1674854846,
    "researchAndDevelopmentExpenses": 0,
    "generalAndAdministrativeExpenses": 0,
    "sellingAndMarketingExpenses": 0,
    "sellingGeneralAndAdministrativeExpenses": 199000000,
    "otherExpenses": 0,
    "operatingExpenses": 199000000,
    "costAndExpenses": 2063000000,
    "interestIncome": 3000000,
    "interestExpense": 431000000,
    "depreciationAndAmortization": 415000000,
    "ebitda": 245000000,
    "ebitdaratio": 0.1094238499,
    "operatingIncome": 176000000,
    "operatingIncomeRatio": 0.0786065208,
    "totalOtherIncomeExpensesNet": -421000000,
    "incomeBeforeTax": -181000000,
    "incomeBeforeTaxRatio": -0.0808396606,
    "incomeTaxExpense": -28000000,
    "netIncome": -197000000,
    "netIncomeRatio": -0.0879857079,
    "eps": -0.38,
    "epsdiluted": -0.38,
    "weightedAverageShsOut": 518421053,
    "weightedAverageShsOutDil": 518421053,
    "link": "https://www.sec.gov/Archives/edgar/data/1090012/000156459018010177/0001564590-18-010177-index.htm",
    "finalLink": "https://www.sec.gov/Archives/edgar/data/1090012/000156459018010177/dvn-10q_20180331.htm"
  },
  {
    "date": "2017-12-31",
    "symbol": "DVN",
    "reportedCurrency": "USD",
    "cik": "0001090012",
    "fillingDate": "2018-02-21",
    "acceptedDate": "2018-02-21 12:03:34",
    "calendarYear": "2017",
    "period": "Q4",
    "revenue": 2540999896,
    "costOfRevenue": 2087000000,
    "grossProfit": 453999896,
    "grossProfitRatio": 0.1786697814,
    "researchAndDevelopmentExpenses": 0,
    "generalAndAdministrativeExpenses": 0,
    "sellingAndMarketingExpenses": 0,
    "sellingGeneralAndAdministrativeExpenses": 191000000,
    "otherExpenses": 0,
    "operatingExpenses": 191000000,
    "costAndExpenses": 2278000000,
    "interestIncome": 0,
    "interestExpense": 79000000,
    "depreciationAndAmortization": 542000000,
    "ebitda": 667000000,
    "ebitdaratio": 0.2624950914,
    "operatingIncome": 262999895,
    "operatingIncomeRatio": 0.103502521,
    "totalOtherIncomeExpensesNet": -216999895,
    "incomeBeforeTax": 100000000,
    "incomeBeforeTaxRatio": 0.0393545864,
    "incomeTaxExpense": -204000000,
    "netIncome": 183000000,
    "netIncomeRatio": 0.0720188931,
    "eps": 0.35,
    "epsdiluted": 0.35,
    "weightedAverageShsOut": 525000000,
    "weightedAverageShsOutDil": 528000000,
    "link": "https://www.sec.gov/Archives/edgar/data/1090012/000156459018002582/0001564590-18-002582-index.htm",
    "finalLink": "https://www.sec.gov/Archives/edgar/data/1090012/000156459018002582/dvn-10k_20171231.htm"
  },
  {
    "date": "2017-09-30",
    "symbol": "DVN",
    "reportedCurrency": "USD",
    "cik": "0001090012",
    "fillingDate": "2017-11-01",
    "acceptedDate": "2017-11-01 12:02:18",
    "calendarYear": "2017",
    "period": "Q3",
    "revenue": 2077000000,
    "costOfRevenue": 1734000000,
    "grossProfit": 343000000,
    "grossProfitRatio": 0.1651420318,
    "researchAndDevelopmentExpenses": 0,
    "generalAndAdministrativeExpenses": 0,
    "sellingAndMarketingExpenses": 0,
    "sellingGeneralAndAdministrativeExpenses": 170000000,
    "otherExpenses": 0,
    "operatingExpenses": 170000000,
    "costAndExpenses": 1904000000,
    "interestIncome": 1000000,
    "interestExpense": 127000000,
    "depreciationAndAmortization": 404000000,
    "ebitda": 689000000,
    "ebitdaratio": 0.3317284545,
    "operatingIncome": 173000000,
    "operatingIncomeRatio": 0.0832932114,
    "totalOtherIncomeExpensesNet": 34000000,
    "incomeBeforeTax": 272000000,
    "incomeBeforeTaxRatio": 0.1309581127,
    "incomeTaxExpense": 25000000,
    "netIncome": 228000000,
    "netIncomeRatio": 0.1097737121,
    "eps": 0.43,
    "epsdiluted": 0.43,
    "weightedAverageShsOut": 526000000,
    "weightedAverageShsOutDil": 529000000,
    "link": "https://www.sec.gov/Archives/edgar/data/1090012/000156459017020684/0001564590-17-020684-index.htm",
    "finalLink": "https://www.sec.gov/Archives/edgar/data/1090012/000156459017020684/dvn-10q_20170930.htm"
  },
  {
    "date": "2017-06-30",
    "symbol": "DVN",
    "reportedCurrency": "USD",
    "cik": "0001090012",
    "fillingDate": "2017-08-02",
    "acceptedDate": "2017-08-02 12:01:51",
    "calendarYear": "2017",
    "period": "Q2",
    "revenue": 2035000000,
    "costOfRevenue": 1744000000,
    "grossProfit": 291000000,
    "grossProfitRatio": 0.142997543,
    "researchAndDevelopmentExpenses": 0,
    "generalAndAdministrativeExpenses": 0,
    "sellingAndMarketingExpenses": 0,
    "sellingGeneralAndAdministrativeExpenses": 181000000,
    "otherExpenses": 0,
    "operatingExpenses": 181000000,
    "costAndExpenses": 1925000000,
    "interestIncome": 5000000,
    "interestExpense": 116000000,
    "depreciationAndAmortization": 383000000,
    "ebitda": 667000000,
    "ebitdaratio": 0.3277641278,
    "operatingIncome": 110000000,
    "operatingIncomeRatio": 0.0540540541,
    "totalOtherIncomeExpensesNet": 97000000,
    "incomeBeforeTax": 458000000,
    "incomeBeforeTaxRatio": 0.2250614251,
    "incomeTaxExpense": 7000000,
    "netIncome": 425000000,
    "netIncomeRatio": 0.2088452088,
    "eps": 0.81,
    "epsdiluted": 0.8,
    "weightedAverageShsOut": 526000000,
    "weightedAverageShsOutDil": 529000000,
    "link": "https://www.sec.gov/Archives/edgar/data/1090012/000156459017014800/0001564590-17-014800-index.htm",
    "finalLink": "https://www.sec.gov/Archives/edgar/data/1090012/000156459017014800/dvn-10q_20170630.htm"
  },
  {
    "date": "2017-03-31",
    "symbol": "DVN",
    "reportedCurrency": "USD",
    "cik": "0001090012",
    "fillingDate": "2017-05-03",
    "acceptedDate": "2017-05-03 12:02:19",
    "calendarYear": "2017",
    "period": "Q1",
    "revenue": 3315000000,
    "costOfRevenue": 2570000000,
    "grossProfit": 745000000,
    "grossProfitRatio": 0.2247360483,
    "researchAndDevelopmentExpenses": 0,
    "generalAndAdministrativeExpenses": 0,
    "sellingAndMarketingExpenses": 0,
    "sellingGeneralAndAdministrativeExpenses": 181000000,
    "otherExpenses": -83000000,
    "operatingExpenses": 264000000,
    "costAndExpenses": 2834000000,
    "interestIncome": 0,
    "interestExpense": 127000000,
    "depreciationAndAmortization": 398000000,
    "ebitda": 1123000000,
    "ebitdaratio": 0.3387631976,
    "operatingIncome": 481000000,
    "operatingIncomeRatio": 0.1450980392,
    "totalOtherIncomeExpensesNet": 117000000,
    "incomeBeforeTax": 598000000,
    "incomeBeforeTaxRatio": 0.1803921569,
    "incomeTaxExpense": 19000000,
    "netIncome": 565000000,
    "netIncomeRatio": 0.1704374057,
    "eps": 1.08,
    "epsdiluted": 1.07,
    "weightedAverageShsOut": 525000000,
    "weightedAverageShsOutDil": 528000000,
    "link": "https://www.sec.gov/Archives/edgar/data/1090012/000156459017008268/0001564590-17-008268-index.htm",
    "finalLink": "https://www.sec.gov/Archives/edgar/data/1090012/000156459017008268/dvn-10q_20170331.htm"
  },
  {
    "date": "2016-12-31",
    "symbol": "DVN",
    "reportedCurrency": "USD",
    "cik": "0001090012",
    "fillingDate": "2017-02-15",
    "acceptedDate": "2017-02-15 12:02:34",
    "calendarYear": "2016",
    "period": "Q4",
    "revenue": 2979000000,
    "costOfRevenue": 2347000000,
    "grossProfit": 632000000,
    "grossProfitRatio": 0.2121517288,
    "researchAndDevelopmentExpenses": 0,
    "generalAndAdministrativeExpenses": 0,
    "sellingAndMarketingExpenses": 0,
    "sellingGeneralAndAdministrativeExpenses": 163000000,
    "otherExpenses": -78000000,
    "operatingExpenses": 241000000,
    "costAndExpenses": 2588000000,
    "interestIncome": 4000000,
    "interestExpense": 334000000,
    "depreciationAndAmortization": 372000000,
    "ebitda": 1081000000,
    "ebitdaratio": 0.3628734475,
    "operatingIncome": 391000000,
    "operatingIncomeRatio": 0.131252098,
    "totalOtherIncomeExpensesNet": -16000000,
    "incomeBeforeTax": 375000000,
    "incomeBeforeTaxRatio": 0.1258811682,
    "incomeTaxExpense": 55000000,
    "netIncome": 331000000,
    "netIncomeRatio": 0.1111111111,
    "eps": 0.63,
    "epsdiluted": 0.63,
    "weightedAverageShsOut": 524000000,
    "weightedAverageShsOutDil": 527000000,
    "link": "https://www.sec.gov/Archives/edgar/data/1090012/000156459017001607/0001564590-17-001607-index.htm",
    "finalLink": "https://www.sec.gov/Archives/edgar/data/1090012/000156459017001607/dvn-10k_20161231.htm"
  },
  {
    "date": "2016-09-30",
    "symbol": "DVN",
    "reportedCurrency": "USD",
    "cik": "0001090012",
    "fillingDate": "2016-11-02",
    "acceptedDate": "2016-11-02 12:25:57",
    "calendarYear": "2016",
    "period": "Q3",
    "revenue": 2804000000,
    "costOfRevenue": 2229000000,
    "grossProfit": 575000000,
    "grossProfitRatio": 0.205064194,
    "researchAndDevelopmentExpenses": 0,
    "generalAndAdministrativeExpenses": 0,
    "sellingAndMarketingExpenses": 0,
    "sellingGeneralAndAdministrativeExpenses": 141000000,
    "otherExpenses": -84000000,
    "operatingExpenses": 225000000,
    "costAndExpenses": 2454000000,
    "interestIncome": 2000000,
    "interestExpense": 161000000,
    "depreciationAndAmortization": 394000000,
    "ebitda": 1733000000,
    "ebitdaratio": 0.6180456491,
    "operatingIncome": 350000000,
    "operatingIncomeRatio": 0.1248216833,
    "totalOtherIncomeExpensesNet": 828000000,
    "incomeBeforeTax": 1178000000,
    "incomeBeforeTaxRatio": 0.4201141227,
    "incomeTaxExpense": 171000000,
    "netIncome": 993000000,
    "netIncomeRatio": 0.3541369472,
    "eps": 1.9,
    "epsdiluted": 1.89,
    "weightedAverageShsOut": 524000000,
    "weightedAverageShsOutDil": 527000000,
    "link": "https://www.sec.gov/Archives/edgar/data/1090012/000156459016026889/0001564590-16-026889-index.htm",
    "finalLink": "https://www.sec.gov/Archives/edgar/data/1090012/000156459016026889/dvn-10q_20160930.htm"
  },
  {
    "date": "2016-06-30",
    "symbol": "DVN",
    "reportedCurrency": "USD",
    "cik": "0001090012",
    "fillingDate": "2016-08-03",
    "acceptedDate": "2016-08-03 12:40:59",
    "calendarYear": "2016",
    "period": "Q2",
    "revenue": 2488000000,
    "costOfRevenue": 1897000000,
    "grossProfit": 591000000,
    "grossProfitRatio": 0.2375401929,
    "researchAndDevelopmentExpenses": 0,
    "generalAndAdministrativeExpenses": 147000000,
    "sellingAndMarketingExpenses": 0,
    "sellingGeneralAndAdministrativeExpenses": 147000000,
    "otherExpenses": -85000000,
    "operatingExpenses": 567000000,
    "costAndExpenses": 2464000000,
    "interestIncome": 2000000,
    "interestExpense": 163000000,
    "depreciationAndAmortization": 484000000,
    "ebitda": -1261000000,
    "ebitdaratio": -0.5068327974,
    "operatingIncome": -1497000000,
    "operatingIncomeRatio": -0.6016881029,
    "totalOtherIncomeExpensesNet": -248000000,
    "incomeBeforeTax": -1745000000,
    "incomeBeforeTaxRatio": -0.7013665595,
    "incomeTaxExpense": -182000000,
    "netIncome": -1570000000,
    "netIncomeRatio": -0.6310289389,
    "eps": -3,
    "epsdiluted": -3,
    "weightedAverageShsOut": 522730044,
    "weightedAverageShsOutDil": 524000000,
    "link": "https://www.sec.gov/Archives/edgar/data/1090012/000156459016022255/0001564590-16-022255-index.htm",
    "finalLink": "https://www.sec.gov/Archives/edgar/data/1090012/000156459016022255/dvn-10q_20160630.htm"
  },
  {
    "date": "2016-03-31",
    "symbol": "DVN",
    "reportedCurrency": "USD",
    "cik": "0001090012",
    "fillingDate": "2016-05-04",
    "acceptedDate": "2016-05-04 13:21:15",
    "calendarYear": "2016",
    "period": "Q1",
    "revenue": 2126000000,
    "costOfRevenue": 1686000000,
    "grossProfit": 440000000,
    "grossProfitRatio": 0.2069614299,
    "researchAndDevelopmentExpenses": 0,
    "generalAndAdministrativeExpenses": 194000000,
    "sellingAndMarketingExpenses": 0,
    "sellingGeneralAndAdministrativeExpenses": 194000000,
    "otherExpenses": -21000000,
    "operatingExpenses": 658000000,
    "costAndExpenses": 2344000000,
    "interestIncome": 1000000,
    "interestExpense": 164000000,
    "depreciationAndAmortization": 542000000,
    "ebitda": -3143000000,
    "ebitdaratio": -1.4783631232,
    "operatingIncome": -3500000000,
    "operatingIncomeRatio": -1.6462841016,
    "totalOtherIncomeExpensesNet": -185000000,
    "incomeBeforeTax": -3685000000,
    "incomeBeforeTaxRatio": -1.7333019755,
    "incomeTaxExpense": -217000000,
    "netIncome": -3056000000,
    "netIncomeRatio": -1.4374412041,
    "eps": -6.45,
    "epsdiluted": -6.38,
    "weightedAverageShsOut": 474000028,
    "weightedAverageShsOutDil": 479000000,
    "link": "https://www.sec.gov/Archives/edgar/data/1090012/000119312516577021/0001193125-16-577021-index.htm",
    "finalLink": "https://www.sec.gov/Archives/edgar/data/1090012/000119312516577021/d172210d10q.htm"
  },
  {
    "date": "2015-12-31",
    "symbol": "DVN",
    "reportedCurrency": "USD",
    "cik": "0001090012",
    "fillingDate": "2016-02-17",
    "acceptedDate": "2016-02-17 13:00:59",
    "calendarYear": "2015",
    "period": "Q4",
    "revenue": 2886000000,
    "costOfRevenue": 2195000000,
    "grossProfit": 691000000,
    "grossProfitRatio": 0.2394317394,
    "researchAndDevelopmentExpenses": 0,
    "generalAndAdministrativeExpenses": 194000000,
    "sellingAndMarketingExpenses": 0,
    "sellingGeneralAndAdministrativeExpenses": 194000000,
    "otherExpenses": 22000000,
    "operatingExpenses": 699000000,
    "costAndExpenses": 2894000000,
    "interestIncome": 1000000,
    "interestExpense": 139000000,
    "depreciationAndAmortization": 641000000,
    "ebitda": -3149000000,
    "ebitdaratio": -1.0911295911,
    "operatingIncome": -5425000000,
    "operatingIncomeRatio": -1.8797643798,
    "totalOtherIncomeExpensesNet": -117000000,
    "incomeBeforeTax": -5542000000,
    "incomeBeforeTaxRatio": -1.9203049203,
    "incomeTaxExpense": -630000000,
    "netIncome": -4532000000,
    "netIncomeRatio": -1.5703395703,
    "eps": -10.99,
    "epsdiluted": -10.97,
    "weightedAverageShsOut": 412258985,
    "weightedAverageShsOutDil": 413000000,
    "link": "https://www.sec.gov/Archives/edgar/data/1090012/000119312516466687/0001193125-16-466687-index.htm",
    "finalLink": "https://www.sec.gov/Archives/edgar/data/1090012/000119312516466687/d109858d10k.htm"
  },
  {
    "date": "2015-09-30",
    "symbol": "DVN",
    "reportedCurrency": "USD",
    "cik": "0001090012",
    "fillingDate": "2015-11-04",
    "acceptedDate": "2015-11-04 12:47:28",
    "calendarYear": "2015",
    "period": "Q3",
    "revenue": 3601000000,
    "costOfRevenue": 2472000000,
    "grossProfit": 1129000000,
    "grossProfitRatio": 0.3135240211,
    "researchAndDevelopmentExpenses": 0,
    "generalAndAdministrativeExpenses": 198000000,
    "sellingAndMarketingExpenses": 0,
    "sellingGeneralAndAdministrativeExpenses": 198000000,
    "otherExpenses": -43000000,
    "operatingExpenses": 719000000,
    "costAndExpenses": 3191000000,
    "interestIncome": 2000000,
    "interestExpense": 136000000,
    "depreciationAndAmortization": 744000000,
    "ebitda": -4477000000,
    "ebitdaratio": -1.2432657595,
    "operatingIncome": -5444000000,
    "operatingIncomeRatio": -1.5118022771,
    "totalOtherIncomeExpensesNet": -179000000,
    "incomeBeforeTax": -5623000000,
    "incomeBeforeTaxRatio": -1.5615106915,
    "incomeTaxExpense": -1714000000,
    "netIncome": -3507000000,
    "netIncomeRatio": -0.97389614,
    "eps": -8.64,
    "epsdiluted": -8.53,
    "weightedAverageShsOut": 406000004,
    "weightedAverageShsOutDil": 411000000,
    "link": "https://www.sec.gov/Archives/edgar/data/1090012/000119312515365650/0001193125-15-365650-index.htm",
    "finalLink": "https://www.sec.gov/Archives/edgar/data/1090012/000119312515365650/d23744d10q.htm"
  },
  {
    "date": "2015-06-30",
    "symbol": "DVN",
    "reportedCurrency": "USD",
    "cik": "0001090012",
    "fillingDate": "2015-08-05",
    "acceptedDate": "2015-08-05 14:44:08",
    "calendarYear": "2015",
    "period": "Q2",
    "revenue": 3393000000,
    "costOfRevenue": 2793000000,
    "grossProfit": 600000000,
    "grossProfitRatio": 0.1768346596,
    "researchAndDevelopmentExpenses": 0,
    "generalAndAdministrativeExpenses": 212000000,
    "sellingAndMarketingExpenses": 0,
    "sellingGeneralAndAdministrativeExpenses": 212000000,
    "otherExpenses": 9000000,
    "operatingExpenses": 796000000,
    "costAndExpenses": 3589000000,
    "interestIncome": 1000000,
    "interestExpense": 125000000,
    "depreciationAndAmortization": 814000000,
    "ebitda": -3688000000,
    "ebitdaratio": -1.0869437076,
    "operatingIncome": -4363000000,
    "operatingIncomeRatio": -1.2858826997,
    "totalOtherIncomeExpensesNet": -116000000,
    "incomeBeforeTax": -4479000000,
    "incomeBeforeTaxRatio": -1.3200707339,
    "incomeTaxExpense": -1686000000,
    "netIncome": -2816000000,
    "netIncomeRatio": -0.8299440024,
    "eps": -6.94,
    "epsdiluted": -6.85,
    "weightedAverageShsOut": 405907780,
    "weightedAverageShsOutDil": 411000000,
    "link": "https://www.sec.gov/Archives/edgar/data/1090012/000119312515278454/0001193125-15-278454-index.htm",
    "finalLink": "https://www.sec.gov/Archives/edgar/data/1090012/000119312515278454/d26549d10q.htm"
  },
  {
    "date": "2015-03-31",
    "symbol": "DVN",
    "reportedCurrency": "USD",
    "cik": "0001090012",
    "fillingDate": "2015-05-06",
    "acceptedDate": "2015-05-06 13:32:27",
    "calendarYear": "2015",
    "period": "Q1",
    "revenue": 3265000000,
    "costOfRevenue": 2477000000,
    "grossProfit": 788000000,
    "grossProfitRatio": 0.2413476263,
    "researchAndDevelopmentExpenses": 0,
    "generalAndAdministrativeExpenses": 251000000,
    "sellingAndMarketingExpenses": 0,
    "sellingGeneralAndAdministrativeExpenses": 251000000,
    "otherExpenses": -12000000,
    "operatingExpenses": 823000000,
    "costAndExpenses": 3300000000,
    "interestIncome": 2000000,
    "interestExpense": 117000000,
    "depreciationAndAmortization": 930000000,
    "ebitda": -4704000000,
    "ebitdaratio": -1.4407350689,
    "operatingIncome": -5495000000,
    "operatingIncomeRatio": -1.6830015314,
    "totalOtherIncomeExpensesNet": -129000000,
    "incomeBeforeTax": -5624000000,
    "incomeBeforeTaxRatio": -1.7225114855,
    "incomeTaxExpense": -2035000000,
    "netIncome": -3599000000,
    "netIncomeRatio": -1.1022970904,
    "eps": -8.87,
    "epsdiluted": -8.78,
    "weightedAverageShsOut": 405862457,
    "weightedAverageShsOutDil": 410000000,
    "link": "https://www.sec.gov/Archives/edgar/data/1090012/000119312515174003/0001193125-15-174003-index.htm",
    "finalLink": "https://www.sec.gov/Archives/edgar/data/1090012/000119312515174003/d913733d10q.htm"
  },
  {
    "date": "2014-12-31",
    "symbol": "DVN",
    "reportedCurrency": "USD",
    "cik": "0001090012",
    "fillingDate": "2015-02-20",
    "acceptedDate": "2015-02-20 17:03:04",
    "calendarYear": "2014",
    "period": "Q4",
    "revenue": 5995000000,
    "costOfRevenue": 2741000000,
    "grossProfit": 3254000000,
    "grossProfitRatio": 0.5427856547,
    "researchAndDevelopmentExpenses": 0,
    "generalAndAdministrativeExpenses": 252000000,
    "sellingAndMarketingExpenses": 0,
    "sellingGeneralAndAdministrativeExpenses": 252000000,
    "otherExpenses": -2000000,
    "operatingExpenses": 839000000,
    "costAndExpenses": 3580000000,
    "interestIncome": 3000000,
    "interestExpense": 167000000,
    "depreciationAndAmortization": 910000000,
    "ebitda": 1334000000,
    "ebitdaratio": 0.2225187656,
    "operatingIncome": 460000000,
    "operatingIncomeRatio": 0.0767306088,
    "totalOtherIncomeExpensesNet": -169000000,
    "incomeBeforeTax": 291000000,
    "incomeBeforeTaxRatio": 0.0485404504,
    "incomeTaxExpense": 670000000,
    "netIncome": -408000000,
    "netIncomeRatio": -0.0680567139,
    "eps": -1,
    "epsdiluted": -1,
    "weightedAverageShsOut": 409000000,
    "weightedAverageShsOutDil": 409000000,
    "link": "https://www.sec.gov/Archives/edgar/data/1090012/000119312515056497/0001193125-15-056497-index.htm",
    "finalLink": "https://www.sec.gov/Archives/edgar/data/1090012/000119312515056497/d859923d10k.htm"
  },
  {
    "date": "2014-09-30",
    "symbol": "DVN",
    "reportedCurrency": "USD",
    "cik": "0001090012",
    "fillingDate": "2014-11-05",
    "acceptedDate": "2014-11-05 12:01:51",
    "calendarYear": "2014",
    "period": "Q3",
    "revenue": 5336000000,
    "costOfRevenue": 2763000000,
    "grossProfit": 2573000000,
    "grossProfitRatio": 0.4821964018,
    "researchAndDevelopmentExpenses": 0,
    "generalAndAdministrativeExpenses": 195000000,
    "sellingAndMarketingExpenses": 0,
    "sellingGeneralAndAdministrativeExpenses": 195000000,
    "otherExpenses": -4000000,
    "operatingExpenses": 797000000,
    "costAndExpenses": 3560000000,
    "interestIncome": 2000000,
    "interestExpense": 116000000,
    "depreciationAndAmortization": 842000000,
    "ebitda": 2620000000,
    "ebitdaratio": 0.4910044978,
    "operatingIncome": 1774000000,
    "operatingIncomeRatio": 0.3324587706,
    "totalOtherIncomeExpensesNet": -120000000,
    "incomeBeforeTax": 1654000000,
    "incomeBeforeTaxRatio": 0.309970015,
    "incomeTaxExpense": 613000000,
    "netIncome": 1016000000,
    "netIncomeRatio": 0.1904047976,
    "eps": 2.48,
    "epsdiluted": 2.47,
    "weightedAverageShsOut": 409000000,
    "weightedAverageShsOutDil": 411000000,
    "link": "https://www.sec.gov/Archives/edgar/data/1090012/000119312514397861/0001193125-14-397861-index.htm",
    "finalLink": "https://www.sec.gov/Archives/edgar/data/1090012/000119312514397861/d808328d10q.htm"
  },
  {
    "date": "2014-06-30",
    "symbol": "DVN",
    "reportedCurrency": "USD",
    "cik": "0001090012",
    "fillingDate": "2014-08-06",
    "acceptedDate": "2014-08-06 16:50:04",
    "calendarYear": "2014",
    "period": "Q2",
    "revenue": 4510000000,
    "costOfRevenue": 2984000000,
    "grossProfit": 1526000000,
    "grossProfitRatio": 0.3383592018,
    "researchAndDevelopmentExpenses": 0,
    "generalAndAdministrativeExpenses": 189000000,
    "sellingAndMarketingExpenses": 0,
    "sellingGeneralAndAdministrativeExpenses": 189000000,
    "otherExpenses": -89000000,
    "operatingExpenses": 804000000,
    "costAndExpenses": 3788000000,
    "interestIncome": 2000000,
    "interestExpense": 131000000,
    "depreciationAndAmortization": 828000000,
    "ebitda": 2504000000,
    "ebitdaratio": 0.555210643,
    "operatingIncome": 1774000000,
    "operatingIncomeRatio": 0.3933481153,
    "totalOtherIncomeExpensesNet": -220000000,
    "incomeBeforeTax": 1554000000,
    "incomeBeforeTaxRatio": 0.3445676275,
    "incomeTaxExpense": 854000000,
    "netIncome": 675000000,
    "netIncomeRatio": 0.1496674058,
    "eps": 1.65,
    "epsdiluted": 1.64,
    "weightedAverageShsOut": 408000000,
    "weightedAverageShsOutDil": 411000000,
    "link": "https://www.sec.gov/Archives/edgar/data/1090012/000119312514298369/0001193125-14-298369-index.htm",
    "finalLink": "https://www.sec.gov/Archives/edgar/data/1090012/000119312514298369/d761940d10q.htm"
  },
  {
    "date": "2014-03-31",
    "symbol": "DVN",
    "reportedCurrency": "USD",
    "cik": "0001090012",
    "fillingDate": "2014-05-09",
    "acceptedDate": "2014-05-09 16:20:28",
    "calendarYear": "2014",
    "period": "Q1",
    "revenue": 3725000000,
    "costOfRevenue": 2181000000,
    "grossProfit": 1544000000,
    "grossProfitRatio": 0.4144966443,
    "researchAndDevelopmentExpenses": 0,
    "generalAndAdministrativeExpenses": 211000000,
    "sellingAndMarketingExpenses": 0,
    "sellingGeneralAndAdministrativeExpenses": 211000000,
    "otherExpenses": -18000000,
    "operatingExpenses": 817000000,
    "costAndExpenses": 2998000000,
    "interestIncome": 3000000,
    "interestExpense": 112000000,
    "depreciationAndAmortization": 739000000,
    "ebitda": 1408000000,
    "ebitdaratio": 0.3779865772,
    "operatingIncome": 690000000,
    "operatingIncomeRatio": 0.1852348993,
    "totalOtherIncomeExpensesNet": -130000000,
    "incomeBeforeTax": 560000000,
    "incomeBeforeTaxRatio": 0.1503355705,
    "incomeTaxExpense": 231000000,
    "netIncome": 324000000,
    "netIncomeRatio": 0.0869798658,
    "eps": 0.8,
    "epsdiluted": 0.79,
    "weightedAverageShsOut": 407000000,
    "weightedAverageShsOutDil": 408000000,
    "link": "https://www.sec.gov/Archives/edgar/data/1090012/000119312514192498/0001193125-14-192498-index.htm",
    "finalLink": "https://www.sec.gov/Archives/edgar/data/1090012/000119312514192498/d718246d10q.htm"
  },
  {
    "date": "2013-12-31",
    "symbol": "DVN",
    "reportedCurrency": "USD",
    "cik": "0001090012",
    "fillingDate": "2014-02-28",
    "acceptedDate": "2014-02-28 13:43:31",
    "calendarYear": "2013",
    "period": "Q4",
    "revenue": 2624000000,
    "costOfRevenue": 1244000000,
    "grossProfit": 1380000000,
    "grossProfitRatio": 0.5259146341,
    "researchAndDevelopmentExpenses": 0,
    "generalAndAdministrativeExpenses": 157000000,
    "sellingAndMarketingExpenses": 0,
    "sellingGeneralAndAdministrativeExpenses": 157000000,
    "otherExpenses": -4000000,
    "operatingExpenses": 769000000,
    "costAndExpenses": 2013000000,
    "interestIncome": 4000000,
    "interestExpense": 111000000,
    "depreciationAndAmortization": 711000000,
    "ebitda": 1284000000,
    "ebitdaratio": 0.4893292683,
    "operatingIncome": 595000000,
    "operatingIncomeRatio": 0.2267530488,
    "totalOtherIncomeExpensesNet": -119000000,
    "incomeBeforeTax": 475000000,
    "incomeBeforeTaxRatio": 0.1810213415,
    "incomeTaxExpense": 268000000,
    "netIncome": 207000000,
    "netIncomeRatio": 0.0788871951,
    "eps": 0.51,
    "epsdiluted": 0.51,
    "weightedAverageShsOut": 406000000,
    "weightedAverageShsOutDil": 407000000,
    "link": "https://www.sec.gov/Archives/edgar/data/1090012/000119312514076267/0001193125-14-076267-index.htm",
    "finalLink": "https://www.sec.gov/Archives/edgar/data/1090012/000119312514076267/d656849d10k.htm"
  },
  {
    "date": "2013-09-30",
    "symbol": "DVN",
    "reportedCurrency": "USD",
    "cik": "0001090012",
    "fillingDate": "2013-11-06",
    "acceptedDate": "2013-11-06 15:27:04",
    "calendarYear": "2013",
    "period": "Q3",
    "revenue": 2720000000,
    "costOfRevenue": 1074000000,
    "grossProfit": 1646000000,
    "grossProfitRatio": 0.6051470588,
    "researchAndDevelopmentExpenses": 0,
    "generalAndAdministrativeExpenses": 143000000,
    "sellingAndMarketingExpenses": 0,
    "sellingGeneralAndAdministrativeExpenses": 143000000,
    "otherExpenses": -9000000,
    "operatingExpenses": 887000000,
    "costAndExpenses": 1961000000,
    "interestIncome": 4000000,
    "interestExpense": 101000000,
    "depreciationAndAmortization": 691000000,
    "ebitda": 1431000000,
    "ebitdaratio": 0.5261029412,
    "operatingIncome": 759000000,
    "operatingIncomeRatio": 0.2790441176,
    "totalOtherIncomeExpensesNet": -94000000,
    "incomeBeforeTax": 639000000,
    "incomeBeforeTaxRatio": 0.2349264706,
    "incomeTaxExpense": 210000000,
    "netIncome": 429000000,
    "netIncomeRatio": 0.1577205882,
    "eps": 1.06,
    "epsdiluted": 1.05,
    "weightedAverageShsOut": 402000000,
    "weightedAverageShsOutDil": 403000000,
    "link": "https://www.sec.gov/Archives/edgar/data/1090012/000119312513429977/0001193125-13-429977-index.htm",
    "finalLink": "https://www.sec.gov/Archives/edgar/data/1090012/000119312513429977/d620405d10q.htm"
  },
  {
    "date": "2013-06-30",
    "symbol": "DVN",
    "reportedCurrency": "USD",
    "cik": "0001090012",
    "fillingDate": "2013-08-07",
    "acceptedDate": "2013-08-07 14:57:18",
    "calendarYear": "2013",
    "period": "Q2",
    "revenue": 3091000000,
    "costOfRevenue": 1056000000,
    "grossProfit": 2035000000,
    "grossProfitRatio": 0.6583629893,
    "researchAndDevelopmentExpenses": 0,
    "generalAndAdministrativeExpenses": 167000000,
    "sellingAndMarketingExpenses": 0,
    "sellingGeneralAndAdministrativeExpenses": 167000000,
    "otherExpenses": -4000000,
    "operatingExpenses": 880000000,
    "costAndExpenses": 1936000000,
    "interestIncome": 4000000,
    "interestExpense": 104000000,
    "depreciationAndAmortization": 674000000,
    "ebitda": 1775000000,
    "ebitdaratio": 0.5742478162,
    "operatingIncome": 1155000000,
    "operatingIncomeRatio": 0.3736654804,
    "totalOtherIncomeExpensesNet": -152000000,
    "incomeBeforeTax": 997000000,
    "incomeBeforeTaxRatio": 0.3225493368,
    "incomeTaxExpense": 314000000,
    "netIncome": 683000000,
    "netIncomeRatio": 0.2209640893,
    "eps": 1.69,
    "epsdiluted": 1.68,
    "weightedAverageShsOut": 402000000,
    "weightedAverageShsOutDil": 403000000,
    "link": "https://www.sec.gov/Archives/edgar/data/1090012/000119312513323925/0001193125-13-323925-index.htm",
    "finalLink": "https://www.sec.gov/Archives/edgar/data/1090012/000119312513323925/d569585d10q.htm"
  },
  {
    "date": "2013-03-31",
    "symbol": "DVN",
    "reportedCurrency": "USD",
    "cik": "0001090012",
    "fillingDate": "2013-05-01",
    "acceptedDate": "2013-05-01 15:56:16",
    "calendarYear": "2013",
    "period": "Q1",
    "revenue": 1972000000,
    "costOfRevenue": 1067000000,
    "grossProfit": 905000000,
    "grossProfitRatio": 0.4589249493,
    "researchAndDevelopmentExpenses": 0,
    "generalAndAdministrativeExpenses": 150000000,
    "sellingAndMarketingExpenses": 0,
    "sellingGeneralAndAdministrativeExpenses": 150000000,
    "otherExpenses": -18000000,
    "operatingExpenses": 788000000,
    "costAndExpenses": 1855000000,
    "interestIncome": 8000000,
    "interestExpense": 110000000,
    "depreciationAndAmortization": 704000000,
    "ebitda": -1148000000,
    "ebitdaratio": -0.5821501014,
    "operatingIncome": 89000000,
    "operatingIncomeRatio": 0.0451318458,
    "totalOtherIncomeExpensesNet": -623000000,
    "incomeBeforeTax": -1962000000,
    "incomeBeforeTaxRatio": -0.9949290061,
    "incomeTaxExpense": -623000000,
    "netIncome": -1339000000,
    "netIncomeRatio": -0.6790060852,
    "eps": -3.33,
    "epsdiluted": -3.3,
    "weightedAverageShsOut": 402000063,
    "weightedAverageShsOutDil": 406000000,
    "link": "https://www.sec.gov/Archives/edgar/data/1090012/000119312513192272/0001193125-13-192272-index.htm",
    "finalLink": "https://www.sec.gov/Archives/edgar/data/1090012/000119312513192272/d524180d10q.htm"
  },
  {
    "date": "2012-12-31",
    "symbol": "DVN",
    "reportedCurrency": "USD",
    "cik": "0001090012",
    "fillingDate": "2013-02-21",
    "acceptedDate": "2013-02-21 12:19:56",
    "calendarYear": "2012",
    "period": "Q4",
    "revenue": 2581000000,
    "costOfRevenue": 1130000000,
    "grossProfit": 1451000000,
    "grossProfitRatio": 0.5621851995,
    "researchAndDevelopmentExpenses": 0,
    "generalAndAdministrativeExpenses": 198000000,
    "sellingAndMarketingExpenses": 0,
    "sellingGeneralAndAdministrativeExpenses": 198000000,
    "otherExpenses": -32000000,
    "operatingExpenses": 840000000,
    "costAndExpenses": 1970000000,
    "interestIncome": 22000000,
    "interestExpense": 110000000,
    "depreciationAndAmortization": 731000000,
    "ebitda": 1310000000,
    "ebitdaratio": 0.5075552112,
    "operatingIncome": 1016000000,
    "operatingIncomeRatio": 0.3936458737,
    "totalOtherIncomeExpensesNet": -1077000000,
    "incomeBeforeTax": -501000000,
    "incomeBeforeTaxRatio": -0.1941108098,
    "incomeTaxExpense": -144000000,
    "netIncome": -357000000,
    "netIncomeRatio": -0.1383184812,
    "eps": -0.88,
    "epsdiluted": -0.88,
    "weightedAverageShsOut": 405000000,
    "weightedAverageShsOutDil": 405000000,
    "link": "https://www.sec.gov/Archives/edgar/data/1090012/000119312513068817/0001193125-13-068817-index.htm",
    "finalLink": "https://www.sec.gov/Archives/edgar/data/1090012/000119312513068817/d477194d10k.htm"
  },
  {
    "date": "2012-09-30",
    "symbol": "DVN",
    "reportedCurrency": "USD",
    "cik": "0001090012",
    "fillingDate": "2012-11-07",
    "acceptedDate": "2012-11-07 14:57:14",
    "calendarYear": "2012",
    "period": "Q3",
    "revenue": 2160000000,
    "costOfRevenue": 826000000,
    "grossProfit": 1334000000,
    "grossProfitRatio": 0.6175925926,
    "researchAndDevelopmentExpenses": 0,
    "generalAndAdministrativeExpenses": 150000000,
    "sellingAndMarketingExpenses": 0,
    "sellingGeneralAndAdministrativeExpenses": 150000000,
    "otherExpenses": 820000000,
    "operatingExpenses": 970000000,
    "costAndExpenses": 1796000000,
    "interestIncome": 8000000,
    "interestExpense": 110000000,
    "depreciationAndAmortization": 716000000,
    "ebitda": -335000000,
    "ebitdaratio": -0.1550925926,
    "operatingIncome": 69000000,
    "operatingIncomeRatio": 0.0319444444,
    "totalOtherIncomeExpensesNet": -1230000000,
    "incomeBeforeTax": -1161000000,
    "incomeBeforeTaxRatio": -0.5375,
    "incomeTaxExpense": -442000000,
    "netIncome": -719000000,
    "netIncomeRatio": -0.3328703704,
    "eps": -1.8,
    "epsdiluted": -1.8,
    "weightedAverageShsOut": 400000000,
    "weightedAverageShsOutDil": 400000000,
    "link": "https://www.sec.gov/Archives/edgar/data/1090012/000119312512457117/0001193125-12-457117-index.htm",
    "finalLink": "https://www.sec.gov/Archives/edgar/data/1090012/000119312512457117/d435808d10q.htm"
  },
  {
    "date": "2012-06-30",
    "symbol": "DVN",
    "reportedCurrency": "USD",
    "cik": "0001090012",
    "fillingDate": "2012-08-01",
    "acceptedDate": "2012-08-01 17:07:07",
    "calendarYear": "2012",
    "period": "Q2",
    "revenue": 1894000000,
    "costOfRevenue": 722000000,
    "grossProfit": 1172000000,
    "grossProfitRatio": 0.6187961985,
    "researchAndDevelopmentExpenses": 0,
    "generalAndAdministrativeExpenses": 176000000,
    "sellingAndMarketingExpenses": 0,
    "sellingGeneralAndAdministrativeExpenses": 176000000,
    "otherExpenses": 784000000,
    "operatingExpenses": 960000000,
    "costAndExpenses": 1682000000,
    "interestIncome": 9000000,
    "interestExpense": 99000000,
    "depreciationAndAmortization": 684000000,
    "ebitda": 1513000000,
    "ebitdaratio": 0.7988384372,
    "operatingIncome": 877000000,
    "operatingIncomeRatio": 0.4630411827,
    "totalOtherIncomeExpensesNet": 257000000,
    "incomeBeforeTax": 734000000,
    "incomeBeforeTaxRatio": 0.3875395987,
    "incomeTaxExpense": 257000000,
    "netIncome": 477000000,
    "netIncomeRatio": 0.2518479409,
    "eps": 1.18,
    "epsdiluted": 1.18,
    "weightedAverageShsOut": 404000000,
    "weightedAverageShsOutDil": 405000000,
    "link": "https://www.sec.gov/Archives/edgar/data/1090012/000119312512329113/0001193125-12-329113-index.htm",
    "finalLink": "https://www.sec.gov/Archives/edgar/data/1090012/000119312512329113/d388411d10q.htm"
  },
  {
    "date": "2012-03-31",
    "symbol": "DVN",
    "reportedCurrency": "USD",
    "cik": "0001090012",
    "fillingDate": "2012-05-02",
    "acceptedDate": "2012-05-02 14:35:06",
    "calendarYear": "2012",
    "period": "Q1",
    "revenue": 2352000000,
    "costOfRevenue": 839000000,
    "grossProfit": 1513000000,
    "grossProfitRatio": 0.6432823129,
    "researchAndDevelopmentExpenses": 0,
    "generalAndAdministrativeExpenses": 168000000,
    "sellingAndMarketingExpenses": 0,
    "sellingGeneralAndAdministrativeExpenses": 168000000,
    "otherExpenses": 782000000,
    "operatingExpenses": 950000000,
    "costAndExpenses": 1789000000,
    "interestIncome": 7000000,
    "interestExpense": 87000000,
    "depreciationAndAmortization": 680000000,
    "ebitda": 1374000000,
    "ebitdaratio": 0.5841836735,
    "operatingIncome": 708000000,
    "operatingIncomeRatio": 0.3010204082,
    "totalOtherIncomeExpensesNet": -97000000,
    "incomeBeforeTax": 611000000,
    "incomeBeforeTaxRatio": 0.2597789116,
    "incomeTaxExpense": 197000000,
    "netIncome": 393000000,
    "netIncomeRatio": 0.1670918367,
    "eps": 0.97,
    "epsdiluted": 0.97,
    "weightedAverageShsOut": 400000000,
    "weightedAverageShsOutDil": 401000000,
    "link": "https://www.sec.gov/Archives/edgar/data/1090012/000119312512204049/0001193125-12-204049-index.htm",
    "finalLink": "https://www.sec.gov/Archives/edgar/data/1090012/000119312512204049/d343074d10q.htm"
  },
  {
    "date": "2011-12-31",
    "symbol": "DVN",
    "reportedCurrency": "USD",
    "cik": "0001090012",
    "fillingDate": "2012-02-24",
    "acceptedDate": "2012-02-24 10:22:00",
    "calendarYear": "2011",
    "period": "Q4",
    "revenue": 2690000000,
    "costOfRevenue": 911000000,
    "grossProfit": 1779000000,
    "grossProfitRatio": 0.66133829,
    "researchAndDevelopmentExpenses": 0,
    "generalAndAdministrativeExpenses": 585000000,
    "sellingAndMarketingExpenses": 2258000000,
    "sellingGeneralAndAdministrativeExpenses": 182000000,
    "otherExpenses": -23000000,
    "operatingExpenses": 919000000,
    "costAndExpenses": 1830000000,
    "interestIncome": 6000000,
    "interestExpense": 49000000,
    "depreciationAndAmortization": 626000000,
    "ebitda": 1469000000,
    "ebitdaratio": 0.5460966543,
    "operatingIncome": 778000000,
    "operatingIncomeRatio": 0.2892193309,
    "totalOtherIncomeExpensesNet": 16000000,
    "incomeBeforeTax": 794000000,
    "incomeBeforeTaxRatio": 0.2951672862,
    "incomeTaxExpense": 273000000,
    "netIncome": 507000000,
    "netIncomeRatio": 0.1884758364,
    "eps": 1.27,
    "epsdiluted": 1.27,
    "weightedAverageShsOut": 397000000,
    "weightedAverageShsOutDil": 400000000,
    "link": "https://www.sec.gov/Archives/edgar/data/1090012/000119312512077085/0001193125-12-077085-index.htm",
    "finalLink": "https://www.sec.gov/Archives/edgar/data/1090012/000119312512077085/d298761d10k.htm"
  },
  {
    "date": "2011-09-30",
    "symbol": "DVN",
    "reportedCurrency": "USD",
    "cik": "0001090012",
    "fillingDate": "2011-11-02",
    "acceptedDate": "2011-11-02 17:26:08",
    "calendarYear": "2011",
    "period": "Q3",
    "revenue": 2764000000,
    "costOfRevenue": 990000000,
    "grossProfit": 1774000000,
    "grossProfitRatio": 0.6418234443,
    "researchAndDevelopmentExpenses": 0,
    "generalAndAdministrativeExpenses": 138000000,
    "sellingAndMarketingExpenses": 0,
    "sellingGeneralAndAdministrativeExpenses": 138000000,
    "otherExpenses": -23000000,
    "operatingExpenses": 835000000,
    "costAndExpenses": 1825000000,
    "interestIncome": 0,
    "interestExpense": 144000000,
    "depreciationAndAmortization": 566000000,
    "ebitda": 2208000000,
    "ebitdaratio": 0.7988422576,
    "operatingIncome": 1700000000,
    "operatingIncomeRatio": 0.6150506512,
    "totalOtherIncomeExpensesNet": 498000000,
    "incomeBeforeTax": 1538000000,
    "incomeBeforeTaxRatio": 0.5564399421,
    "incomeTaxExpense": 498000000,
    "netIncome": 1038000000,
    "netIncomeRatio": 0.3755426918,
    "eps": 2.51,
    "epsdiluted": 2.5,
    "weightedAverageShsOut": 410000000,
    "weightedAverageShsOutDil": 411000000,
    "link": "https://www.sec.gov/Archives/edgar/data/1090012/000095012311094425/0000950123-11-094425-index.htm",
    "finalLink": "https://www.sec.gov/Archives/edgar/data/1090012/000095012311094425/d85412e10vq.htm"
  },
  {
    "date": "2011-06-30",
    "symbol": "DVN",
    "reportedCurrency": "USD",
    "cik": "0001090012",
    "fillingDate": "2011-08-04",
    "acceptedDate": "2011-08-04 17:20:44",
    "calendarYear": "2011",
    "period": "Q2",
    "revenue": 2804000000,
    "costOfRevenue": 909000000,
    "grossProfit": 1895000000,
    "grossProfitRatio": 0.6758202568,
    "researchAndDevelopmentExpenses": 0,
    "generalAndAdministrativeExpenses": 135000000,
    "sellingAndMarketingExpenses": 0,
    "sellingGeneralAndAdministrativeExpenses": 135000000,
    "otherExpenses": -23000000,
    "operatingExpenses": 828000000,
    "costAndExpenses": 1737000000,
    "interestIncome": 0,
    "interestExpense": 110000000,
    "depreciationAndAmortization": 550000000,
    "ebitda": 2013000000,
    "ebitdaratio": 0.7179029957,
    "operatingIncome": 1506000000,
    "operatingIncomeRatio": 0.5370898716,
    "totalOtherIncomeExpensesNet": -128000000,
    "incomeBeforeTax": 1378000000,
    "incomeBeforeTaxRatio": 0.4914407989,
    "incomeTaxExpense": 1194000000,
    "netIncome": 2743000000,
    "netIncomeRatio": 0.9782453638,
    "eps": 6.5,
    "epsdiluted": 6.48,
    "weightedAverageShsOut": 422000000,
    "weightedAverageShsOutDil": 423000000,
    "link": "https://www.sec.gov/Archives/edgar/data/1090012/000095012311073025/0000950123-11-073025-index.htm",
    "finalLink": "https://www.sec.gov/Archives/edgar/data/1090012/000095012311073025/d83899e10vq.htm"
  },
  {
    "date": "2011-03-31",
    "symbol": "DVN",
    "reportedCurrency": "USD",
    "cik": "0001090012",
    "fillingDate": "2011-05-04",
    "acceptedDate": "2011-05-04 16:38:48",
    "calendarYear": "2011",
    "period": "Q1",
    "revenue": 2315000000,
    "costOfRevenue": 757000000,
    "grossProfit": 1558000000,
    "grossProfitRatio": 0.6730021598,
    "researchAndDevelopmentExpenses": 0,
    "generalAndAdministrativeExpenses": 130000000,
    "sellingAndMarketingExpenses": 0,
    "sellingGeneralAndAdministrativeExpenses": 130000000,
    "otherExpenses": 637000000,
    "operatingExpenses": 767000000,
    "costAndExpenses": 1524000000,
    "interestIncome": 0,
    "interestExpense": 64000000,
    "depreciationAndAmortization": 506000000,
    "ebitda": 1167000000,
    "ebitdaratio": 0.5041036717,
    "operatingIncome": 628000000,
    "operatingIncomeRatio": 0.2712742981,
    "totalOtherIncomeExpensesNet": -66000000,
    "incomeBeforeTax": 580000000,
    "incomeBeforeTaxRatio": 0.2505399568,
    "incomeTaxExpense": 191000000,
    "netIncome": 416000000,
    "netIncomeRatio": 0.1796976242,
    "eps": 0.97,
    "epsdiluted": 0.97,
    "weightedAverageShsOut": 423000000,
    "weightedAverageShsOutDil": 425000000,
    "link": "https://www.sec.gov/Archives/edgar/data/1090012/000095012311044695/0000950123-11-044695-index.htm",
    "finalLink": "https://www.sec.gov/Archives/edgar/data/1090012/000095012311044695/d81283e10vq.htm"
  },
  {
    "date": "2010-12-31",
    "symbol": "DVN",
    "reportedCurrency": "USD",
    "cik": "0001090012",
    "fillingDate": "2011-02-25",
    "acceptedDate": "2011-02-25 14:34:36",
    "calendarYear": "2010",
    "period": "Q4",
    "revenue": 1324000000,
    "costOfRevenue": 762000000,
    "grossProfit": 562000000,
    "grossProfitRatio": 0.4244712991,
    "researchAndDevelopmentExpenses": 0,
    "generalAndAdministrativeExpenses": 563000000,
    "sellingAndMarketingExpenses": 1867000000,
    "sellingGeneralAndAdministrativeExpenses": 164000000,
    "otherExpenses": 602000000,
    "operatingExpenses": 766000000,
    "costAndExpenses": 1528000000,
    "interestIncome": 13000000,
    "interestExpense": 69000000,
    "depreciationAndAmortization": 489000000,
    "ebitda": 1226000000,
    "ebitdaratio": 0.9259818731,
    "operatingIncome": 1121000000,
    "operatingIncomeRatio": 0.8466767372,
    "totalOtherIncomeExpensesNet": 1347000000,
    "incomeBeforeTax": 668000000,
    "incomeBeforeTaxRatio": 0.5045317221,
    "incomeTaxExpense": 190000000,
    "netIncome": 562000000,
    "netIncomeRatio": 0.4244712991,
    "eps": 1.33,
    "epsdiluted": 1.33,
    "weightedAverageShsOut": 423000000,
    "weightedAverageShsOutDil": 423000000,
    "link": "https://www.sec.gov/Archives/edgar/data/1090012/000095012311018537/0000950123-11-018537-index.htm",
    "finalLink": "https://www.sec.gov/Archives/edgar/data/1090012/000095012311018537/d78726e10vk.htm"
  },
  {
    "date": "2010-09-30",
    "symbol": "DVN",
    "reportedCurrency": "USD",
    "cik": "0001090012",
    "fillingDate": "2010-11-04",
    "acceptedDate": "2010-11-04 17:01:17",
    "calendarYear": "2010",
    "period": "Q3",
    "revenue": 2353000000,
    "costOfRevenue": 751000000,
    "grossProfit": 1602000000,
    "grossProfitRatio": 0.6808329792,
    "researchAndDevelopmentExpenses": 0,
    "generalAndAdministrativeExpenses": 131000000,
    "sellingAndMarketingExpenses": 0,
    "sellingGeneralAndAdministrativeExpenses": 131000000,
    "otherExpenses": 579000000,
    "operatingExpenses": 736000000,
    "costAndExpenses": 1487000000,
    "interestIncome": 0,
    "interestExpense": 83000000,
    "depreciationAndAmortization": 463000000,
    "ebitda": 1301000000,
    "ebitdaratio": 0.5529111772,
    "operatingIncome": 699000000,
    "operatingIncomeRatio": 0.2970675733,
    "totalOtherIncomeExpensesNet": -214000000,
    "incomeBeforeTax": 699000000,
    "incomeBeforeTaxRatio": 0.2970675733,
    "incomeTaxExpense": 270000000,
    "netIncome": 2090000000,
    "netIncomeRatio": 0.8882277943,
    "eps": 4.81,
    "epsdiluted": 4.79,
    "weightedAverageShsOut": 435000000,
    "weightedAverageShsOutDil": 436000000,
    "link": "https://www.sec.gov/Archives/edgar/data/1090012/000095012310101011/0000950123-10-101011-index.htm",
    "finalLink": "https://www.sec.gov/Archives/edgar/data/1090012/000095012310101011/d77421e10vq.htm"
  },
  {
    "date": "2010-06-30",
    "symbol": "DVN",
    "reportedCurrency": "USD",
    "cik": "0001090012",
    "fillingDate": "2010-08-06",
    "acceptedDate": "2010-08-06 12:04:37",
    "calendarYear": "2010",
    "period": "Q2",
    "revenue": 2232000000,
    "costOfRevenue": 722000000,
    "grossProfit": 1510000000,
    "grossProfitRatio": 0.6765232975,
    "researchAndDevelopmentExpenses": 0,
    "generalAndAdministrativeExpenses": 130000000,
    "sellingAndMarketingExpenses": 0,
    "sellingGeneralAndAdministrativeExpenses": 130000000,
    "otherExpenses": 605000000,
    "operatingExpenses": 794000000,
    "costAndExpenses": 1516000000,
    "interestIncome": 0,
    "interestExpense": 111000000,
    "depreciationAndAmortization": 489000000,
    "ebitda": 1294000000,
    "ebitdaratio": 0.5797491039,
    "operatingIncome": 613000000,
    "operatingIncomeRatio": 0.2746415771,
    "totalOtherIncomeExpensesNet": -170000000,
    "incomeBeforeTax": 613000000,
    "incomeBeforeTaxRatio": 0.2746415771,
    "incomeTaxExpense": 261000000,
    "netIncome": 706000000,
    "netIncomeRatio": 0.3163082437,
    "eps": 1.59,
    "epsdiluted": 1.58,
    "weightedAverageShsOut": 445000000,
    "weightedAverageShsOutDil": 446000000,
    "link": "https://www.sec.gov/Archives/edgar/data/1090012/000095012310074002/0000950123-10-074002-index.htm",
    "finalLink": "https://www.sec.gov/Archives/edgar/data/1090012/000095012310074002/d74933e10vq.htm"
  },
  {
    "date": "2010-03-31",
    "symbol": "DVN",
    "reportedCurrency": "USD",
    "cik": "0001090012",
    "fillingDate": "2010-05-06",
    "acceptedDate": "2010-05-06 11:47:28",
    "calendarYear": "2010",
    "period": "Q1",
    "revenue": 3220000000,
    "costOfRevenue": 811000000,
    "grossProfit": 2409000000,
    "grossProfitRatio": 0.748136646,
    "researchAndDevelopmentExpenses": 0,
    "generalAndAdministrativeExpenses": 138000000,
    "sellingAndMarketingExpenses": 0,
    "sellingGeneralAndAdministrativeExpenses": 138000000,
    "otherExpenses": 985000000,
    "operatingExpenses": 735000000,
    "costAndExpenses": 1546000000,
    "interestIncome": 0,
    "interestExpense": 86000000,
    "depreciationAndAmortization": 489000000,
    "ebitda": 2148000000,
    "ebitdaratio": 0.6670807453,
    "operatingIncome": 1700000000,
    "operatingIncomeRatio": 0.5279503106,
    "totalOtherIncomeExpensesNet": -67000000,
    "incomeBeforeTax": 1588000000,
    "incomeBeforeTaxRatio": 0.4931677019,
    "incomeTaxExpense": 514000000,
    "netIncome": 1192000000,
    "netIncomeRatio": 0.3701863354,
    "eps": 2.67,
    "epsdiluted": 2.66,
    "weightedAverageShsOut": 447000000,
    "weightedAverageShsOutDil": 448000000,
    "link": "https://www.sec.gov/Archives/edgar/data/1090012/000095012310045234/0000950123-10-045234-index.htm",
    "finalLink": "https://www.sec.gov/Archives/edgar/data/1090012/000095012310045234/d72741e10vq.htm"
  },
  {
    "date": "2009-12-31",
    "symbol": "DVN",
    "reportedCurrency": "USD",
    "cik": "0001090012",
    "fillingDate": "2010-02-25",
    "acceptedDate": "2010-02-25 16:31:44",
    "calendarYear": "2009",
    "period": "Q4",
    "revenue": 1799000000,
    "costOfRevenue": 446000000,
    "grossProfit": 1353000000,
    "grossProfitRatio": 0.7520844914,
    "researchAndDevelopmentExpenses": 0,
    "generalAndAdministrativeExpenses": 648000000,
    "sellingAndMarketingExpenses": 1534000000,
    "sellingGeneralAndAdministrativeExpenses": 163000000,
    "otherExpenses": 6659000000,
    "operatingExpenses": 6822000000,
    "costAndExpenses": 7268000000,
    "interestIncome": 8000000,
    "interestExpense": 86000000,
    "depreciationAndAmortization": 326000000,
    "ebitda": -5135000000,
    "ebitdaratio": -2.8543635353,
    "operatingIncome": -5469000000,
    "operatingIncomeRatio": -3.0400222346,
    "totalOtherIncomeExpensesNet": 6153000000,
    "incomeBeforeTax": 684000000,
    "incomeBeforeTaxRatio": 0.3802112285,
    "incomeTaxExpense": 275000000,
    "netIncome": 667000000,
    "netIncomeRatio": 0.3707615342,
    "eps": 1.49,
    "epsdiluted": 1.49,
    "weightedAverageShsOut": 447000000,
    "weightedAverageShsOutDil": 447000000,
    "link": "https://www.sec.gov/Archives/edgar/data/1090012/000095012310017093/0000950123-10-017093-index.htm",
    "finalLink": "https://www.sec.gov/Archives/edgar/data/1090012/000095012310017093/d71091e10vk.htm"
  },
  {
    "date": "2009-09-30",
    "symbol": "DVN",
    "reportedCurrency": "USD",
    "cik": "0001090012",
    "fillingDate": "2009-11-05",
    "acceptedDate": "2009-11-05 14:42:19",
    "calendarYear": "2009",
    "period": "Q3",
    "revenue": 2098000000,
    "costOfRevenue": 810000000,
    "grossProfit": 1288000000,
    "grossProfitRatio": 0.6139180172,
    "researchAndDevelopmentExpenses": 0,
    "generalAndAdministrativeExpenses": 137000000,
    "sellingAndMarketingExpenses": 0,
    "sellingGeneralAndAdministrativeExpenses": 137000000,
    "otherExpenses": 631000000,
    "operatingExpenses": 606000000,
    "costAndExpenses": 1416000000,
    "interestIncome": 0,
    "interestExpense": 90000000,
    "depreciationAndAmortization": 545000000,
    "ebitda": 1049000000,
    "ebitdaratio": 0.5,
    "operatingIncome": 592000000,
    "operatingIncomeRatio": 0.2821734986,
    "totalOtherIncomeExpensesNet": 0,
    "incomeBeforeTax": 592000000,
    "incomeBeforeTaxRatio": 0.2821734986,
    "incomeTaxExpense": 93000000,
    "netIncome": 499000000,
    "netIncomeRatio": 0.2378455672,
    "eps": 1.13,
    "epsdiluted": 1.12,
    "weightedAverageShsOut": 441592920,
    "weightedAverageShsOutDil": 445535714,
    "link": "https://www.sec.gov/Archives/edgar/data/1090012/000095012309058300/0000950123-09-058300-index.htm",
    "finalLink": "https://www.sec.gov/Archives/edgar/data/1090012/000095012309058300/d69404e10vq.htm"
  },
  {
    "date": "2009-06-30",
    "symbol": "DVN",
    "reportedCurrency": "USD",
    "cik": "0001090012",
    "fillingDate": "2009-08-06",
    "acceptedDate": "2009-08-06 12:54:38",
    "calendarYear": "2009",
    "period": "Q2",
    "revenue": 2090000000,
    "costOfRevenue": 744000000,
    "grossProfit": 1346000000,
    "grossProfitRatio": 0.6440191388,
    "researchAndDevelopmentExpenses": 0,
    "generalAndAdministrativeExpenses": 182000000,
    "sellingAndMarketingExpenses": 0,
    "sellingGeneralAndAdministrativeExpenses": 182000000,
    "otherExpenses": 639000000,
    "operatingExpenses": 821000000,
    "costAndExpenses": 1565000000,
    "interestIncome": 0,
    "interestExpense": 90000000,
    "depreciationAndAmortization": 568000000,
    "ebitda": 893000000,
    "ebitdaratio": 0.4272727273,
    "operatingIncome": 425000000,
    "operatingIncomeRatio": 0.2033492823,
    "totalOtherIncomeExpensesNet": -126000000,
    "incomeBeforeTax": 425000000,
    "incomeBeforeTaxRatio": 0.2033492823,
    "incomeTaxExpense": 128000000,
    "netIncome": 314000000,
    "netIncomeRatio": 0.1502392344,
    "eps": 0.71,
    "epsdiluted": 0.7,
    "weightedAverageShsOut": 439000000,
    "weightedAverageShsOutDil": 441000000,
    "link": "https://www.sec.gov/Archives/edgar/data/1090012/000095012309030946/0000950123-09-030946-index.htm",
    "finalLink": "https://www.sec.gov/Archives/edgar/data/1090012/000095012309030946/d68085e10vq.htm"
  },
  {
    "date": "2009-03-31",
    "symbol": "DVN",
    "reportedCurrency": "USD",
    "cik": "0001090012",
    "fillingDate": "2009-05-07",
    "acceptedDate": "2009-05-07 11:08:20",
    "calendarYear": "2009",
    "period": "Q1",
    "revenue": 2028000000,
    "costOfRevenue": 795000000,
    "grossProfit": 1233000000,
    "grossProfitRatio": 0.6079881657,
    "researchAndDevelopmentExpenses": 0,
    "generalAndAdministrativeExpenses": 166000000,
    "sellingAndMarketingExpenses": 0,
    "sellingGeneralAndAdministrativeExpenses": 166000000,
    "otherExpenses": 693000000,
    "operatingExpenses": 859000000,
    "costAndExpenses": 1654000000,
    "interestIncome": 0,
    "interestExpense": 83000000,
    "depreciationAndAmortization": 669000000,
    "ebitda": -5545000000,
    "ebitdaratio": -2.7342209073,
    "operatingIncome": 374000000,
    "operatingIncomeRatio": 0.184418146,
    "totalOtherIncomeExpensesNet": -2204000000,
    "incomeBeforeTax": -6227000000,
    "incomeBeforeTaxRatio": -3.0705128205,
    "incomeTaxExpense": -2269000000,
    "netIncome": -3959000000,
    "netIncomeRatio": -1.9521696252,
    "eps": -9.02,
    "epsdiluted": -9.02,
    "weightedAverageShsOut": 439000000,
    "weightedAverageShsOutDil": 439000000,
    "link": "https://www.sec.gov/Archives/edgar/data/1090012/000095013409009863/0000950134-09-009863-index.htm",
    "finalLink": "https://www.sec.gov/Archives/edgar/data/1090012/000095013409009863/d67579e10vq.htm"
  },
  {
    "date": "2008-12-31",
    "symbol": "DVN",
    "reportedCurrency": "USD",
    "cik": "0001090012",
    "fillingDate": "2009-02-27",
    "acceptedDate": "2009-02-27 06:01:34",
    "calendarYear": "2008",
    "period": "Q4",
    "revenue": 2710000000,
    "costOfRevenue": 858000000,
    "grossProfit": 1852000000,
    "grossProfitRatio": 0.6833948339,
    "researchAndDevelopmentExpenses": 0,
    "generalAndAdministrativeExpenses": 653000000,
    "sellingAndMarketingExpenses": 2292000000,
    "sellingGeneralAndAdministrativeExpenses": 179000000,
    "otherExpenses": 1103000000,
    "operatingExpenses": 1282000000,
    "costAndExpenses": 2140000000,
    "interestIncome": 0,
    "interestExpense": 329000000,
    "depreciationAndAmortization": 1043000000,
    "ebitda": 1613000000,
    "ebitdaratio": 0.595202952,
    "operatingIncome": -9829000000,
    "operatingIncomeRatio": -3.6269372694,
    "totalOtherIncomeExpensesNet": -92000000,
    "incomeBeforeTax": -9921000000,
    "incomeBeforeTaxRatio": -3.6608856089,
    "incomeTaxExpense": -3088000000,
    "netIncome": -6816000000,
    "netIncomeRatio": -2.5151291513,
    "eps": -15.63,
    "epsdiluted": -15.35,
    "weightedAverageShsOut": 436000000,
    "weightedAverageShsOutDil": 444000000,
    "link": "https://www.sec.gov/Archives/edgar/data/1090012/000095013409003904/0000950134-09-003904-index.htm",
    "finalLink": "https://www.sec.gov/Archives/edgar/data/1090012/000095013409003904/d66379e10vk.htm"
  },
  {
    "date": "2008-09-30",
    "symbol": "DVN",
    "reportedCurrency": "USD",
    "cik": "0001090012",
    "fillingDate": "2008-11-06",
    "acceptedDate": "2008-11-06 11:03:50",
    "calendarYear": "2008",
    "period": "Q3",
    "revenue": 5978000000,
    "costOfRevenue": 1043000000,
    "grossProfit": 4935000000,
    "grossProfitRatio": 0.8255269321,
    "researchAndDevelopmentExpenses": 0,
    "generalAndAdministrativeExpenses": 146000000,
    "sellingAndMarketingExpenses": 0,
    "sellingGeneralAndAdministrativeExpenses": 146000000,
    "otherExpenses": 1000000000,
    "operatingExpenses": 1146000000,
    "costAndExpenses": 2189000000,
    "interestIncome": 0,
    "interestExpense": 69000000,
    "depreciationAndAmortization": 848000000,
    "ebitda": 4652000000,
    "ebitdaratio": 0.7781866845,
    "operatingIncome": 3767000000,
    "operatingIncomeRatio": 0.6301438608,
    "totalOtherIncomeExpensesNet": -32000000,
    "incomeBeforeTax": 3735000000,
    "incomeBeforeTaxRatio": 0.6247909,
    "incomeTaxExpense": 1226000000,
    "netIncome": 2618000000,
    "netIncomeRatio": 0.4379391101,
    "eps": 5.93,
    "epsdiluted": 5.88,
    "weightedAverageShsOut": 438000000,
    "weightedAverageShsOutDil": 441000000,
    "link": "https://www.sec.gov/Archives/edgar/data/1090012/000095013408019631/0000950134-08-019631-index.htm",
    "finalLink": "https://www.sec.gov/Archives/edgar/data/1090012/000095013408019631/d64997e10vq.htm"
  },
  {
    "date": "2008-06-30",
    "symbol": "DVN",
    "reportedCurrency": "USD",
    "cik": "0001090012",
    "fillingDate": "2008-08-07",
    "acceptedDate": "2008-08-07 11:20:21",
    "calendarYear": "2008",
    "period": "Q2",
    "revenue": 3548000000,
    "costOfRevenue": 1052000000,
    "grossProfit": 2496000000,
    "grossProfitRatio": 0.7034949267,
    "researchAndDevelopmentExpenses": 0,
    "generalAndAdministrativeExpenses": 180000000,
    "sellingAndMarketingExpenses": 0,
    "sellingGeneralAndAdministrativeExpenses": 180000000,
    "otherExpenses": 1000000000,
    "operatingExpenses": 1180000000,
    "costAndExpenses": 2232000000,
    "interestIncome": 0,
    "interestExpense": 90000000,
    "depreciationAndAmortization": 824000000,
    "ebitda": 2175000000,
    "ebitdaratio": 0.6130214205,
    "operatingIncome": 1294000000,
    "operatingIncomeRatio": 0.3647125141,
    "totalOtherIncomeExpensesNet": -33000000,
    "incomeBeforeTax": 1261000000,
    "incomeBeforeTaxRatio": 0.3554114994,
    "incomeTaxExpense": 667000000,
    "netIncome": 1301000000,
    "netIncomeRatio": 0.3666854566,
    "eps": 2.91,
    "epsdiluted": 2.88,
    "weightedAverageShsOut": 442000000,
    "weightedAverageShsOutDil": 446000000,
    "link": "https://www.sec.gov/Archives/edgar/data/1090012/000095013408014511/0000950134-08-014511-index.htm",
    "finalLink": "https://www.sec.gov/Archives/edgar/data/1090012/000095013408014511/d59054e10vq.htm"
  },
  {
    "date": "2008-03-31",
    "symbol": "DVN",
    "reportedCurrency": "USD",
    "cik": "0001090012",
    "fillingDate": "2008-05-08",
    "acceptedDate": "2008-05-08 14:57:10",
    "calendarYear": "2008",
    "period": "Q1",
    "revenue": 2975000000,
    "costOfRevenue": 888000000,
    "grossProfit": 2087000000,
    "grossProfitRatio": 0.701512605,
    "researchAndDevelopmentExpenses": 0,
    "generalAndAdministrativeExpenses": 148000000,
    "sellingAndMarketingExpenses": 0,
    "sellingGeneralAndAdministrativeExpenses": 148000000,
    "otherExpenses": -22000000,
    "operatingExpenses": 126000000,
    "costAndExpenses": 1014000000,
    "interestIncome": 0,
    "interestExpense": 102000000,
    "depreciationAndAmortization": 794000000,
    "ebitda": 2755000000,
    "ebitdaratio": 0.9260504202,
    "operatingIncome": 1939000000,
    "operatingIncomeRatio": 0.6517647059,
    "totalOtherIncomeExpensesNet": -1047000000,
    "incomeBeforeTax": 892000000,
    "incomeBeforeTaxRatio": 0.2998319328,
    "incomeTaxExpense": 241000000,
    "netIncome": 749000000,
    "netIncomeRatio": 0.2517647059,
    "eps": 1.68,
    "epsdiluted": 1.66,
    "weightedAverageShsOut": 445000000,
    "weightedAverageShsOutDil": 449000000,
    "link": "https://www.sec.gov/Archives/edgar/data/1090012/000095013408008922/0000950134-08-008922-index.htm",
    "finalLink": "https://www.sec.gov/Archives/edgar/data/1090012/000095013408008922/d56361e10vq.htm"
  },
  {
    "date": "2007-12-31",
    "symbol": "DVN",
    "reportedCurrency": "USD",
    "cik": "0001090012",
    "fillingDate": "2008-02-28",
    "acceptedDate": "2008-02-28 13:45:52",
    "calendarYear": "2007",
    "period": "Q4",
    "revenue": 3197000000,
    "costOfRevenue": 1729000000,
    "grossProfit": 1468000000,
    "grossProfitRatio": 0.4591804817,
    "researchAndDevelopmentExpenses": 0,
    "generalAndAdministrativeExpenses": 513000000,
    "sellingAndMarketingExpenses": 1736000000,
    "sellingGeneralAndAdministrativeExpenses": -781000000,
    "otherExpenses": 860000000,
    "operatingExpenses": 79000000,
    "costAndExpenses": 1808000000,
    "interestIncome": 0,
    "interestExpense": 430000000,
    "depreciationAndAmortization": 775000000,
    "ebitda": 2164000000,
    "ebitdaratio": 0.6768845793,
    "operatingIncome": 1315000000,
    "operatingIncomeRatio": 0.4113231154,
    "totalOtherIncomeExpensesNet": -44000000,
    "incomeBeforeTax": 1271000000,
    "incomeBeforeTaxRatio": 0.3975602127,
    "incomeTaxExpense": 167000000,
    "netIncome": 1316000000,
    "netIncomeRatio": 0.4116359087,
    "eps": 2.96,
    "epsdiluted": 2.96,
    "weightedAverageShsOut": 445000000,
    "weightedAverageShsOutDil": 445000000,
    "link": "https://www.sec.gov/Archives/edgar/data/1090012/000095013408003698/0000950134-08-003698-index.htm",
    "finalLink": "https://www.sec.gov/Archives/edgar/data/1090012/000095013408003698/d54280e10vk.htm"
  },
  {
    "date": "2007-09-30",
    "symbol": "DVN",
    "reportedCurrency": "USD",
    "cik": "0001090012",
    "fillingDate": "2007-11-07",
    "acceptedDate": "2007-11-07 16:36:49",
    "calendarYear": "2007",
    "period": "Q3",
    "revenue": 2763000000,
    "costOfRevenue": 457000000,
    "grossProfit": 2306000000,
    "grossProfitRatio": 0.8346000724,
    "researchAndDevelopmentExpenses": 0,
    "generalAndAdministrativeExpenses": 126000000,
    "sellingAndMarketingExpenses": 434000000,
    "sellingGeneralAndAdministrativeExpenses": 424000000,
    "otherExpenses": 841000000,
    "operatingExpenses": 1265000000,
    "costAndExpenses": 1722000000,
    "interestIncome": 0,
    "interestExpense": 108000000,
    "depreciationAndAmortization": 756000000,
    "ebitda": 1797000000,
    "ebitdaratio": 0.6503800217,
    "operatingIncome": 1041000000,
    "operatingIncomeRatio": 0.3767643865,
    "totalOtherIncomeExpensesNet": -80000000,
    "incomeBeforeTax": 961000000,
    "incomeBeforeTaxRatio": 0.3478103511,
    "incomeTaxExpense": 317000000,
    "netIncome": 735000000,
    "netIncomeRatio": 0.2660152009,
    "eps": 1.65,
    "epsdiluted": 1.63,
    "weightedAverageShsOut": 445000000,
    "weightedAverageShsOutDil": 450000000,
    "link": "https://www.sec.gov/Archives/edgar/data/1090012/000095013407023169/0000950134-07-023169-index.htm",
    "finalLink": "https://www.sec.gov/Archives/edgar/data/1090012/000095013407023169/d50780e10vq.htm"
  },
  {
    "date": "2007-06-30",
    "symbol": "DVN",
    "reportedCurrency": "USD",
    "cik": "0001090012",
    "fillingDate": "2007-08-03",
    "acceptedDate": "2007-08-03 10:24:44",
    "calendarYear": "2007",
    "period": "Q2",
    "revenue": 2929000000,
    "costOfRevenue": 780000000,
    "grossProfit": 2149000000,
    "grossProfitRatio": 0.7336975077,
    "researchAndDevelopmentExpenses": 0,
    "generalAndAdministrativeExpenses": 113000000,
    "sellingAndMarketingExpenses": 0,
    "sellingGeneralAndAdministrativeExpenses": 113000000,
    "otherExpenses": 784000000,
    "operatingExpenses": 897000000,
    "costAndExpenses": 1677000000,
    "interestIncome": 0,
    "interestExpense": 107000000,
    "depreciationAndAmortization": 694000000,
    "ebitda": 1946000000,
    "ebitdaratio": 0.664390577,
    "operatingIncome": 1234000000,
    "operatingIncomeRatio": 0.4213041994,
    "totalOtherIncomeExpensesNet": -80000000,
    "incomeBeforeTax": 1154000000,
    "incomeBeforeTaxRatio": 0.3939911233,
    "incomeTaxExpense": 330000000,
    "netIncome": 904000000,
    "netIncomeRatio": 0.3086377603,
    "eps": 2.02,
    "epsdiluted": 2,
    "weightedAverageShsOut": 446000000,
    "weightedAverageShsOutDil": 450000000,
    "link": "https://www.sec.gov/Archives/edgar/data/1090012/000095013407016717/0000950134-07-016717-index.htm",
    "finalLink": "https://www.sec.gov/Archives/edgar/data/1090012/000095013407016717/d48663e10vq.htm"
  },
  {
    "date": "2007-03-31",
    "symbol": "DVN",
    "reportedCurrency": "USD",
    "cik": "0001090012",
    "fillingDate": "2007-05-03",
    "acceptedDate": "2007-05-03 13:29:36",
    "calendarYear": "2007",
    "period": "Q1",
    "revenue": 2473000000,
    "costOfRevenue": 700000000,
    "grossProfit": 1773000000,
    "grossProfitRatio": 0.7169429842,
    "researchAndDevelopmentExpenses": 0,
    "generalAndAdministrativeExpenses": 119000000,
    "sellingAndMarketingExpenses": 0,
    "sellingGeneralAndAdministrativeExpenses": 119000000,
    "otherExpenses": 713000000,
    "operatingExpenses": 832000000,
    "costAndExpenses": 1532000000,
    "interestIncome": 0,
    "interestExpense": 110000000,
    "depreciationAndAmortization": 633000000,
    "ebitda": 1585000000,
    "ebitdaratio": 0.6409219571,
    "operatingIncome": 923000000,
    "operatingIncomeRatio": 0.3732308937,
    "totalOtherIncomeExpensesNet": -1101000000,
    "incomeBeforeTax": 838000000,
    "incomeBeforeTaxRatio": 0.3388596846,
    "incomeTaxExpense": 264000000,
    "netIncome": 651000000,
    "netIncomeRatio": 0.2632430247,
    "eps": 1.46,
    "epsdiluted": 1.44,
    "weightedAverageShsOut": 444000000,
    "weightedAverageShsOutDil": 450000000,
    "link": "https://www.sec.gov/Archives/edgar/data/1090012/000095013407010069/0000950134-07-010069-index.htm",
    "finalLink": "https://www.sec.gov/Archives/edgar/data/1090012/000095013407010069/d46143e10vq.htm"
  },
  {
    "date": "2006-12-31",
    "symbol": "DVN",
    "reportedCurrency": "USD",
    "cik": "0001090012",
    "fillingDate": "2007-02-28",
    "acceptedDate": "2007-02-28 16:06:24",
    "calendarYear": "2006",
    "period": "Q4",
    "revenue": 2522000000,
    "costOfRevenue": 1639000000,
    "grossProfit": 883000000,
    "grossProfitRatio": 0.3501189532,
    "researchAndDevelopmentExpenses": 0,
    "generalAndAdministrativeExpenses": 397000000,
    "sellingAndMarketingExpenses": 1692000000,
    "sellingGeneralAndAdministrativeExpenses": -817000000,
    "otherExpenses": 726000000,
    "operatingExpenses": -91000000,
    "costAndExpenses": 1548000000,
    "interestIncome": 0,
    "interestExpense": 421000000,
    "depreciationAndAmortization": 646000000,
    "ebitda": 1620000000,
    "ebitdaratio": 0.6423473434,
    "operatingIncome": 841000000,
    "operatingIncomeRatio": 0.3334655036,
    "totalOtherIncomeExpensesNet": -22000000,
    "incomeBeforeTax": 819000000,
    "incomeBeforeTaxRatio": 0.324742268,
    "incomeTaxExpense": 260000000,
    "netIncome": 582000000,
    "netIncomeRatio": 0.2307692308,
    "eps": 1.31,
    "epsdiluted": 1.31,
    "weightedAverageShsOut": 444000000,
    "weightedAverageShsOutDil": 444000000,
    "link": "https://www.sec.gov/Archives/edgar/data/1090012/000095013407004377/0000950134-07-004377-index.htm",
    "finalLink": "https://www.sec.gov/Archives/edgar/data/1090012/000095013407004377/d43782e10vk.htm"
  },
  {
    "date": "2006-09-30",
    "symbol": "DVN",
    "reportedCurrency": "USD",
    "cik": "0001090012",
    "fillingDate": "2006-11-02",
    "acceptedDate": "2006-11-02 16:53:22",
    "calendarYear": "2006",
    "period": "Q3",
    "revenue": 2722000000,
    "costOfRevenue": 382000000,
    "grossProfit": 2340000000,
    "grossProfitRatio": 0.8596620132,
    "researchAndDevelopmentExpenses": 0,
    "generalAndAdministrativeExpenses": 104000000,
    "sellingAndMarketingExpenses": 417000000,
    "sellingGeneralAndAdministrativeExpenses": 407000000,
    "otherExpenses": 740000000,
    "operatingExpenses": 1147000000,
    "costAndExpenses": 1529000000,
    "interestIncome": 0,
    "interestExpense": 112000000,
    "depreciationAndAmortization": 648000000,
    "ebitda": 1643000000,
    "ebitdaratio": 0.6036002939,
    "operatingIncome": 1180000000,
    "operatingIncomeRatio": 0.4335047759,
    "totalOtherIncomeExpensesNet": 27000000,
    "incomeBeforeTax": 1022000000,
    "incomeBeforeTaxRatio": 0.3754592212,
    "incomeTaxExpense": 317000000,
    "netIncome": 705000000,
    "netIncomeRatio": 0.2590007348,
    "eps": 1.59,
    "epsdiluted": 1.57,
    "weightedAverageShsOut": 441000000,
    "weightedAverageShsOutDil": 447000000,
    "link": "https://www.sec.gov/Archives/edgar/data/1090012/000095013406020322/0000950134-06-020322-index.htm",
    "finalLink": "https://www.sec.gov/Archives/edgar/data/1090012/000095013406020322/d40784e10vq.htm"
  },
  {
    "date": "2006-06-30",
    "symbol": "DVN",
    "reportedCurrency": "USD",
    "cik": "0001090012",
    "fillingDate": "2006-08-04",
    "acceptedDate": "2006-08-03 18:54:01",
    "calendarYear": "2006",
    "period": "Q2",
    "revenue": 2617000000,
    "costOfRevenue": 650000000,
    "grossProfit": 1967000000,
    "grossProfitRatio": 0.7516239969,
    "researchAndDevelopmentExpenses": 0,
    "generalAndAdministrativeExpenses": 90000000,
    "sellingAndMarketingExpenses": 0,
    "sellingGeneralAndAdministrativeExpenses": 90000000,
    "otherExpenses": 685000000,
    "operatingExpenses": 775000000,
    "costAndExpenses": 1425000000,
    "interestIncome": 0,
    "interestExpense": 102000000,
    "depreciationAndAmortization": 599000000,
    "ebitda": 1678000000,
    "ebitdaratio": 0.6411922048,
    "operatingIncome": 1163000000,
    "operatingIncomeRatio": 0.444401987,
    "totalOtherIncomeExpensesNet": -119000000,
    "incomeBeforeTax": 1044000000,
    "incomeBeforeTaxRatio": 0.3989300726,
    "incomeTaxExpense": 185000000,
    "netIncome": 859000000,
    "netIncomeRatio": 0.328238441,
    "eps": 1.94,
    "epsdiluted": 1.92,
    "weightedAverageShsOut": 440000000,
    "weightedAverageShsOutDil": 446000000,
    "link": "https://www.sec.gov/Archives/edgar/data/1090012/000095013406014735/0000950134-06-014735-index.htm",
    "finalLink": "https://www.sec.gov/Archives/edgar/data/1090012/000095013406014735/d38312e10vq.htm"
  },
  {
    "date": "2006-03-31",
    "symbol": "DVN",
    "reportedCurrency": "USD",
    "cik": "0001090012",
    "fillingDate": "2006-05-04",
    "acceptedDate": "2006-05-04 16:11:37",
    "calendarYear": "2006",
    "period": "Q1",
    "revenue": 2717000000,
    "costOfRevenue": 688000000,
    "grossProfit": 2029000000,
    "grossProfitRatio": 0.7467795363,
    "researchAndDevelopmentExpenses": 0,
    "generalAndAdministrativeExpenses": 90000000,
    "sellingAndMarketingExpenses": 0,
    "sellingGeneralAndAdministrativeExpenses": 90000000,
    "otherExpenses": 632000000,
    "operatingExpenses": 722000000,
    "costAndExpenses": 1410000000,
    "interestIncome": 0,
    "interestExpense": 101000000,
    "depreciationAndAmortization": 549000000,
    "ebitda": 1658000000,
    "ebitdaratio": 0.6102318734,
    "operatingIncome": 1211000000,
    "operatingIncomeRatio": 0.4457121826,
    "totalOtherIncomeExpensesNet": -84000000,
    "incomeBeforeTax": 1127000000,
    "incomeBeforeTaxRatio": 0.4147957306,
    "incomeTaxExpense": 427000000,
    "netIncome": 700000000,
    "netIncomeRatio": 0.2576370997,
    "eps": 1.58,
    "epsdiluted": 1.56,
    "weightedAverageShsOut": 442000000,
    "weightedAverageShsOutDil": 449000000,
    "link": "https://www.sec.gov/Archives/edgar/data/1090012/000095013406008768/0000950134-06-008768-index.htm",
    "finalLink": "https://www.sec.gov/Archives/edgar/data/1090012/000095013406008768/d35370e10vq.htm"
  },
  {
    "date": "2005-12-31",
    "symbol": "DVN",
    "reportedCurrency": "USD",
    "cik": "0001090012",
    "fillingDate": "2006-03-03",
    "acceptedDate": "2006-03-03 15:07:59",
    "calendarYear": "2005",
    "period": "Q4",
    "revenue": 3218000000,
    "costOfRevenue": 340000000,
    "grossProfit": 2878000000,
    "grossProfitRatio": 0.8943443132,
    "researchAndDevelopmentExpenses": 0,
    "generalAndAdministrativeExpenses": 291000000,
    "sellingAndMarketingExpenses": 1792000000,
    "sellingGeneralAndAdministrativeExpenses": 506000000,
    "otherExpenses": 645000000,
    "operatingExpenses": 1151000000,
    "costAndExpenses": 1491000000,
    "interestIncome": 0,
    "interestExpense": 533000000,
    "depreciationAndAmortization": 546000000,
    "ebitda": 2273000000,
    "ebitdaratio": 0.7063393412,
    "operatingIncome": 1515000000,
    "operatingIncomeRatio": 0.4707893101,
    "totalOtherIncomeExpensesNet": -706000000,
    "incomeBeforeTax": 1490000000,
    "incomeBeforeTaxRatio": 0.4630205096,
    "incomeTaxExpense": 520000000,
    "netIncome": 970000000,
    "netIncomeRatio": 0.3014294593,
    "eps": 2.19,
    "epsdiluted": 2.19,
    "weightedAverageShsOut": 442000000,
    "weightedAverageShsOutDil": 442000000,
    "link": "https://www.sec.gov/Archives/edgar/data/1090012/000095013406004215/0000950134-06-004215-index.htm",
    "finalLink": "https://www.sec.gov/Archives/edgar/data/1090012/000095013406004215/d33154e10vk.htm"
  },
  {
    "date": "2005-09-30",
    "symbol": "DVN",
    "reportedCurrency": "USD",
    "cik": "0001090012",
    "fillingDate": "2005-11-03",
    "acceptedDate": "2005-11-03 15:20:16",
    "calendarYear": "2005",
    "period": "Q3",
    "revenue": 2704000000,
    "costOfRevenue": 319000000,
    "grossProfit": 2385000000,
    "grossProfitRatio": 0.8820266272,
    "researchAndDevelopmentExpenses": 0,
    "generalAndAdministrativeExpenses": 70000000,
    "sellingAndMarketingExpenses": 405000000,
    "sellingGeneralAndAdministrativeExpenses": 364000000,
    "otherExpenses": 614000000,
    "operatingExpenses": 978000000,
    "costAndExpenses": 1297000000,
    "interestIncome": 0,
    "interestExpense": 164000000,
    "depreciationAndAmortization": 533000000,
    "ebitda": 1940000000,
    "ebitdaratio": 0.7174556213,
    "operatingIncome": 1407000000,
    "operatingIncomeRatio": 0.5203402367,
    "totalOtherIncomeExpensesNet": -268000000,
    "incomeBeforeTax": 1139000000,
    "incomeBeforeTaxRatio": 0.4212278107,
    "incomeTaxExpense": 395000000,
    "netIncome": 744000000,
    "netIncomeRatio": 0.275147929,
    "eps": 1.66,
    "epsdiluted": 1.63,
    "weightedAverageShsOut": 446000000,
    "weightedAverageShsOutDil": 454000000,
    "link": "https://www.sec.gov/Archives/edgar/data/1090012/000095013405020387/0000950134-05-020387-index.htm",
    "finalLink": "https://www.sec.gov/Archives/edgar/data/1090012/000095013405020387/d29899e10vq.htm"
  },
  {
    "date": "2005-06-30",
    "symbol": "DVN",
    "reportedCurrency": "USD",
    "cik": "0001090012",
    "fillingDate": "2005-08-04",
    "acceptedDate": "2005-08-04 16:38:30",
    "calendarYear": "2005",
    "period": "Q2",
    "revenue": 2468000000,
    "costOfRevenue": 338000000,
    "grossProfit": 2130000000,
    "grossProfitRatio": 0.8630470016,
    "researchAndDevelopmentExpenses": 0,
    "generalAndAdministrativeExpenses": 78000000,
    "sellingAndMarketingExpenses": 389000000,
    "sellingGeneralAndAdministrativeExpenses": 374000000,
    "otherExpenses": 610000000,
    "operatingExpenses": 984000000,
    "costAndExpenses": 1322000000,
    "interestIncome": 0,
    "interestExpense": 146000000,
    "depreciationAndAmortization": 533000000,
    "ebitda": 1671000000,
    "ebitdaratio": 0.6770664506,
    "operatingIncome": 1146000000,
    "operatingIncomeRatio": 0.4643435981,
    "totalOtherIncomeExpensesNet": -136000000,
    "incomeBeforeTax": 1010000000,
    "incomeBeforeTaxRatio": 0.4092382496,
    "incomeTaxExpense": 357000000,
    "netIncome": 653000000,
    "netIncomeRatio": 0.2645867099,
    "eps": 1.4,
    "epsdiluted": 1.38,
    "weightedAverageShsOut": 464000000,
    "weightedAverageShsOutDil": 471000000,
    "link": "https://www.sec.gov/Archives/edgar/data/1090012/000095013405014856/0000950134-05-014856-index.htm",
    "finalLink": "https://www.sec.gov/Archives/edgar/data/1090012/000095013405014856/d27467e10vq.htm"
  },
  {
    "date": "2005-03-31",
    "symbol": "DVN",
    "reportedCurrency": "USD",
    "cik": "0001090012",
    "fillingDate": "2005-05-05",
    "acceptedDate": "2005-05-05 16:13:13",
    "calendarYear": "2005",
    "period": "Q1",
    "revenue": 2351000000,
    "costOfRevenue": 348000000,
    "grossProfit": 2003000000,
    "grossProfitRatio": 0.8519778818,
    "researchAndDevelopmentExpenses": 0,
    "generalAndAdministrativeExpenses": 58000000,
    "sellingAndMarketingExpenses": 416000000,
    "sellingGeneralAndAdministrativeExpenses": 389000000,
    "otherExpenses": 657000000,
    "operatingExpenses": 1046000000,
    "costAndExpenses": 1394000000,
    "interestIncome": 0,
    "interestExpense": 118000000,
    "depreciationAndAmortization": 579000000,
    "ebitda": 1536000000,
    "ebitdaratio": 0.6533390047,
    "operatingIncome": 957000000,
    "operatingIncomeRatio": 0.4070608252,
    "totalOtherIncomeExpensesNet": -32000000,
    "incomeBeforeTax": 913000000,
    "incomeBeforeTaxRatio": 0.3883453849,
    "incomeTaxExpense": 350000000,
    "netIncome": 563000000,
    "netIncomeRatio": 0.2394725649,
    "eps": 1.17,
    "epsdiluted": 1.14,
    "weightedAverageShsOut": 480000000,
    "weightedAverageShsOutDil": 496000000,
    "link": "https://www.sec.gov/Archives/edgar/data/1090012/000095013405009100/0000950134-05-009100-index.htm",
    "finalLink": "https://www.sec.gov/Archives/edgar/data/1090012/000095013405009100/d25100e10vq.htm"
  },
  {
    "date": "2004-12-31",
    "symbol": "DVN",
    "reportedCurrency": "USD",
    "cik": "0001090012",
    "fillingDate": "2005-03-09",
    "acceptedDate": "2005-03-08 17:48:28",
    "calendarYear": "2004",
    "period": "Q4",
    "revenue": 2465000000,
    "costOfRevenue": 341000000,
    "grossProfit": 2124000000,
    "grossProfitRatio": 0.861663286,
    "researchAndDevelopmentExpenses": 0,
    "generalAndAdministrativeExpenses": 277000000,
    "sellingAndMarketingExpenses": 1701000000,
    "sellingGeneralAndAdministrativeExpenses": 429000000,
    "otherExpenses": 667000000,
    "operatingExpenses": 1096000000,
    "costAndExpenses": 1437000000,
    "interestIncome": 0,
    "interestExpense": 0,
    "depreciationAndAmortization": 594000000,
    "ebitda": 1622000000,
    "ebitdaratio": 0.6580121704,
    "operatingIncome": 1028000000,
    "operatingIncomeRatio": 0.4170385396,
    "totalOtherIncomeExpensesNet": -100000000,
    "incomeBeforeTax": 928000000,
    "incomeBeforeTaxRatio": 0.3764705882,
    "incomeTaxExpense": 255000000,
    "netIncome": 673000000,
    "netIncomeRatio": 0.2730223124,
    "eps": 1.4,
    "epsdiluted": 1.4,
    "weightedAverageShsOut": 480000000,
    "weightedAverageShsOutDil": 480000000,
    "link": "https://www.sec.gov/Archives/edgar/data/1090012/000095013405004427/0000950134-05-004427-index.htm",
    "finalLink": "https://www.sec.gov/Archives/edgar/data/1090012/000095013405004427/d22843e10vk.htm"
  },
  {
    "date": "2004-09-30",
    "symbol": "DVN",
    "reportedCurrency": "USD",
    "cik": "0001090012",
    "fillingDate": "2004-11-04",
    "acceptedDate": "2004-11-04 16:49:18",
    "calendarYear": "2004",
    "period": "Q3",
    "revenue": 2267000000,
    "costOfRevenue": 323000000,
    "grossProfit": 1944000000,
    "grossProfitRatio": 0.8575209528,
    "researchAndDevelopmentExpenses": 0,
    "generalAndAdministrativeExpenses": 59000000,
    "sellingAndMarketingExpenses": 408000000,
    "sellingGeneralAndAdministrativeExpenses": 389000000,
    "otherExpenses": 620000000,
    "operatingExpenses": 1009000000,
    "costAndExpenses": 1332000000,
    "interestIncome": 0,
    "interestExpense": 0,
    "depreciationAndAmortization": 572000000,
    "ebitda": 1507000000,
    "ebitdaratio": 0.6647551831,
    "operatingIncome": 935000000,
    "operatingIncomeRatio": 0.4124393472,
    "totalOtherIncomeExpensesNet": -118000000,
    "incomeBeforeTax": 817000000,
    "incomeBeforeTaxRatio": 0.3603881782,
    "incomeTaxExpense": 300000000,
    "netIncome": 517000000,
    "netIncomeRatio": 0.2280546978,
    "eps": 1.06,
    "epsdiluted": 1.03,
    "weightedAverageShsOut": 485000000,
    "weightedAverageShsOutDil": 500000000,
    "link": "https://www.sec.gov/Archives/edgar/data/1090012/000095013404016409/0000950134-04-016409-index.htm",
    "finalLink": "https://www.sec.gov/Archives/edgar/data/1090012/000095013404016409/d19757e10vq.htm"
  },
  {
    "date": "2004-06-30",
    "symbol": "DVN",
    "reportedCurrency": "USD",
    "cik": "0001090012",
    "fillingDate": "2004-08-06",
    "acceptedDate": "2004-08-06 17:27:00",
    "calendarYear": "2004",
    "period": "Q2",
    "revenue": 2219000000,
    "costOfRevenue": 306000000,
    "grossProfit": 1913000000,
    "grossProfitRatio": 0.8621000451,
    "researchAndDevelopmentExpenses": 0,
    "generalAndAdministrativeExpenses": 70000000,
    "sellingAndMarketingExpenses": 377000000,
    "sellingGeneralAndAdministrativeExpenses": 379000000,
    "otherExpenses": 623000000,
    "operatingExpenses": 1002000000,
    "costAndExpenses": 1308000000,
    "interestIncome": 0,
    "interestExpense": 0,
    "depreciationAndAmortization": 552000000,
    "ebitda": 1463000000,
    "ebitdaratio": 0.6593059937,
    "operatingIncome": 911000000,
    "operatingIncomeRatio": 0.4105452907,
    "totalOtherIncomeExpensesNet": -139000000,
    "incomeBeforeTax": 772000000,
    "incomeBeforeTaxRatio": 0.3479044615,
    "incomeTaxExpense": 270000000,
    "netIncome": 502000000,
    "netIncomeRatio": 0.2262280306,
    "eps": 1.04,
    "epsdiluted": 1.01,
    "weightedAverageShsOut": 482000000,
    "weightedAverageShsOutDil": 498000000,
    "link": "https://www.sec.gov/Archives/edgar/data/1090012/000095013404011629/0000950134-04-011629-index.htm",
    "finalLink": "https://www.sec.gov/Archives/edgar/data/1090012/000095013404011629/d17428e10vq.htm"
  },
  {
    "date": "2004-03-31",
    "symbol": "DVN",
    "reportedCurrency": "USD",
    "cik": "0001090012",
    "fillingDate": "2004-05-07",
    "acceptedDate": "2004-05-07 15:01:01",
    "calendarYear": "2004",
    "period": "Q1",
    "revenue": 2238000000,
    "costOfRevenue": 310000000,
    "grossProfit": 1928000000,
    "grossProfitRatio": 0.8614834674,
    "researchAndDevelopmentExpenses": 0,
    "generalAndAdministrativeExpenses": 77000000,
    "sellingAndMarketingExpenses": 417000000,
    "sellingGeneralAndAdministrativeExpenses": 420000000,
    "otherExpenses": 634000000,
    "operatingExpenses": 1054000000,
    "costAndExpenses": 1364000000,
    "interestIncome": 0,
    "interestExpense": 0,
    "depreciationAndAmortization": 572000000,
    "ebitda": 1457000000,
    "ebitdaratio": 0.6510277033,
    "operatingIncome": 874000000,
    "operatingIncomeRatio": 0.3905272565,
    "totalOtherIncomeExpensesNet": -109000000,
    "incomeBeforeTax": 776000000,
    "incomeBeforeTaxRatio": 0.3467381591,
    "incomeTaxExpense": 282000000,
    "netIncome": 494000000,
    "netIncomeRatio": 0.2207327971,
    "eps": 1.03,
    "epsdiluted": 1,
    "weightedAverageShsOut": 478000000,
    "weightedAverageShsOutDil": 493000000,
    "link": "https://www.sec.gov/Archives/edgar/data/1090012/000095013404006937/0000950134-04-006937-index.htm",
    "finalLink": "https://www.sec.gov/Archives/edgar/data/1090012/000095013404006937/d14916e10vq.htm"
  },
  {
    "date": "2003-12-31",
    "symbol": "DVN",
    "reportedCurrency": "USD",
    "cik": "0001090012",
    "fillingDate": "2004-03-05",
    "acceptedDate": "2004-03-05 17:23:44",
    "calendarYear": "2003",
    "period": "Q4",
    "revenue": 1920000000,
    "costOfRevenue": 303000000,
    "grossProfit": 1617000000,
    "grossProfitRatio": 0.8421875,
    "researchAndDevelopmentExpenses": 0,
    "generalAndAdministrativeExpenses": 307000000,
    "sellingAndMarketingExpenses": 1460000000,
    "sellingGeneralAndAdministrativeExpenses": 359000000,
    "otherExpenses": 615000000,
    "operatingExpenses": 974000000,
    "costAndExpenses": 1277000000,
    "interestIncome": 0,
    "interestExpense": 0,
    "depreciationAndAmortization": 562000000,
    "ebitda": 1205000000,
    "ebitdaratio": 0.6276041667,
    "operatingIncome": 670000000,
    "operatingIncomeRatio": 0.3489583333,
    "totalOtherIncomeExpensesNet": -252000000,
    "incomeBeforeTax": 418000000,
    "incomeBeforeTaxRatio": 0.2177083333,
    "incomeTaxExpense": -125000000,
    "netIncome": 543000000,
    "netIncomeRatio": 0.2828125,
    "eps": 1.14,
    "epsdiluted": 1.14,
    "weightedAverageShsOut": 468000000,
    "weightedAverageShsOutDil": 478000000,
    "link": "https://www.sec.gov/Archives/edgar/data/1090012/000095013404003010/0000950134-04-003010-index.htm",
    "finalLink": "https://www.sec.gov/Archives/edgar/data/1090012/000095013404003010/d13125e10vk.htm"
  },
  {
    "date": "2003-09-30",
    "symbol": "DVN",
    "reportedCurrency": "USD",
    "cik": "0001090012",
    "fillingDate": "2003-11-13",
    "acceptedDate": "2003-11-13 17:03:36",
    "calendarYear": "2003",
    "period": "Q3",
    "revenue": 1948000000,
    "costOfRevenue": 295000000,
    "grossProfit": 1653000000,
    "grossProfitRatio": 0.8485626283,
    "researchAndDevelopmentExpenses": 0,
    "generalAndAdministrativeExpenses": 79000000,
    "sellingAndMarketingExpenses": 335000000,
    "sellingGeneralAndAdministrativeExpenses": 347000000,
    "otherExpenses": 562000000,
    "operatingExpenses": 909000000,
    "costAndExpenses": 1204000000,
    "interestIncome": 0,
    "interestExpense": 0,
    "depreciationAndAmortization": 508000000,
    "ebitda": 1252000000,
    "ebitdaratio": 0.6427104723,
    "operatingIncome": 734000000,
    "operatingIncomeRatio": 0.3767967146,
    "totalOtherIncomeExpensesNet": -116000000,
    "incomeBeforeTax": 618000000,
    "incomeBeforeTaxRatio": 0.31724846,
    "incomeTaxExpense": 206000000,
    "netIncome": 412000000,
    "netIncomeRatio": 0.2114989733,
    "eps": 0.88,
    "epsdiluted": 0.86,
    "weightedAverageShsOut": 464000000,
    "weightedAverageShsOutDil": 482000000,
    "link": "https://www.sec.gov/Archives/edgar/data/1090012/000095013403015233/0000950134-03-015233-index.htm",
    "finalLink": "https://www.sec.gov/Archives/edgar/data/1090012/000095013403015233/d10620e10vq.htm"
  },
  {
    "date": "2003-06-30",
    "symbol": "DVN",
    "reportedCurrency": "USD",
    "cik": "0001090012",
    "fillingDate": "2003-08-13",
    "acceptedDate": "2003-08-13 16:59:25",
    "calendarYear": "2003",
    "period": "Q2",
    "revenue": 1813000000,
    "costOfRevenue": 274000000,
    "grossProfit": 1539000000,
    "grossProfitRatio": 0.8488692774,
    "researchAndDevelopmentExpenses": 0,
    "generalAndAdministrativeExpenses": 93000000,
    "sellingAndMarketingExpenses": 335000000,
    "sellingGeneralAndAdministrativeExpenses": 370000000,
    "otherExpenses": 478000000,
    "operatingExpenses": 848000000,
    "costAndExpenses": 1122000000,
    "interestIncome": 0,
    "interestExpense": 0,
    "depreciationAndAmortization": 427000000,
    "ebitda": 1099000000,
    "ebitdaratio": 0.6061776062,
    "operatingIncome": 675000000,
    "operatingIncomeRatio": 0.3723110866,
    "totalOtherIncomeExpensesNet": -86000000,
    "incomeBeforeTax": 589000000,
    "incomeBeforeTaxRatio": 0.3248758963,
    "incomeTaxExpense": 233000000,
    "netIncome": 356000000,
    "netIncomeRatio": 0.1963596249,
    "eps": 0.84,
    "epsdiluted": 0.81,
    "weightedAverageShsOut": 424000000,
    "weightedAverageShsOutDil": 442000000,
    "link": "https://www.sec.gov/Archives/edgar/data/1090012/000095013403011646/0000950134-03-011646-index.htm",
    "finalLink": "https://www.sec.gov/Archives/edgar/data/1090012/000095013403011646/d08124e10vq.htm"
  },
  {
    "date": "2003-03-31",
    "symbol": "DVN",
    "reportedCurrency": "USD",
    "cik": "0001090012",
    "fillingDate": "2003-05-13",
    "acceptedDate": "2003-05-13 17:30:54",
    "calendarYear": "2003",
    "period": "Q1",
    "revenue": 1671000000,
    "costOfRevenue": 206000000,
    "grossProfit": 1465000000,
    "grossProfitRatio": 0.8767205266,
    "researchAndDevelopmentExpenses": 0,
    "generalAndAdministrativeExpenses": 49000000,
    "sellingAndMarketingExpenses": 434000000,
    "sellingGeneralAndAdministrativeExpenses": 405000000,
    "otherExpenses": 365000000,
    "operatingExpenses": 770000000,
    "costAndExpenses": 976000000,
    "interestIncome": 0,
    "interestExpense": 0,
    "depreciationAndAmortization": 296000000,
    "ebitda": 991000000,
    "ebitdaratio": 0.5930580491,
    "operatingIncome": 710000000,
    "operatingIncomeRatio": 0.4248952723,
    "totalOtherIncomeExpensesNet": -90000000,
    "incomeBeforeTax": 620000000,
    "incomeBeforeTaxRatio": 0.3710353082,
    "incomeTaxExpense": 200000000,
    "netIncome": 436000000,
    "netIncomeRatio": 0.2609216038,
    "eps": 1.38,
    "epsdiluted": 1.34,
    "weightedAverageShsOut": 314000000,
    "weightedAverageShsOutDil": 326000000,
    "link": "https://www.sec.gov/Archives/edgar/data/1090012/000095013403007780/0000950134-03-007780-index.htm",
    "finalLink": "https://www.sec.gov/Archives/edgar/data/1090012/000095013403007780/d04988e10vq.htm"
  },
  {
    "date": "2002-12-31",
    "symbol": "DVN",
    "reportedCurrency": "USD",
    "cik": "0001090012",
    "fillingDate": "2003-03-07",
    "acceptedDate": "2003-03-07 13:14:35",
    "calendarYear": "2002",
    "period": "Q4",
    "revenue": 1228000000,
    "costOfRevenue": 190000000,
    "grossProfit": 1038000000,
    "grossProfitRatio": 0.845276873,
    "researchAndDevelopmentExpenses": 0,
    "generalAndAdministrativeExpenses": 0,
    "sellingAndMarketingExpenses": 0,
    "sellingGeneralAndAdministrativeExpenses": 317000000,
    "otherExpenses": 324000000,
    "operatingExpenses": 641000000,
    "costAndExpenses": 831000000,
    "interestIncome": 0,
    "interestExpense": 0,
    "depreciationAndAmortization": 269000000,
    "ebitda": 690000000,
    "ebitdaratio": 0.5618892508,
    "operatingIncome": 221000000,
    "operatingIncomeRatio": 0.1799674267,
    "totalOtherIncomeExpensesNet": -148000000,
    "incomeBeforeTax": 73000000,
    "incomeBeforeTaxRatio": 0.0594462541,
    "incomeTaxExpense": -22000000,
    "netIncome": 84000000,
    "netIncomeRatio": 0.0684039088,
    "eps": 0.27,
    "epsdiluted": 0.27,
    "weightedAverageShsOut": 314000000,
    "weightedAverageShsOutDil": 314000000,
    "link": "https://www.sec.gov/Archives/edgar/data/1090012/000095013403003538/0000950134-03-003538-index.htm",
    "finalLink": "https://www.sec.gov/Archives/edgar/data/1090012/000095013403003538/d03660e10vk.txt"
  },
  {
    "date": "2002-09-30",
    "symbol": "DVN",
    "reportedCurrency": "USD",
    "cik": "0001090012",
    "fillingDate": "2002-11-14",
    "acceptedDate": "2002-11-14 12:19:30",
    "calendarYear": "2002",
    "period": "Q3",
    "revenue": 1032000000,
    "costOfRevenue": 191000000,
    "grossProfit": 841000000,
    "grossProfitRatio": 0.8149224806,
    "researchAndDevelopmentExpenses": 0,
    "generalAndAdministrativeExpenses": 259000000,
    "sellingAndMarketingExpenses": 0,
    "sellingGeneralAndAdministrativeExpenses": 259000000,
    "otherExpenses": 308000000,
    "operatingExpenses": 567000000,
    "costAndExpenses": 758000000,
    "interestIncome": 0,
    "interestExpense": 0,
    "depreciationAndAmortization": 299000000,
    "ebitda": 582000000,
    "ebitdaratio": 0.5639534884,
    "operatingIncome": 274000000,
    "operatingIncomeRatio": 0.265503876,
    "totalOtherIncomeExpensesNet": -124000000,
    "incomeBeforeTax": 150000000,
    "incomeBeforeTaxRatio": 0.1453488372,
    "incomeTaxExpense": 38000000,
    "netIncome": 62000000,
    "netIncomeRatio": 0.0600775194,
    "eps": 0.19,
    "epsdiluted": 0.19,
    "weightedAverageShsOut": 312000000,
    "weightedAverageShsOutDil": 316000000,
    "link": "https://www.sec.gov/Archives/edgar/data/1090012/000095013402014320/0000950134-02-014320-index.htm",
    "finalLink": "https://www.sec.gov/Archives/edgar/data/1090012/000095013402014320/d01237e10vq.txt"
  },
  {
    "date": "2002-06-30",
    "symbol": "DVN",
    "reportedCurrency": "USD",
    "cik": "0001090012",
    "fillingDate": "2002-08-13",
    "acceptedDate": "2002-08-13 16:17:18",
    "calendarYear": "2002",
    "period": "Q2",
    "revenue": 1165000000,
    "costOfRevenue": 204000000,
    "grossProfit": 961000000,
    "grossProfitRatio": 0.8248927039,
    "researchAndDevelopmentExpenses": 0,
    "generalAndAdministrativeExpenses": 276000000,
    "sellingAndMarketingExpenses": 0,
    "sellingGeneralAndAdministrativeExpenses": 276000000,
    "otherExpenses": 362000000,
    "operatingExpenses": 638000000,
    "costAndExpenses": 842000000,
    "interestIncome": 0,
    "interestExpense": 0,
    "depreciationAndAmortization": 323000000,
    "ebitda": 640000000,
    "ebitdaratio": 0.5493562232,
    "operatingIncome": -328000000,
    "operatingIncomeRatio": -0.2815450644,
    "totalOtherIncomeExpensesNet": -100000000,
    "incomeBeforeTax": -430000000,
    "incomeBeforeTaxRatio": -0.3690987124,
    "incomeTaxExpense": -227000000,
    "netIncome": -104000000,
    "netIncomeRatio": -0.0892703863,
    "eps": -0.33,
    "epsdiluted": -0.32,
    "weightedAverageShsOut": 314000000,
    "weightedAverageShsOutDil": 326000000,
    "link": "https://www.sec.gov/Archives/edgar/data/1090012/000095013402009739/0000950134-02-009739-index.htm",
    "finalLink": "https://www.sec.gov/Archives/edgar/data/1090012/000095013402009739/d98918e10vq.txt"
  },
  {
    "date": "2002-03-31",
    "symbol": "DVN",
    "reportedCurrency": "USD",
    "cik": "0001090012",
    "fillingDate": "2002-05-15",
    "acceptedDate": "2002-05-15 12:18:08",
    "calendarYear": "2002",
    "period": "Q1",
    "revenue": 938000000,
    "costOfRevenue": 208000000,
    "grossProfit": 730000000,
    "grossProfitRatio": 0.7782515991,
    "researchAndDevelopmentExpenses": 0,
    "generalAndAdministrativeExpenses": 174000000,
    "sellingAndMarketingExpenses": 0,
    "sellingGeneralAndAdministrativeExpenses": 174000000,
    "otherExpenses": 338000000,
    "operatingExpenses": 512000000,
    "costAndExpenses": 720000000,
    "interestIncome": 0,
    "interestExpense": 0,
    "depreciationAndAmortization": 320000000,
    "ebitda": 515000000,
    "ebitdaratio": 0.5490405117,
    "operatingIncome": 214000000,
    "operatingIncomeRatio": 0.2281449893,
    "totalOtherIncomeExpensesNet": -138000000,
    "incomeBeforeTax": 84000000,
    "incomeBeforeTaxRatio": 0.0895522388,
    "incomeTaxExpense": 22000000,
    "netIncome": 62000000,
    "netIncomeRatio": 0.066098081,
    "eps": 0.21,
    "epsdiluted": 0.2,
    "weightedAverageShsOut": 296000000,
    "weightedAverageShsOutDil": 300000000,
    "link": "https://www.sec.gov/Archives/edgar/data/1090012/000095013402005642/0000950134-02-005642-index.htm",
    "finalLink": "https://www.sec.gov/Archives/edgar/data/1090012/000095013402005642/d97028e10-q.txt"
  },
  {
    "date": "2001-12-31",
    "symbol": "DVN",
    "reportedCurrency": "USD",
    "cik": "0001090012",
    "fillingDate": "2002-03-19",
    "acceptedDate": "2002-03-19 00:00:00",
    "calendarYear": "2001",
    "period": "Q4",
    "revenue": 739536000,
    "costOfRevenue": 199180000,
    "grossProfit": 540356000,
    "grossProfitRatio": 0.73066896,
    "researchAndDevelopmentExpenses": 0,
    "generalAndAdministrativeExpenses": 37133000,
    "sellingAndMarketingExpenses": 0,
    "sellingGeneralAndAdministrativeExpenses": 37133000,
    "otherExpenses": 333652000,
    "operatingExpenses": 370785000,
    "costAndExpenses": 569965000,
    "interestIncome": 0,
    "interestExpense": 0,
    "depreciationAndAmortization": 331547000,
    "ebitda": 501118000,
    "ebitdaratio": 0.6776113671,
    "operatingIncome": -761576000,
    "operatingIncomeRatio": -1.0298024707,
    "totalOtherIncomeExpensesNet": -111331000,
    "incomeBeforeTax": -872907000,
    "incomeBeforeTaxRatio": -1.1803441617,
    "incomeTaxExpense": -354970000,
    "netIncome": -518389000,
    "netIncomeRatio": -0.7009651998,
    "eps": -1.75,
    "epsdiluted": -1.75,
    "weightedAverageShsOut": 296000000,
    "weightedAverageShsOutDil": 296000000,
    "link": "https://www.sec.gov/Archives/edgar/data/1090012/000095013402002253/0000950134-02-002253-index.htm",
    "finalLink": "https://www.sec.gov/Archives/edgar/data/1090012/000095013402002253/d95009e10-k405.txt"
  },
  {
    "date": "2001-09-30",
    "symbol": "DVN",
    "reportedCurrency": "USD",
    "cik": "0001090012",
    "fillingDate": "2001-11-14",
    "acceptedDate": "2001-11-14 00:00:00",
    "calendarYear": "2001",
    "period": "Q3",
    "revenue": 586715000,
    "costOfRevenue": 140894000,
    "grossProfit": 445821000,
    "grossProfitRatio": 0.759859557,
    "researchAndDevelopmentExpenses": 0,
    "generalAndAdministrativeExpenses": 26977000,
    "sellingAndMarketingExpenses": 0,
    "sellingGeneralAndAdministrativeExpenses": 26977000,
    "otherExpenses": 234773000,
    "operatingExpenses": 261750000,
    "costAndExpenses": 402644000,
    "interestIncome": 0,
    "interestExpense": 0,
    "depreciationAndAmortization": 215909000,
    "ebitda": 357000000,
    "ebitdaratio": 0.6084725974,
    "operatingIncome": 173160000,
    "operatingIncomeRatio": 0.2951347758,
    "totalOtherIncomeExpensesNet": -33147000,
    "incomeBeforeTax": 140013000,
    "incomeBeforeTaxRatio": 0.2386388621,
    "incomeTaxExpense": 55281000,
    "netIncome": 84732000,
    "netIncomeRatio": 0.1444176474,
    "eps": 0.33,
    "epsdiluted": 0.32,
    "weightedAverageShsOut": 252670000,
    "weightedAverageShsOutDil": 263146000,
    "link": "https://www.sec.gov/Archives/edgar/data/1090012/000093066101502413/0000930661-01-502413-index.htm",
    "finalLink": "https://www.sec.gov/Archives/edgar/data/1090012/000093066101502413/d10q.txt"
  },
  {
    "date": "2001-06-30",
    "symbol": "DVN",
    "reportedCurrency": "USD",
    "cik": "0001090012",
    "fillingDate": "2001-08-14",
    "acceptedDate": "2001-08-14 00:00:00",
    "calendarYear": "2001",
    "period": "Q2",
    "revenue": 725162000,
    "costOfRevenue": 133874000,
    "grossProfit": 591288000,
    "grossProfitRatio": 0.8153874583,
    "researchAndDevelopmentExpenses": 0,
    "generalAndAdministrativeExpenses": 24628000,
    "sellingAndMarketingExpenses": 0,
    "sellingGeneralAndAdministrativeExpenses": 24628000,
    "otherExpenses": 222712000,
    "operatingExpenses": 247340000,
    "costAndExpenses": 381214000,
    "interestIncome": 0,
    "interestExpense": 0,
    "depreciationAndAmortization": 195205000,
    "ebitda": 539492000,
    "ebitdaratio": 0.7439606598,
    "operatingIncome": 267006000,
    "operatingIncomeRatio": 0.3682018639,
    "totalOtherIncomeExpensesNet": -26942000,
    "incomeBeforeTax": 240064000,
    "incomeBeforeTaxRatio": 0.3310487863,
    "incomeTaxExpense": 103674000,
    "netIncome": 136390000,
    "netIncomeRatio": 0.1880821113,
    "eps": 0.52,
    "epsdiluted": 0.49,
    "weightedAverageShsOut": 258976000,
    "weightedAverageShsOutDil": 270806000,
    "link": "https://www.sec.gov/Archives/edgar/data/1090012/000095013401505415/0000950134-01-505415-index.htm",
    "finalLink": "https://www.sec.gov/Archives/edgar/data/1090012/000095013401505415/d89905e10-q.txt"
  },
  {
    "date": "2001-03-31",
    "symbol": "DVN",
    "reportedCurrency": "USD",
    "cik": "0001090012",
    "fillingDate": "2001-05-14",
    "acceptedDate": "2001-05-14 00:00:00",
    "calendarYear": "2001",
    "period": "Q1",
    "revenue": 1023587000,
    "costOfRevenue": 140052000,
    "grossProfit": 883535000,
    "grossProfitRatio": 0.8631752846,
    "researchAndDevelopmentExpenses": 0,
    "generalAndAdministrativeExpenses": 22262000,
    "sellingAndMarketingExpenses": 0,
    "sellingGeneralAndAdministrativeExpenses": 22262000,
    "otherExpenses": 235863000,
    "operatingExpenses": 258125000,
    "costAndExpenses": 398177000,
    "interestIncome": 0,
    "interestExpense": 0,
    "depreciationAndAmortization": 193339000,
    "ebitda": 810000000,
    "ebitdaratio": 0.7913347864,
    "operatingIncome": 625410000,
    "operatingIncomeRatio": 0.6109983812,
    "totalOtherIncomeExpensesNet": -40000000,
    "incomeBeforeTax": 576830000,
    "incomeBeforeTaxRatio": 0.5635378331,
    "incomeTaxExpense": 226015000,
    "netIncome": 400267000,
    "netIncomeRatio": 0.391043458,
    "eps": 1.54,
    "epsdiluted": 1.48,
    "weightedAverageShsOut": 258060000,
    "weightedAverageShsOutDil": 270722000,
    "link": "https://www.sec.gov/Archives/edgar/data/1090012/000095013401501742/0000950134-01-501742-index.htm",
    "finalLink": "https://www.sec.gov/Archives/edgar/data/1090012/000095013401501742/d87248e10-q.txt"
  },
  {
    "date": "2000-12-31",
    "symbol": "DVN",
    "reportedCurrency": "USD",
    "cik": "0001090012",
    "fillingDate": "2001-03-15",
    "acceptedDate": "2001-03-15 00:00:00",
    "calendarYear": "2000",
    "period": "Q4",
    "revenue": 880903000,
    "costOfRevenue": 156167000,
    "grossProfit": 724736000,
    "grossProfitRatio": 0.8227194141,
    "researchAndDevelopmentExpenses": 0,
    "generalAndAdministrativeExpenses": 18831000,
    "sellingAndMarketingExpenses": 0,
    "sellingGeneralAndAdministrativeExpenses": 18831000,
    "otherExpenses": 232963000,
    "operatingExpenses": 251794000,
    "costAndExpenses": 407961000,
    "interestIncome": 0,
    "interestExpense": 0,
    "depreciationAndAmortization": 195961000,
    "ebitda": 668903000,
    "ebitdaratio": 0.7593378613,
    "operatingIncome": 467394000,
    "operatingIncomeRatio": 0.5305850928,
    "totalOtherIncomeExpensesNet": -30525000,
    "incomeBeforeTax": 436869000,
    "incomeBeforeTaxRatio": 0.4959331504,
    "incomeTaxExpense": 129960000,
    "netIncome": 306909000,
    "netIncomeRatio": 0.3484027186,
    "eps": 1.19,
    "epsdiluted": 1.19,
    "weightedAverageShsOut": 253610000,
    "weightedAverageShsOutDil": 258060000,
    "link": "https://www.sec.gov/Archives/edgar/data/1090012/000095013401002183/0000950134-01-002183-index.htm",
    "finalLink": "https://www.sec.gov/Archives/edgar/data/1090012/000095013401002183/d84811e10-k405.txt"
  },
  {
    "date": "2000-09-30",
    "symbol": "DVN",
    "reportedCurrency": "USD",
    "cik": "0001090012",
    "fillingDate": "2000-11-14",
    "acceptedDate": "2000-11-14 00:00:00",
    "calendarYear": "2000",
    "period": "Q3",
    "revenue": 714846000,
    "costOfRevenue": -3697000,
    "grossProfit": 718543000,
    "grossProfitRatio": 1.0051717433,
    "researchAndDevelopmentExpenses": 0,
    "generalAndAdministrativeExpenses": 25304000,
    "sellingAndMarketingExpenses": 0,
    "sellingGeneralAndAdministrativeExpenses": 25304000,
    "otherExpenses": 324499000,
    "operatingExpenses": 349803000,
    "costAndExpenses": 346106000,
    "interestIncome": 0,
    "interestExpense": 0,
    "depreciationAndAmortization": 298247000,
    "ebitda": 551841000,
    "ebitdaratio": 0.7719718653,
    "operatingIncome": 311507000,
    "operatingIncomeRatio": 0.4357679836,
    "totalOtherIncomeExpensesNet": -40445000,
    "incomeBeforeTax": 271062000,
    "incomeBeforeTaxRatio": 0.3791893639,
    "incomeTaxExpense": 106150000,
    "netIncome": 164912000,
    "netIncomeRatio": 0.2306958422,
    "eps": 0.64,
    "epsdiluted": 0.61,
    "weightedAverageShsOut": 255714000,
    "weightedAverageShsOutDil": 268788000,
    "link": "https://www.sec.gov/Archives/edgar/data/1090012/000095013400009799/0000950134-00-009799-index.htm",
    "finalLink": "https://www.sec.gov/Archives/edgar/data/1090012/000095013400009799/d81811e10-q.txt"
  },
  {
    "date": "2000-06-30",
    "symbol": "DVN",
    "reportedCurrency": "USD",
    "cik": "0001090012",
    "fillingDate": "2000-08-11",
    "acceptedDate": "2000-08-11 00:00:00",
    "calendarYear": "2000",
    "period": "Q2",
    "revenue": 400843000,
    "costOfRevenue": 71703000,
    "grossProfit": 329140000,
    "grossProfitRatio": 0.8211194907,
    "researchAndDevelopmentExpenses": 0,
    "generalAndAdministrativeExpenses": 16123000,
    "sellingAndMarketingExpenses": 0,
    "sellingGeneralAndAdministrativeExpenses": 16123000,
    "otherExpenses": 133973000,
    "operatingExpenses": 150096000,
    "costAndExpenses": 221799000,
    "interestIncome": 0,
    "interestExpense": 0,
    "depreciationAndAmortization": 122603000,
    "ebitda": 301647000,
    "ebitdaratio": 0.7525315398,
    "operatingIncome": 179044000,
    "operatingIncomeRatio": 0.4466686458,
    "totalOtherIncomeExpensesNet": -40875000,
    "incomeBeforeTax": 153369000,
    "incomeBeforeTaxRatio": 0.3826161365,
    "incomeTaxExpense": 62635000,
    "netIncome": 90734000,
    "netIncomeRatio": 0.2263579506,
    "eps": 0.6,
    "epsdiluted": 0.59,
    "weightedAverageShsOut": 253988000,
    "weightedAverageShsOutDil": 258910000,
    "link": "https://www.sec.gov/Archives/edgar/data/1090012/000090933400000102/0000909334-00-000102-index.htm",
    "finalLink": "https://www.sec.gov/Archives/edgar/data/1090012/000090933400000102/0000909334-00-000102-0001.txt"
  },
  {
    "date": "2000-03-31",
    "symbol": "DVN",
    "reportedCurrency": "USD",
    "cik": "0001090012",
    "fillingDate": "2000-05-11",
    "acceptedDate": "2000-05-11 00:00:00",
    "calendarYear": "2000",
    "period": "Q1",
    "revenue": 347711000,
    "costOfRevenue": 66916000,
    "grossProfit": 280795000,
    "grossProfitRatio": 0.807552824,
    "researchAndDevelopmentExpenses": 0,
    "generalAndAdministrativeExpenses": 16650000,
    "sellingAndMarketingExpenses": 0,
    "sellingGeneralAndAdministrativeExpenses": 16650000,
    "otherExpenses": 128281000,
    "operatingExpenses": 144931000,
    "costAndExpenses": 211847000,
    "interestIncome": 0,
    "interestExpense": 0,
    "depreciationAndAmortization": 117861000,
    "ebitda": 397648000,
    "ebitdaratio": 1.1436163941,
    "operatingIncome": 135864000,
    "operatingIncomeRatio": 0.3907382855,
    "totalOtherIncomeExpensesNet": -42484000,
    "incomeBeforeTax": 108180000,
    "incomeBeforeTaxRatio": 0.311120442,
    "incomeTaxExpense": 47093000,
    "netIncome": 61087000,
    "netIncomeRatio": 0.1756832542,
    "eps": 0.41,
    "epsdiluted": 0.4,
    "weightedAverageShsOut": 172416000,
    "weightedAverageShsOutDil": 174066000,
    "link": "https://www.sec.gov/Archives/edgar/data/1090012/000109001200000011/0001090012-00-000011-index.html",
    "finalLink": "https://www.sec.gov/Archives/edgar/data/1090012/000109001200000011/"
  },
  {
    "date": "1999-12-31",
    "symbol": "DVN",
    "reportedCurrency": "USD",
    "cik": "0001090012",
    "fillingDate": "2000-03-30",
    "acceptedDate": "2000-03-29 21:32:00",
    "calendarYear": "1999",
    "period": "Q4",
    "revenue": 304100000,
    "costOfRevenue": 67700000,
    "grossProfit": 236400000,
    "grossProfitRatio": 0.7773758632,
    "researchAndDevelopmentExpenses": 0,
    "generalAndAdministrativeExpenses": 21300000,
    "sellingAndMarketingExpenses": 0,
    "sellingGeneralAndAdministrativeExpenses": 21300000,
    "otherExpenses": 123900000,
    "operatingExpenses": 145200000,
    "costAndExpenses": 212900000,
    "interestIncome": 0,
    "interestExpense": 0,
    "depreciationAndAmortization": 114300000,
    "ebitda": 205500000,
    "ebitdaratio": 0.6757645511,
    "operatingIncome": 91200000,
    "operatingIncomeRatio": 0.2999013482,
    "totalOtherIncomeExpensesNet": -8200000,
    "incomeBeforeTax": 83000000,
    "incomeBeforeTaxRatio": 0.272936534,
    "incomeTaxExpense": 35000000,
    "netIncome": 48000000,
    "netIncomeRatio": 0.1578428149,
    "eps": 0.28,
    "epsdiluted": 0.28,
    "weightedAverageShsOut": 172416000,
    "weightedAverageShsOutDil": 172416000,
    "link": "https://www.sec.gov/Archives/edgar/data/1090012/000095013400002693/0000950134-00-002693-index.htm",
    "finalLink": "https://www.sec.gov/Archives/edgar/data/1090012/000095013400002693/"
  },
  {
    "date": "1999-09-30",
    "symbol": "DVN",
    "reportedCurrency": "USD",
    "cik": "0001090012",
    "fillingDate": "1999-11-10",
    "acceptedDate": "1999-11-10 00:00:00",
    "calendarYear": "1999",
    "period": "Q3",
    "revenue": 219900000,
    "costOfRevenue": 45800000,
    "grossProfit": 174100000,
    "grossProfitRatio": 0.7917235107,
    "researchAndDevelopmentExpenses": 0,
    "generalAndAdministrativeExpenses": 0,
    "sellingAndMarketingExpenses": 0,
    "sellingGeneralAndAdministrativeExpenses": 19300000,
    "otherExpenses": 92600000,
    "operatingExpenses": 111900000,
    "costAndExpenses": 157700000,
    "interestIncome": 0,
    "interestExpense": 0,
    "depreciationAndAmortization": 85500000,
    "ebitda": 305037000,
    "ebitdaratio": 1.3871623465,
    "operatingIncome": 62200000,
    "operatingIncomeRatio": 0.2828558436,
    "totalOtherIncomeExpensesNet": 19881000,
    "incomeBeforeTax": 38600000,
    "incomeBeforeTaxRatio": 0.1755343338,
    "incomeTaxExpense": 14100000,
    "netIncome": 24500000,
    "netIncomeRatio": 0.1114142792,
    "eps": 0.25,
    "epsdiluted": 0.24,
    "weightedAverageShsOut": 198356000,
    "weightedAverageShsOutDil": 211192000,
    "link": "https://www.sec.gov/Archives/edgar/data/1090012/000109001299000009/0001090012-99-000009-index.html",
    "finalLink": "https://www.sec.gov/Archives/edgar/data/1090012/000109001299000009/"
  },
  {
    "date": "1999-06-30",
    "symbol": "DVN",
    "reportedCurrency": "USD",
    "cik": "0001090012",
    "fillingDate": "1999-06-30",
    "acceptedDate": "1999-06-30 00:00:00",
    "calendarYear": "1999",
    "period": "Q2",
    "revenue": 104300000,
    "costOfRevenue": 27100000,
    "grossProfit": 77200000,
    "grossProfitRatio": 0.7401725791,
    "researchAndDevelopmentExpenses": 0,
    "generalAndAdministrativeExpenses": 0,
    "sellingAndMarketingExpenses": 0,
    "sellingGeneralAndAdministrativeExpenses": 7000000,
    "otherExpenses": 39200000,
    "operatingExpenses": 46200000,
    "costAndExpenses": 73300000,
    "interestIncome": 0,
    "interestExpense": 0,
    "depreciationAndAmortization": 35700000,
    "ebitda": 66800000,
    "ebitdaratio": 0.6404602109,
    "operatingIncome": 31000000,
    "operatingIncomeRatio": 0.297219559,
    "totalOtherIncomeExpensesNet": -3900000,
    "incomeBeforeTax": 27100000,
    "incomeBeforeTaxRatio": 0.2598274209,
    "incomeTaxExpense": 10900000,
    "netIncome": 16200000,
    "netIncomeRatio": 0.1553211889,
    "eps": 0.17,
    "epsdiluted": 0.17,
    "weightedAverageShsOut": 98181818,
    "weightedAverageShsOutDil": 98181818,
    "link": null,
    "finalLink": null
  },
  {
    "date": "1999-03-31",
    "symbol": "DVN",
    "reportedCurrency": "USD",
    "cik": "0001090012",
    "fillingDate": "1999-03-31",
    "acceptedDate": "1999-03-31 00:00:00",
    "calendarYear": "1999",
    "period": "Q1",
    "revenue": 87300000,
    "costOfRevenue": 27400000,
    "grossProfit": 59900000,
    "grossProfitRatio": 0.686139748,
    "researchAndDevelopmentExpenses": 0,
    "generalAndAdministrativeExpenses": 0,
    "sellingAndMarketingExpenses": 0,
    "sellingGeneralAndAdministrativeExpenses": 6200000,
    "otherExpenses": 36600000,
    "operatingExpenses": 42800000,
    "costAndExpenses": 70200000,
    "interestIncome": 0,
    "interestExpense": 0,
    "depreciationAndAmortization": 33600000,
    "ebitda": 50700000,
    "ebitdaratio": 0.5807560137,
    "operatingIncome": 17100000,
    "operatingIncomeRatio": 0.1958762887,
    "totalOtherIncomeExpensesNet": -5900000,
    "incomeBeforeTax": 11200000,
    "incomeBeforeTaxRatio": 0.1282932417,
    "incomeTaxExpense": 5200000,
    "netIncome": 6000000,
    "netIncomeRatio": 0.0687285223,
    "eps": 0.06,
    "epsdiluted": 0.06,
    "weightedAverageShsOut": 96940000,
    "weightedAverageShsOutDil": 96940000,
    "link": null,
    "finalLink": null
  },
  {
    "date": "1998-12-31",
    "symbol": "DVN",
    "reportedCurrency": "USD",
    "cik": "0001090012",
    "fillingDate": "1998-12-31",
    "acceptedDate": "1998-12-31 00:00:00",
    "calendarYear": "1998",
    "period": "Q4",
    "revenue": 185200000,
    "costOfRevenue": 58200000,
    "grossProfit": 127000000,
    "grossProfitRatio": 0.6857451404,
    "researchAndDevelopmentExpenses": 0,
    "generalAndAdministrativeExpenses": 0,
    "sellingAndMarketingExpenses": 0,
    "sellingGeneralAndAdministrativeExpenses": 13700000,
    "otherExpenses": 59700000,
    "operatingExpenses": 73400000,
    "costAndExpenses": 131600000,
    "interestIncome": 0,
    "interestExpense": 0,
    "depreciationAndAmortization": 55600000,
    "ebitda": 109200000,
    "ebitdaratio": 0.5896328294,
    "operatingIncome": 167400000,
    "operatingIncomeRatio": 0.903887689,
    "totalOtherIncomeExpensesNet": -150200000,
    "incomeBeforeTax": 17200000,
    "incomeBeforeTaxRatio": 0.0928725702,
    "incomeTaxExpense": 12200000,
    "netIncome": 5000000,
    "netIncomeRatio": 0.0269978402,
    "eps": 0.0773,
    "epsdiluted": 0.0773,
    "weightedAverageShsOut": 64432043,
    "weightedAverageShsOutDil": 64669261,
    "link": null,
    "finalLink": null
  },
  {
    "date": "1998-09-30",
    "symbol": "DVN",
    "reportedCurrency": "USD",
    "cik": "0001090012",
    "fillingDate": "1998-09-30",
    "acceptedDate": "1998-09-30 00:00:00",
    "calendarYear": "1998",
    "period": "Q3",
    "revenue": 57100000,
    "costOfRevenue": 18200000,
    "grossProfit": 38900000,
    "grossProfitRatio": 0.6812609457,
    "researchAndDevelopmentExpenses": 0,
    "generalAndAdministrativeExpenses": 0,
    "sellingAndMarketingExpenses": 0,
    "sellingGeneralAndAdministrativeExpenses": 3200000,
    "otherExpenses": 26400000,
    "operatingExpenses": 29600000,
    "costAndExpenses": 47800000,
    "interestIncome": 0,
    "interestExpense": 0,
    "depreciationAndAmortization": 23200000,
    "ebitda": 55300000,
    "ebitdaratio": 0.9684763573,
    "operatingIncome": -117600000,
    "operatingIncomeRatio": -2.0595446585,
    "totalOtherIncomeExpensesNet": -16800000,
    "incomeBeforeTax": -120200000,
    "incomeBeforeTaxRatio": -2.1050788091,
    "incomeTaxExpense": -37100000,
    "netIncome": -83100000,
    "netIncomeRatio": -1.4553415061,
    "eps": -1.28,
    "epsdiluted": -1.28,
    "weightedAverageShsOut": 64727273,
    "weightedAverageShsOutDil": 64727273,
    "link": null,
    "finalLink": null
  },
  {
    "date": "1998-06-30",
    "symbol": "DVN",
    "reportedCurrency": "USD",
    "cik": "0001090012",
    "fillingDate": "1998-06-30",
    "acceptedDate": "1998-06-30 00:00:00",
    "calendarYear": "1998",
    "period": "Q2",
    "revenue": 62500000,
    "costOfRevenue": 18500000,
    "grossProfit": 44000000,
    "grossProfitRatio": 0.704,
    "researchAndDevelopmentExpenses": 0,
    "generalAndAdministrativeExpenses": 0,
    "sellingAndMarketingExpenses": 0,
    "sellingGeneralAndAdministrativeExpenses": 3500000,
    "otherExpenses": 26900000,
    "operatingExpenses": 30400000,
    "costAndExpenses": 48900000,
    "interestIncome": 0,
    "interestExpense": 0,
    "depreciationAndAmortization": 23300000,
    "ebitda": 66500000,
    "ebitdaratio": 1.064,
    "operatingIncome": 13600000,
    "operatingIncomeRatio": 0.2176,
    "totalOtherIncomeExpensesNet": -14700000,
    "incomeBeforeTax": 11200000,
    "incomeBeforeTaxRatio": 0.1792,
    "incomeTaxExpense": 3600000,
    "netIncome": 7600000,
    "netIncomeRatio": 0.1216,
    "eps": 0.13,
    "epsdiluted": 0.13,
    "weightedAverageShsOut": 65161290,
    "weightedAverageShsOutDil": 65161290,
    "link": null,
    "finalLink": null
  },
  {
    "date": "1998-03-31",
    "symbol": "DVN",
    "reportedCurrency": "USD",
    "cik": "0001090012",
    "fillingDate": "1998-03-31",
    "acceptedDate": "1998-03-31 00:00:00",
    "calendarYear": "1998",
    "period": "Q1",
    "revenue": 64900000,
    "costOfRevenue": 18600000,
    "grossProfit": 46300000,
    "grossProfitRatio": 0.7134052388,
    "researchAndDevelopmentExpenses": 0,
    "generalAndAdministrativeExpenses": 0,
    "sellingAndMarketingExpenses": 0,
    "sellingGeneralAndAdministrativeExpenses": 3300000,
    "otherExpenses": 24700000,
    "operatingExpenses": 28000000,
    "costAndExpenses": 46600000,
    "interestIncome": 0,
    "interestExpense": 0,
    "depreciationAndAmortization": 21700000,
    "ebitda": 40000000,
    "ebitdaratio": 0.6163328197,
    "operatingIncome": 18300000,
    "operatingIncomeRatio": 0.281972265,
    "totalOtherIncomeExpensesNet": -7900000,
    "incomeBeforeTax": 15800000,
    "incomeBeforeTaxRatio": 0.2434514638,
    "incomeTaxExpense": 5700000,
    "netIncome": 10100000,
    "netIncomeRatio": 0.155624037,
    "eps": 0.14,
    "epsdiluted": 0.14,
    "weightedAverageShsOut": 64638000,
    "weightedAverageShsOutDil": 64638000,
    "link": null,
    "finalLink": null
  },
  {
    "date": "1997-12-31",
    "symbol": "DVN",
    "reportedCurrency": "USD",
    "cik": "0001090012",
    "fillingDate": "1997-12-31",
    "acceptedDate": "1997-12-31 00:00:00",
    "calendarYear": "1997",
    "period": "Q4",
    "revenue": 82700000,
    "costOfRevenue": 19500000,
    "grossProfit": 63200000,
    "grossProfitRatio": 0.7642079807,
    "researchAndDevelopmentExpenses": 0,
    "generalAndAdministrativeExpenses": 0,
    "sellingAndMarketingExpenses": 0,
    "sellingGeneralAndAdministrativeExpenses": 3700000,
    "otherExpenses": 29600000,
    "operatingExpenses": 33300000,
    "costAndExpenses": 52800000,
    "interestIncome": 0,
    "interestExpense": 0,
    "depreciationAndAmortization": 24900000,
    "ebitda": 54800000,
    "ebitdaratio": 0.6626360339,
    "operatingIncome": 29900000,
    "operatingIncomeRatio": 0.361547763,
    "totalOtherIncomeExpensesNet": -2600000,
    "incomeBeforeTax": 27300000,
    "incomeBeforeTaxRatio": 0.3301088271,
    "incomeTaxExpense": 8400000,
    "netIncome": 18900000,
    "netIncomeRatio": 0.2285368803,
    "eps": 0.3,
    "epsdiluted": 0.3,
    "weightedAverageShsOut": 63921569,
    "weightedAverageShsOutDil": 63921569,
    "link": null,
    "finalLink": null
  },
  {
    "date": "1997-09-30",
    "symbol": "DVN",
    "reportedCurrency": "USD",
    "cik": "0001090012",
    "fillingDate": "1997-09-30",
    "acceptedDate": "1997-09-30 00:00:00",
    "calendarYear": "1997",
    "period": "Q3",
    "revenue": 72900000,
    "costOfRevenue": 15800000,
    "grossProfit": 57100000,
    "grossProfitRatio": 0.7832647462,
    "researchAndDevelopmentExpenses": 0,
    "generalAndAdministrativeExpenses": 0,
    "sellingAndMarketingExpenses": 0,
    "sellingGeneralAndAdministrativeExpenses": 3000000,
    "otherExpenses": 24300000,
    "operatingExpenses": 27300000,
    "costAndExpenses": 43100000,
    "interestIncome": 0,
    "interestExpense": 0,
    "depreciationAndAmortization": 20300000,
    "ebitda": 50100000,
    "ebitdaratio": 0.6872427984,
    "operatingIncome": 29800000,
    "operatingIncomeRatio": 0.4087791495,
    "totalOtherIncomeExpensesNet": -2600000,
    "incomeBeforeTax": 27200000,
    "incomeBeforeTaxRatio": 0.3731138546,
    "incomeTaxExpense": 10900000,
    "netIncome": 16300000,
    "netIncomeRatio": 0.2235939643,
    "eps": 0.26,
    "epsdiluted": 0.24,
    "weightedAverageShsOut": 63921569,
    "weightedAverageShsOutDil": 69361702,
    "link": null,
    "finalLink": null
  },
  {
    "date": "1997-06-30",
    "symbol": "DVN",
    "reportedCurrency": "USD",
    "cik": "0001090012",
    "fillingDate": "1997-06-30",
    "acceptedDate": "1997-06-30 00:00:00",
    "calendarYear": "1997",
    "period": "Q2",
    "revenue": 69700000,
    "costOfRevenue": 14500000,
    "grossProfit": 55200000,
    "grossProfitRatio": 0.7919655667,
    "researchAndDevelopmentExpenses": 0,
    "generalAndAdministrativeExpenses": 0,
    "sellingAndMarketingExpenses": 0,
    "sellingGeneralAndAdministrativeExpenses": 3600000,
    "otherExpenses": 24300000,
    "operatingExpenses": 27900000,
    "costAndExpenses": 42400000,
    "interestIncome": 0,
    "interestExpense": 0,
    "depreciationAndAmortization": 20600000,
    "ebitda": 47900000,
    "ebitdaratio": 0.68723099,
    "operatingIncome": 27300000,
    "operatingIncomeRatio": 0.3916786227,
    "totalOtherIncomeExpensesNet": -2600000,
    "incomeBeforeTax": 24700000,
    "incomeBeforeTaxRatio": 0.3543758967,
    "incomeTaxExpense": 9900000,
    "netIncome": 14800000,
    "netIncomeRatio": 0.212338594,
    "eps": 0.23,
    "epsdiluted": 0.22,
    "weightedAverageShsOut": 64347826,
    "weightedAverageShsOutDil": 67272727,
    "link": null,
    "finalLink": null
  },
  {
    "date": "1997-03-31",
    "symbol": "DVN",
    "reportedCurrency": "USD",
    "cik": "0001090012",
    "fillingDate": "1997-03-31",
    "acceptedDate": "1997-03-31 00:00:00",
    "calendarYear": "1997",
    "period": "Q1",
    "revenue": 87900000,
    "costOfRevenue": 15800000,
    "grossProfit": 72100000,
    "grossProfitRatio": 0.8202502844,
    "researchAndDevelopmentExpenses": 0,
    "generalAndAdministrativeExpenses": 0,
    "sellingAndMarketingExpenses": 0,
    "sellingGeneralAndAdministrativeExpenses": 2600000,
    "otherExpenses": 24800000,
    "operatingExpenses": 27400000,
    "costAndExpenses": 43200000,
    "interestIncome": 0,
    "interestExpense": 0,
    "depreciationAndAmortization": 19500000,
    "ebitda": 64200000,
    "ebitdaratio": 0.7303754266,
    "operatingIncome": 44700000,
    "operatingIncomeRatio": 0.5085324232,
    "totalOtherIncomeExpensesNet": -2700000,
    "incomeBeforeTax": 42000000,
    "incomeBeforeTaxRatio": 0.4778156997,
    "incomeTaxExpense": 16800000,
    "netIncome": 25200000,
    "netIncomeRatio": 0.2866894198,
    "eps": 0.39,
    "epsdiluted": 0.36,
    "weightedAverageShsOut": 64615385,
    "weightedAverageShsOutDil": 70985915,
    "link": null,
    "finalLink": null
  },
  {
    "date": "1996-12-31",
    "symbol": "DVN",
    "reportedCurrency": "USD",
    "cik": "0001090012",
    "fillingDate": "1996-12-31",
    "acceptedDate": "1996-12-31 00:00:00",
    "calendarYear": "1996",
    "period": "Q4",
    "revenue": 51800000,
    "costOfRevenue": 8800000,
    "grossProfit": 43000000,
    "grossProfitRatio": 0.8301158301,
    "researchAndDevelopmentExpenses": 0,
    "generalAndAdministrativeExpenses": 0,
    "sellingAndMarketingExpenses": 0,
    "sellingGeneralAndAdministrativeExpenses": 2400000,
    "otherExpenses": 15400000,
    "operatingExpenses": 17800000,
    "costAndExpenses": 26600000,
    "interestIncome": 0,
    "interestExpense": 0,
    "depreciationAndAmortization": 11800000,
    "ebitda": 37000000,
    "ebitdaratio": 0.7142857143,
    "operatingIncome": 25200000,
    "operatingIncomeRatio": 0.4864864865,
    "totalOtherIncomeExpensesNet": -1000000,
    "incomeBeforeTax": 24200000,
    "incomeBeforeTaxRatio": 0.4671814672,
    "incomeTaxExpense": 9400000,
    "netIncome": 14800000,
    "netIncomeRatio": 0.2857142857,
    "eps": 0.34,
    "epsdiluted": 0.34,
    "weightedAverageShsOut": 43956044,
    "weightedAverageShsOutDil": 44000000,
    "link": null,
    "finalLink": null
  },
  {
    "date": "1996-09-30",
    "symbol": "DVN",
    "reportedCurrency": "USD",
    "cik": "0001090012",
    "fillingDate": "1996-09-30",
    "acceptedDate": "1996-09-30 00:00:00",
    "calendarYear": "1996",
    "period": "Q3",
    "revenue": 39500000,
    "costOfRevenue": 7600000,
    "grossProfit": 31900000,
    "grossProfitRatio": 0.8075949367,
    "researchAndDevelopmentExpenses": 0,
    "generalAndAdministrativeExpenses": 0,
    "sellingAndMarketingExpenses": 0,
    "sellingGeneralAndAdministrativeExpenses": 2100000,
    "otherExpenses": 13600000,
    "operatingExpenses": 15700000,
    "costAndExpenses": 23300000,
    "interestIncome": 0,
    "interestExpense": 0,
    "depreciationAndAmortization": 11000000,
    "ebitda": 27200000,
    "ebitdaratio": 0.6886075949,
    "operatingIncome": 16200000,
    "operatingIncomeRatio": 0.4101265823,
    "totalOtherIncomeExpensesNet": -2700000,
    "incomeBeforeTax": 13500000,
    "incomeBeforeTaxRatio": 0.3417721519,
    "incomeTaxExpense": 5800000,
    "netIncome": 7700000,
    "netIncomeRatio": 0.1949367089,
    "eps": 0.18,
    "epsdiluted": 0.18,
    "weightedAverageShsOut": 44000000,
    "weightedAverageShsOutDil": 44000000,
    "link": null,
    "finalLink": null
  },
  {
    "date": "1996-06-30",
    "symbol": "DVN",
    "reportedCurrency": "USD",
    "cik": "0001090012",
    "fillingDate": "1996-06-30",
    "acceptedDate": "1996-06-30 00:00:00",
    "calendarYear": "1996",
    "period": "Q2",
    "revenue": 36700000,
    "costOfRevenue": 10100000,
    "grossProfit": 26600000,
    "grossProfitRatio": 0.7247956403,
    "researchAndDevelopmentExpenses": 0,
    "generalAndAdministrativeExpenses": 0,
    "sellingAndMarketingExpenses": 0,
    "sellingGeneralAndAdministrativeExpenses": 2400000,
    "otherExpenses": 10500000,
    "operatingExpenses": 12900000,
    "costAndExpenses": 23000000,
    "interestIncome": 0,
    "interestExpense": 0,
    "depreciationAndAmortization": 10500000,
    "ebitda": 24800000,
    "ebitdaratio": 0.6757493188,
    "operatingIncome": 13700000,
    "operatingIncomeRatio": 0.3732970027,
    "totalOtherIncomeExpensesNet": -2400000,
    "incomeBeforeTax": 11900000,
    "incomeBeforeTaxRatio": 0.3242506812,
    "incomeTaxExpense": 5100000,
    "netIncome": 6800000,
    "netIncomeRatio": 0.1852861035,
    "eps": 0.16,
    "epsdiluted": 0.16,
    "weightedAverageShsOut": 43870968,
    "weightedAverageShsOutDil": 43870968,
    "link": null,
    "finalLink": null
  },
  {
    "date": "1996-03-31",
    "symbol": "DVN",
    "reportedCurrency": "USD",
    "cik": "0001090012",
    "fillingDate": "1996-03-31",
    "acceptedDate": "1996-03-31 00:00:00",
    "calendarYear": "1996",
    "period": "Q1",
    "revenue": 34000000,
    "costOfRevenue": 7400000,
    "grossProfit": 26600000,
    "grossProfitRatio": 0.7823529412,
    "researchAndDevelopmentExpenses": 0,
    "generalAndAdministrativeExpenses": 0,
    "sellingAndMarketingExpenses": 0,
    "sellingGeneralAndAdministrativeExpenses": 2100000,
    "otherExpenses": 12200000,
    "operatingExpenses": 14300000,
    "costAndExpenses": 21700000,
    "interestIncome": 0,
    "interestExpense": 0,
    "depreciationAndAmortization": 10100000,
    "ebitda": 22400000,
    "ebitdaratio": 0.6588235294,
    "operatingIncome": 12300000,
    "operatingIncomeRatio": 0.3617647059,
    "totalOtherIncomeExpensesNet": -2500000,
    "incomeBeforeTax": 9800000,
    "incomeBeforeTaxRatio": 0.2882352941,
    "incomeTaxExpense": 4200000,
    "netIncome": 5600000,
    "netIncomeRatio": 0.1647058824,
    "eps": 0.13,
    "epsdiluted": 0.13,
    "weightedAverageShsOut": 44800000,
    "weightedAverageShsOutDil": 44800000,
    "link": null,
    "finalLink": null
  },
  {
    "date": "1995-12-31",
    "symbol": "DVN",
    "reportedCurrency": "USD",
    "cik": "0001090012",
    "fillingDate": "1995-12-31",
    "acceptedDate": "1995-12-31 00:00:00",
    "calendarYear": "1995",
    "period": "Q4",
    "revenue": 30100000,
    "costOfRevenue": 2000000,
    "grossProfit": 28100000,
    "grossProfitRatio": 0.9335548173,
    "researchAndDevelopmentExpenses": 0,
    "generalAndAdministrativeExpenses": 0,
    "sellingAndMarketingExpenses": 0,
    "sellingGeneralAndAdministrativeExpenses": 2100000,
    "otherExpenses": 16400000,
    "operatingExpenses": 18500000,
    "costAndExpenses": 20500000,
    "interestIncome": 0,
    "interestExpense": 0,
    "depreciationAndAmortization": 9600000,
    "ebitda": 19200000,
    "ebitdaratio": 0.6378737542,
    "operatingIncome": 9600000,
    "operatingIncomeRatio": 0.3189368771,
    "totalOtherIncomeExpensesNet": -1700000,
    "incomeBeforeTax": 7900000,
    "incomeBeforeTaxRatio": 0.2624584718,
    "incomeTaxExpense": 3500000,
    "netIncome": 4400000,
    "netIncomeRatio": 0.146179402,
    "eps": 0.1,
    "epsdiluted": 0.1,
    "weightedAverageShsOut": 44000000,
    "weightedAverageShsOutDil": 44000000,
    "link": null,
    "finalLink": null
  },
  {
    "date": "1995-09-30",
    "symbol": "DVN",
    "reportedCurrency": "USD",
    "cik": "0001090012",
    "fillingDate": "1995-09-30",
    "acceptedDate": "1995-09-30 00:00:00",
    "calendarYear": "1995",
    "period": "Q3",
    "revenue": 33800000,
    "costOfRevenue": 8800000,
    "grossProfit": 25000000,
    "grossProfitRatio": 0.7396449704,
    "researchAndDevelopmentExpenses": 0,
    "generalAndAdministrativeExpenses": 0,
    "sellingAndMarketingExpenses": 0,
    "sellingGeneralAndAdministrativeExpenses": 1900000,
    "otherExpenses": 9500000,
    "operatingExpenses": 11400000,
    "costAndExpenses": 20200000,
    "interestIncome": 0,
    "interestExpense": 0,
    "depreciationAndAmortization": 9400000,
    "ebitda": 23100000,
    "ebitdaratio": 0.6834319527,
    "operatingIncome": 13600000,
    "operatingIncomeRatio": 0.4023668639,
    "totalOtherIncomeExpensesNet": -1800000,
    "incomeBeforeTax": 11800000,
    "incomeBeforeTaxRatio": 0.349112426,
    "incomeTaxExpense": 5200000,
    "netIncome": 6600000,
    "netIncomeRatio": 0.1952662722,
    "eps": 0.15,
    "epsdiluted": 0.15,
    "weightedAverageShsOut": 44000000,
    "weightedAverageShsOutDil": 44000000,
    "link": null,
    "finalLink": null
  }
]