[
  {
    "date": "2024-12-31",
    "symbol": "DVN",
    "reportedCurrency": "USD",
    "cik": "0001090012",
    "fillingDate": "2025-02-19",
    "acceptedDate": "2025-02-19 12:01:33",
    "calendarYear": "2024",
    "period": "FY",
    "revenue": 15567000000,
    "costOfRevenue": 11297000000,
    "grossProfit": 4270000000,
    "grossProfitRatio": 0.2742981949,
    "researchAndDevelopmentExpenses": 0,
    "generalAndAdministrativeExpenses": 0,
    "sellingAndMarketingExpenses": 0,
    "sellingGeneralAndAdministrativeExpenses": 500000000,
    "otherExpenses": 0,
    "operatingExpenses": 500000000,
    "costAndExpenses": 11797000000,
    "interestIncome": 38000000,
    "interestExpense": 401000000,
    "depreciationAndAmortization": 3294000000,
    "ebitda": 7431000000,
    "ebitdaratio": 0.4773559453,
    "operatingIncome": 3770000000,
    "operatingIncomeRatio": 0.2421789683,
    "totalOtherIncomeExpensesNet": -58000000,
    "incomeBeforeTax": 3712000000,
    "incomeBeforeTaxRatio": 0.238453138,
    "incomeTaxExpense": 770000000,
    "netIncome": 2891000000,
    "netIncomeRatio": 0.185713368,
    "eps": 4.57,
    "epsdiluted": 4.57,
    "weightedAverageShsOut": 623000000,
    "weightedAverageShsOutDil": 623000000,
    "link": "https://www.sec.gov/Archives/edgar/data/1090012/000095017025022844/0000950170-25-022844-index.htm",
    "finalLink": "https://www.sec.gov/Archives/edgar/data/1090012/000095017025022844/dvn-20241231.htm"
  },
  {
    "date": "2023-12-31",
    "symbol": "DVN",
    "reportedCurrency": "USD",
    "cik": "0001090012",
    "fillingDate": "2024-02-28",
    "acceptedDate": "2024-02-28 12:00:49",
    "calendarYear": "2023",
    "period": "FY",
    "revenue": 15140000000,
    "costOfRevenue": 9940000000,
    "grossProfit": 5200000000,
    "grossProfitRatio": 0.3434610304,
    "researchAndDevelopmentExpenses": 0,
    "generalAndAdministrativeExpenses": 0,
    "sellingAndMarketingExpenses": 0,
    "sellingGeneralAndAdministrativeExpenses": 408000000,
    "otherExpenses": 0,
    "operatingExpenses": 408000000,
    "costAndExpenses": 10348000000,
    "interestIncome": 55000000,
    "interestExpense": 363000000,
    "depreciationAndAmortization": 2583000000,
    "ebitda": 7569000000,
    "ebitdaratio": 0.4999339498,
    "operatingIncome": 4792000000,
    "operatingIncomeRatio": 0.3165125495,
    "totalOtherIncomeExpensesNet": -169000000,
    "incomeBeforeTax": 4623000000,
    "incomeBeforeTaxRatio": 0.3053500661,
    "incomeTaxExpense": 841000000,
    "netIncome": 3747000000,
    "netIncomeRatio": 0.2474900925,
    "eps": 5.86,
    "epsdiluted": 5.84,
    "weightedAverageShsOut": 639000000,
    "weightedAverageShsOutDil": 642000000,
    "link": "https://www.sec.gov/Archives/edgar/data/1090012/000095017024021781/0000950170-24-021781-index.htm",
    "finalLink": "https://www.sec.gov/Archives/edgar/data/1090012/000095017024021781/dvn-20231231.htm"
  },
  {
    "date": "2022-12-31",
    "symbol": "DVN",
    "reportedCurrency": "USD",
    "cik": "0001090012",
    "fillingDate": "2023-02-15",
    "acceptedDate": "2023-02-15 12:01:08",
    "calendarYear": "2022",
    "period": "FY",
    "revenue": 19827000000,
    "costOfRevenue": 10854000000,
    "grossProfit": 8973000000,
    "grossProfitRatio": 0.4525646845,
    "researchAndDevelopmentExpenses": 0,
    "generalAndAdministrativeExpenses": 0,
    "sellingAndMarketingExpenses": 0,
    "sellingGeneralAndAdministrativeExpenses": 395000000,
    "otherExpenses": 0,
    "operatingExpenses": 395000000,
    "costAndExpenses": 11249000000,
    "interestIncome": 38000000,
    "interestExpense": 347000000,
    "depreciationAndAmortization": 2260000000,
    "ebitda": 10382000000,
    "ebitdaratio": 0.5236293943,
    "operatingIncome": 8578000000,
    "operatingIncomeRatio": 0.4326423564,
    "totalOtherIncomeExpensesNet": -803000000,
    "incomeBeforeTax": 7775000000,
    "incomeBeforeTaxRatio": 0.3921420285,
    "incomeTaxExpense": 1738000000,
    "netIncome": 6015000000,
    "netIncomeRatio": 0.3033741867,
    "eps": 9.15,
    "epsdiluted": 9.12,
    "weightedAverageShsOut": 651000000,
    "weightedAverageShsOutDil": 653000000,
    "link": "https://www.sec.gov/Archives/edgar/data/1090012/000095017023002852/0000950170-23-002852-index.htm",
    "finalLink": "https://www.sec.gov/Archives/edgar/data/1090012/000095017023002852/dvn-20221231.htm"
  },
  {
    "date": "2021-12-31",
    "symbol": "DVN",
    "reportedCurrency": "USD",
    "cik": "0001090012",
    "fillingDate": "2022-02-16",
    "acceptedDate": "2022-02-16 12:02:22",
    "calendarYear": "2021",
    "period": "FY",
    "revenue": 13750000000,
    "costOfRevenue": 8541000000,
    "grossProfit": 5209000000,
    "grossProfitRatio": 0.3788363636,
    "researchAndDevelopmentExpenses": 0,
    "generalAndAdministrativeExpenses": 0,
    "sellingAndMarketingExpenses": 0,
    "sellingGeneralAndAdministrativeExpenses": 391000000,
    "otherExpenses": 0,
    "operatingExpenses": 391000000,
    "costAndExpenses": 8932000000,
    "interestIncome": 2000000,
    "interestExpense": 361000000,
    "depreciationAndAmortization": 2162000000,
    "ebitda": 5421000000,
    "ebitdaratio": 0.3942545455,
    "operatingIncome": 4818000000,
    "operatingIncomeRatio": 0.3504,
    "totalOtherIncomeExpensesNet": -1920000000,
    "incomeBeforeTax": 2898000000,
    "incomeBeforeTaxRatio": 0.2107636364,
    "incomeTaxExpense": 65000000,
    "netIncome": 2783000000,
    "netIncomeRatio": 0.2024,
    "eps": 4.2,
    "epsdiluted": 4.18,
    "weightedAverageShsOut": 663000000,
    "weightedAverageShsOutDil": 665000000,
    "link": "https://www.sec.gov/Archives/edgar/data/1090012/000156459022005321/0001564590-22-005321-index.htm",
    "finalLink": "https://www.sec.gov/Archives/edgar/data/1090012/000156459022005321/dvn-10k_20211231.htm"
  },
  {
    "date": "2020-12-31",
    "symbol": "DVN",
    "reportedCurrency": "USD",
    "cik": "0001090012",
    "fillingDate": "2021-02-17",
    "acceptedDate": "2021-02-17 11:02:04",
    "calendarYear": "2020",
    "period": "FY",
    "revenue": 4351000000,
    "costOfRevenue": 4603000000,
    "grossProfit": -252000000,
    "grossProfitRatio": -0.0579177201,
    "researchAndDevelopmentExpenses": 0,
    "generalAndAdministrativeExpenses": 0,
    "sellingAndMarketingExpenses": 0,
    "sellingGeneralAndAdministrativeExpenses": 338000000,
    "otherExpenses": 0,
    "operatingExpenses": 338000000,
    "costAndExpenses": 4941000000,
    "interestIncome": 12000000,
    "interestExpense": 282000000,
    "depreciationAndAmortization": 1452000000,
    "ebitda": -1356000000,
    "ebitdaratio": -0.3116524937,
    "operatingIncome": -590000000,
    "operatingIncomeRatio": -0.1356010113,
    "totalOtherIncomeExpensesNet": -2500000000,
    "incomeBeforeTax": -3090000000,
    "incomeBeforeTaxRatio": -0.7101815675,
    "incomeTaxExpense": -547000000,
    "netIncome": -2684000000,
    "netIncomeRatio": -0.6168696851,
    "eps": -7.12,
    "epsdiluted": -7.12,
    "weightedAverageShsOut": 377000000,
    "weightedAverageShsOutDil": 377000000,
    "link": "https://www.sec.gov/Archives/edgar/data/1090012/000156459021006239/0001564590-21-006239-index.htm",
    "finalLink": "https://www.sec.gov/Archives/edgar/data/1090012/000156459021006239/dvn-10k_20201231.htm"
  },
  {
    "date": "2019-12-31",
    "symbol": "DVN",
    "reportedCurrency": "USD",
    "cik": "0001090012",
    "fillingDate": "2020-02-19",
    "acceptedDate": "2020-02-19 12:03:54",
    "calendarYear": "2019",
    "period": "FY",
    "revenue": 6674000000,
    "costOfRevenue": 5564000000,
    "grossProfit": 1110000000,
    "grossProfitRatio": 0.1663170512,
    "researchAndDevelopmentExpenses": 0,
    "generalAndAdministrativeExpenses": 0,
    "sellingAndMarketingExpenses": 0,
    "sellingGeneralAndAdministrativeExpenses": 475000000,
    "otherExpenses": 0,
    "operatingExpenses": 475000000,
    "costAndExpenses": 6039000000,
    "interestIncome": 227000000,
    "interestExpense": 250000000,
    "depreciationAndAmortization": 1515000000,
    "ebitda": 1656000000,
    "ebitdaratio": 0.2481270602,
    "operatingIncome": 635000000,
    "operatingIncomeRatio": 0.0951453401,
    "totalOtherIncomeExpensesNet": -744000000,
    "incomeBeforeTax": -109000000,
    "incomeBeforeTaxRatio": -0.0163320348,
    "incomeTaxExpense": -30000000,
    "netIncome": -357000000,
    "netIncomeRatio": -0.0534911597,
    "eps": -0.2,
    "epsdiluted": -0.2,
    "weightedAverageShsOut": 401000000,
    "weightedAverageShsOutDil": 401000000,
    "link": "https://www.sec.gov/Archives/edgar/data/1090012/000156459020005182/0001564590-20-005182-index.htm",
    "finalLink": "https://www.sec.gov/Archives/edgar/data/1090012/000156459020005182/dvn-10k_20191231.htm"
  },
  {
    "date": "2018-12-31",
    "symbol": "DVN",
    "reportedCurrency": "USD",
    "cik": "0001090012",
    "fillingDate": "2019-02-20",
    "acceptedDate": "2019-02-20 12:18:53",
    "calendarYear": "2018",
    "period": "FY",
    "revenue": 8439000000,
    "costOfRevenue": 6830000000,
    "grossProfit": 1609000000,
    "grossProfitRatio": 0.1906624008,
    "researchAndDevelopmentExpenses": 0,
    "generalAndAdministrativeExpenses": 0,
    "sellingAndMarketingExpenses": 0,
    "sellingGeneralAndAdministrativeExpenses": 574000000,
    "otherExpenses": 0,
    "operatingExpenses": 574000000,
    "costAndExpenses": 7404000000,
    "interestIncome": 0,
    "interestExpense": 594000000,
    "depreciationAndAmortization": 1323000000,
    "ebitda": 2535000000,
    "ebitdaratio": 0.3003910416,
    "operatingIncome": 1035000000,
    "operatingIncomeRatio": 0.1226448631,
    "totalOtherIncomeExpensesNet": -91000000,
    "incomeBeforeTax": 920000000,
    "incomeBeforeTaxRatio": 0.1090176561,
    "incomeTaxExpense": 156000000,
    "netIncome": 3064000000,
    "netIncomeRatio": 0.3630761939,
    "eps": 6.14,
    "epsdiluted": 6.1,
    "weightedAverageShsOut": 499000000,
    "weightedAverageShsOutDil": 502000000,
    "link": "https://www.sec.gov/Archives/edgar/data/1090012/000156459019003382/0001564590-19-003382-index.htm",
    "finalLink": "https://www.sec.gov/Archives/edgar/data/1090012/000156459019003382/dvn-10k_20181231.htm"
  },
  {
    "date": "2017-12-31",
    "symbol": "DVN",
    "reportedCurrency": "USD",
    "cik": "0001090012",
    "fillingDate": "2018-02-21",
    "acceptedDate": "2018-02-21 12:03:34",
    "calendarYear": "2017",
    "period": "FY",
    "revenue": 8821999896,
    "costOfRevenue": 7413000000,
    "grossProfit": 1408999896,
    "grossProfitRatio": 0.1597143406,
    "researchAndDevelopmentExpenses": 0,
    "generalAndAdministrativeExpenses": 0,
    "sellingAndMarketingExpenses": 0,
    "sellingGeneralAndAdministrativeExpenses": 737000000,
    "otherExpenses": 0,
    "operatingExpenses": 737000000,
    "costAndExpenses": 8150000000,
    "interestIncome": 0,
    "interestExpense": 337000000,
    "depreciationAndAmortization": 1808000000,
    "ebitda": 2898000000,
    "ebitdaratio": 0.3284969433,
    "operatingIncome": 671999896,
    "operatingIncomeRatio": 0.0761731925,
    "totalOtherIncomeExpensesNet": 101000104,
    "incomeBeforeTax": 896000000,
    "incomeBeforeTaxRatio": 0.1015642723,
    "incomeTaxExpense": -182000000,
    "netIncome": 898000000,
    "netIncomeRatio": 0.1017909783,
    "eps": 1.71,
    "epsdiluted": 1.7,
    "weightedAverageShsOut": 525000000,
    "weightedAverageShsOutDil": 528000000,
    "link": "https://www.sec.gov/Archives/edgar/data/1090012/000156459018002582/0001564590-18-002582-index.htm",
    "finalLink": "https://www.sec.gov/Archives/edgar/data/1090012/000156459018002582/dvn-10k_20171231.htm"
  },
  {
    "date": "2016-12-31",
    "symbol": "DVN",
    "reportedCurrency": "USD",
    "cik": "0001090012",
    "fillingDate": "2017-02-15",
    "acceptedDate": "2017-02-15 12:02:34",
    "calendarYear": "2016",
    "period": "FY",
    "revenue": 10518000000,
    "costOfRevenue": 9645000000,
    "grossProfit": 873000000,
    "grossProfitRatio": 0.0830005705,
    "researchAndDevelopmentExpenses": 0,
    "generalAndAdministrativeExpenses": 0,
    "sellingAndMarketingExpenses": 0,
    "sellingGeneralAndAdministrativeExpenses": 865000000,
    "otherExpenses": 0,
    "operatingExpenses": 865000000,
    "costAndExpenses": 10510000000,
    "interestIncome": 0,
    "interestExpense": 427000000,
    "depreciationAndAmortization": 2284000000,
    "ebitda": 1874000000,
    "ebitdaratio": 0.1781707549,
    "operatingIncome": 8000000,
    "operatingIncomeRatio": 0.0007606009,
    "totalOtherIncomeExpensesNet": -1325000000,
    "incomeBeforeTax": -3877000000,
    "incomeBeforeTaxRatio": -0.3686061989,
    "incomeTaxExpense": -173000000,
    "netIncome": -3302000000,
    "netIncomeRatio": -0.313938011,
    "eps": -6.51,
    "epsdiluted": -6.44,
    "weightedAverageShsOut": 507000000,
    "weightedAverageShsOutDil": 513000000,
    "link": "https://www.sec.gov/Archives/edgar/data/1090012/000156459017001607/0001564590-17-001607-index.htm",
    "finalLink": "https://www.sec.gov/Archives/edgar/data/1090012/000156459017001607/dvn-10k_20161231.htm"
  },
  {
    "date": "2015-12-31",
    "symbol": "DVN",
    "reportedCurrency": "USD",
    "cik": "0001090012",
    "fillingDate": "2016-02-17",
    "acceptedDate": "2016-02-17 13:00:59",
    "calendarYear": "2015",
    "period": "FY",
    "revenue": 7801000000,
    "costOfRevenue": 11653000000,
    "grossProfit": -3852000000,
    "grossProfitRatio": -0.4937828484,
    "researchAndDevelopmentExpenses": 0,
    "generalAndAdministrativeExpenses": 0,
    "sellingAndMarketingExpenses": 0,
    "sellingGeneralAndAdministrativeExpenses": 855000000,
    "otherExpenses": -466000000,
    "operatingExpenses": 1321000000,
    "costAndExpenses": 12974000000,
    "interestIncome": 6000000,
    "interestExpense": 517000000,
    "depreciationAndAmortization": 3129000000,
    "ebitda": -17622000000,
    "ebitdaratio": -2.2589411614,
    "operatingIncome": -5173000000,
    "operatingIncomeRatio": -0.6631201128,
    "totalOtherIncomeExpensesNet": -16095000000,
    "incomeBeforeTax": -21268000000,
    "incomeBeforeTaxRatio": -2.7263171388,
    "incomeTaxExpense": -6065000000,
    "netIncome": -14454000000,
    "netIncomeRatio": -1.8528393796,
    "eps": -35.51,
    "epsdiluted": -35.08,
    "weightedAverageShsOut": 407000000,
    "weightedAverageShsOutDil": 412000000,
    "link": "https://www.sec.gov/Archives/edgar/data/1090012/000119312516466687/0001193125-16-466687-index.htm",
    "finalLink": "https://www.sec.gov/Archives/edgar/data/1090012/000119312516466687/d109858d10k.htm"
  },
  {
    "date": "2014-12-31",
    "symbol": "DVN",
    "reportedCurrency": "USD",
    "cik": "0001090012",
    "fillingDate": "2015-02-20",
    "acceptedDate": "2015-02-20 17:03:04",
    "calendarYear": "2014",
    "period": "FY",
    "revenue": 17555000000,
    "costOfRevenue": 12466000000,
    "grossProfit": 5089000000,
    "grossProfitRatio": 0.2898889205,
    "researchAndDevelopmentExpenses": 0,
    "generalAndAdministrativeExpenses": 0,
    "sellingAndMarketingExpenses": 0,
    "sellingGeneralAndAdministrativeExpenses": 825000000,
    "otherExpenses": -628000000,
    "operatingExpenses": 1453000000,
    "costAndExpenses": 13919000000,
    "interestIncome": 10000000,
    "interestExpense": 488000000,
    "depreciationAndAmortization": 3319000000,
    "ebitda": 7866000000,
    "ebitdaratio": 0.4480774708,
    "operatingIncome": 3636000000,
    "operatingIncomeRatio": 0.2071204785,
    "totalOtherIncomeExpensesNet": 423000000,
    "incomeBeforeTax": 4059000000,
    "incomeBeforeTaxRatio": 0.2312161777,
    "incomeTaxExpense": 2368000000,
    "netIncome": 1607000000,
    "netIncomeRatio": 0.0915408715,
    "eps": 3.93,
    "epsdiluted": 3.91,
    "weightedAverageShsOut": 409000000,
    "weightedAverageShsOutDil": 411000000,
    "link": "https://www.sec.gov/Archives/edgar/data/1090012/000119312515056497/0001193125-15-056497-index.htm",
    "finalLink": "https://www.sec.gov/Archives/edgar/data/1090012/000119312515056497/d859923d10k.htm"
  },
  {
    "date": "2013-12-31",
    "symbol": "DVN",
    "reportedCurrency": "USD",
    "cik": "0001090012",
    "fillingDate": "2014-02-28",
    "acceptedDate": "2014-02-28 13:43:31",
    "calendarYear": "2013",
    "period": "FY",
    "revenue": 10588000000,
    "costOfRevenue": 6716000000,
    "grossProfit": 3872000000,
    "grossProfitRatio": 0.3656970155,
    "researchAndDevelopmentExpenses": 0,
    "generalAndAdministrativeExpenses": 0,
    "sellingAndMarketingExpenses": 0,
    "sellingGeneralAndAdministrativeExpenses": 617000000,
    "otherExpenses": -461000000,
    "operatingExpenses": 1078000000,
    "costAndExpenses": 7794000000,
    "interestIncome": 20000000,
    "interestExpense": 437000000,
    "depreciationAndAmortization": 2895000000,
    "ebitda": 3481000000,
    "ebitdaratio": 0.3287684171,
    "operatingIncome": 2794000000,
    "operatingIncomeRatio": 0.2638836419,
    "totalOtherIncomeExpensesNet": -2645000000,
    "incomeBeforeTax": 149000000,
    "incomeBeforeTaxRatio": 0.0140725349,
    "incomeTaxExpense": 169000000,
    "netIncome": -20000000,
    "netIncomeRatio": -0.0018889309,
    "eps": -0.0493,
    "epsdiluted": -0.0493,
    "weightedAverageShsOut": 406000000,
    "weightedAverageShsOutDil": 406000000,
    "link": "https://www.sec.gov/Archives/edgar/data/1090012/000119312514076267/0001193125-14-076267-index.htm",
    "finalLink": "https://www.sec.gov/Archives/edgar/data/1090012/000119312514076267/d656849d10k.htm"
  },
  {
    "date": "2012-12-31",
    "symbol": "DVN",
    "reportedCurrency": "USD",
    "cik": "0001090012",
    "fillingDate": "2013-02-21",
    "acceptedDate": "2013-02-21 12:19:56",
    "calendarYear": "2012",
    "period": "FY",
    "revenue": 8809000000,
    "costOfRevenue": 6241000000,
    "grossProfit": 2568000000,
    "grossProfitRatio": 0.2915200363,
    "researchAndDevelopmentExpenses": 0,
    "generalAndAdministrativeExpenses": 0,
    "sellingAndMarketingExpenses": 0,
    "sellingGeneralAndAdministrativeExpenses": 692000000,
    "otherExpenses": -414000000,
    "operatingExpenses": 1106000000,
    "costAndExpenses": 7347000000,
    "interestIncome": 36000000,
    "interestExpense": 406000000,
    "depreciationAndAmortization": 2921000000,
    "ebitda": 3010000000,
    "ebitdaratio": 0.3416959927,
    "operatingIncome": 1462000000,
    "operatingIncomeRatio": 0.165966625,
    "totalOtherIncomeExpensesNet": -1779000000,
    "incomeBeforeTax": -317000000,
    "incomeBeforeTaxRatio": -0.0359859235,
    "incomeTaxExpense": -132000000,
    "netIncome": -206000000,
    "netIncomeRatio": -0.0233851743,
    "eps": -0.51,
    "epsdiluted": -0.51,
    "weightedAverageShsOut": 400000000,
    "weightedAverageShsOutDil": 404000000,
    "link": "https://www.sec.gov/Archives/edgar/data/1090012/000119312513068817/0001193125-13-068817-index.htm",
    "finalLink": "https://www.sec.gov/Archives/edgar/data/1090012/000119312513068817/d477194d10k.htm"
  },
  {
    "date": "2011-12-31",
    "symbol": "DVN",
    "reportedCurrency": "USD",
    "cik": "0001090012",
    "fillingDate": "2012-02-24",
    "acceptedDate": "2012-02-24 10:22:00",
    "calendarYear": "2011",
    "period": "FY",
    "revenue": 10573000000,
    "costOfRevenue": 5907000000,
    "grossProfit": 4666000000,
    "grossProfitRatio": 0.4413127778,
    "researchAndDevelopmentExpenses": 0,
    "generalAndAdministrativeExpenses": 0,
    "sellingAndMarketingExpenses": 0,
    "sellingGeneralAndAdministrativeExpenses": 585000000,
    "otherExpenses": -424000000,
    "operatingExpenses": 1009000000,
    "costAndExpenses": 6916000000,
    "interestIncome": 21000000,
    "interestExpense": 352000000,
    "depreciationAndAmortization": 2340000000,
    "ebitda": 6982000000,
    "ebitdaratio": 0.6603612976,
    "operatingIncome": 3657000000,
    "operatingIncomeRatio": 0.3458810177,
    "totalOtherIncomeExpensesNet": 633000000,
    "incomeBeforeTax": 4290000000,
    "incomeBeforeTaxRatio": 0.4057504965,
    "incomeTaxExpense": 2156000000,
    "netIncome": 4704000000,
    "netIncomeRatio": 0.4449068382,
    "eps": 11.29,
    "epsdiluted": 11.25,
    "weightedAverageShsOut": 417000000,
    "weightedAverageShsOutDil": 418000000,
    "link": "https://www.sec.gov/Archives/edgar/data/1090012/000119312512077085/0001193125-12-077085-index.htm",
    "finalLink": "https://www.sec.gov/Archives/edgar/data/1090012/000119312512077085/d298761d10k.htm"
  },
  {
    "date": "2010-12-31",
    "symbol": "DVN",
    "reportedCurrency": "USD",
    "cik": "0001090012",
    "fillingDate": "2011-02-25",
    "acceptedDate": "2011-02-25 14:34:36",
    "calendarYear": "2010",
    "period": "FY",
    "revenue": 9129000000,
    "costOfRevenue": 5068000000,
    "grossProfit": 4061000000,
    "grossProfitRatio": 0.4448460949,
    "researchAndDevelopmentExpenses": 0,
    "generalAndAdministrativeExpenses": 0,
    "sellingAndMarketingExpenses": 0,
    "sellingGeneralAndAdministrativeExpenses": 563000000,
    "otherExpenses": -380000000,
    "operatingExpenses": 943000000,
    "costAndExpenses": 6011000000,
    "interestIncome": 14000000,
    "interestExpense": 363000000,
    "depreciationAndAmortization": 2022000000,
    "ebitda": 5934000000,
    "ebitdaratio": 0.6500164312,
    "operatingIncome": 3118000000,
    "operatingIncomeRatio": 0.3415489101,
    "totalOtherIncomeExpensesNet": 450000000,
    "incomeBeforeTax": 3568000000,
    "incomeBeforeTaxRatio": 0.3908423705,
    "incomeTaxExpense": 1235000000,
    "netIncome": 4550000000,
    "netIncomeRatio": 0.4984116552,
    "eps": 10.35,
    "epsdiluted": 10.31,
    "weightedAverageShsOut": 440000000,
    "weightedAverageShsOutDil": 441000000,
    "link": "https://www.sec.gov/Archives/edgar/data/1090012/000095012311018537/0000950123-11-018537-index.htm",
    "finalLink": "https://www.sec.gov/Archives/edgar/data/1090012/000095012311018537/d78726e10vk.htm"
  },
  {
    "date": "2009-12-31",
    "symbol": "DVN",
    "reportedCurrency": "USD",
    "cik": "0001090012",
    "fillingDate": "2010-02-25",
    "acceptedDate": "2010-02-25 16:31:44",
    "calendarYear": "2009",
    "period": "FY",
    "revenue": 7631000000,
    "costOfRevenue": 11299000000,
    "grossProfit": -3668000000,
    "grossProfitRatio": -0.4806709475,
    "researchAndDevelopmentExpenses": 0,
    "generalAndAdministrativeExpenses": 0,
    "sellingAndMarketingExpenses": 0,
    "sellingGeneralAndAdministrativeExpenses": 648000000,
    "otherExpenses": -314000000,
    "operatingExpenses": 962000000,
    "costAndExpenses": 12261000000,
    "interestIncome": 8000000,
    "interestExpense": 349000000,
    "depreciationAndAmortization": 8607000000,
    "ebitda": 4430000000,
    "ebitdaratio": 0.5805267986,
    "operatingIncome": -4630000000,
    "operatingIncomeRatio": -0.6067356834,
    "totalOtherIncomeExpensesNet": 104000000,
    "incomeBeforeTax": -4526000000,
    "incomeBeforeTaxRatio": -0.5931070633,
    "incomeTaxExpense": -1773000000,
    "netIncome": -2479000000,
    "netIncomeRatio": -0.3248591272,
    "eps": -5.58,
    "epsdiluted": -5.56,
    "weightedAverageShsOut": 444000000,
    "weightedAverageShsOutDil": 446000000,
    "link": "https://www.sec.gov/Archives/edgar/data/1090012/000095012310017093/0000950123-10-017093-index.htm",
    "finalLink": "https://www.sec.gov/Archives/edgar/data/1090012/000095012310017093/d71091e10vk.htm"
  },
  {
    "date": "2008-12-31",
    "symbol": "DVN",
    "reportedCurrency": "USD",
    "cik": "0001090012",
    "fillingDate": "2009-02-27",
    "acceptedDate": "2009-02-27 06:01:34",
    "calendarYear": "2008",
    "period": "FY",
    "revenue": 14012000000,
    "costOfRevenue": 6745000000,
    "grossProfit": 7267000000,
    "grossProfitRatio": 0.5186268912,
    "researchAndDevelopmentExpenses": 0,
    "generalAndAdministrativeExpenses": 0,
    "sellingAndMarketingExpenses": 0,
    "sellingGeneralAndAdministrativeExpenses": 645000000,
    "otherExpenses": -476000000,
    "operatingExpenses": 1121000000,
    "costAndExpenses": 7866000000,
    "interestIncome": 54000000,
    "interestExpense": 329000000,
    "depreciationAndAmortization": 3283000000,
    "ebitda": -548000000,
    "ebitdaratio": -0.0391093349,
    "operatingIncome": 6146000000,
    "operatingIncomeRatio": 0.4386240365,
    "totalOtherIncomeExpensesNet": -10306000000,
    "incomeBeforeTax": -4033000000,
    "incomeBeforeTaxRatio": -0.2878247217,
    "incomeTaxExpense": -954000000,
    "netIncome": -2148000000,
    "netIncomeRatio": -0.1532971739,
    "eps": -4.89,
    "epsdiluted": -4.89,
    "weightedAverageShsOut": 439000000,
    "weightedAverageShsOutDil": 439000000,
    "link": "https://www.sec.gov/Archives/edgar/data/1090012/000095013409003904/0000950134-09-003904-index.htm",
    "finalLink": "https://www.sec.gov/Archives/edgar/data/1090012/000095013409003904/d66379e10vk.htm"
  },
  {
    "date": "2007-12-31",
    "symbol": "DVN",
    "reportedCurrency": "USD",
    "cik": "0001090012",
    "fillingDate": "2008-02-28",
    "acceptedDate": "2008-02-28 13:45:52",
    "calendarYear": "2007",
    "period": "FY",
    "revenue": 11362000000,
    "costOfRevenue": 5987000000,
    "grossProfit": 5375000000,
    "grossProfitRatio": 0.4730681218,
    "researchAndDevelopmentExpenses": 0,
    "generalAndAdministrativeExpenses": 0,
    "sellingAndMarketingExpenses": 0,
    "sellingGeneralAndAdministrativeExpenses": 513000000,
    "otherExpenses": -340000000,
    "operatingExpenses": 853000000,
    "costAndExpenses": 6840000000,
    "interestIncome": 0,
    "interestExpense": 430000000,
    "depreciationAndAmortization": 2932000000,
    "ebitda": 7586000000,
    "ebitdaratio": 0.6676641436,
    "operatingIncome": 4522000000,
    "operatingIncomeRatio": 0.397993311,
    "totalOtherIncomeExpensesNet": -298000000,
    "incomeBeforeTax": 4224000000,
    "incomeBeforeTaxRatio": 0.3717655342,
    "incomeTaxExpense": 1078000000,
    "netIncome": 3606000000,
    "netIncomeRatio": 0.3173737018,
    "eps": 8.08,
    "epsdiluted": 8,
    "weightedAverageShsOut": 445000000,
    "weightedAverageShsOutDil": 450000000,
    "link": "https://www.sec.gov/Archives/edgar/data/1090012/000095013408003698/0000950134-08-003698-index.htm",
    "finalLink": "https://www.sec.gov/Archives/edgar/data/1090012/000095013408003698/d54280e10vk.htm"
  },
  {
    "date": "2006-12-31",
    "symbol": "DVN",
    "reportedCurrency": "USD",
    "cik": "0001090012",
    "fillingDate": "2007-02-28",
    "acceptedDate": "2007-02-28 16:06:24",
    "calendarYear": "2006",
    "period": "FY",
    "revenue": 10541000000,
    "costOfRevenue": 5344000000,
    "grossProfit": 5197000000,
    "grossProfitRatio": 0.493027227,
    "researchAndDevelopmentExpenses": 0,
    "generalAndAdministrativeExpenses": 0,
    "sellingAndMarketingExpenses": 0,
    "sellingGeneralAndAdministrativeExpenses": 397000000,
    "otherExpenses": -341000000,
    "operatingExpenses": 738000000,
    "costAndExpenses": 6082000000,
    "interestIncome": 0,
    "interestExpense": 421000000,
    "depreciationAndAmortization": 2612000000,
    "ebitda": 7045000000,
    "ebitdaratio": 0.668342662,
    "operatingIncome": 4459000000,
    "operatingIncomeRatio": 0.4230148942,
    "totalOtherIncomeExpensesNet": -447000000,
    "incomeBeforeTax": 4012000000,
    "incomeBeforeTaxRatio": 0.3806090504,
    "incomeTaxExpense": 1189000000,
    "netIncome": 2846000000,
    "netIncomeRatio": 0.2699933593,
    "eps": 6.42,
    "epsdiluted": 6.34,
    "weightedAverageShsOut": 442000000,
    "weightedAverageShsOutDil": 448000000,
    "link": "https://www.sec.gov/Archives/edgar/data/1090012/000095013407004377/0000950134-07-004377-index.htm",
    "finalLink": "https://www.sec.gov/Archives/edgar/data/1090012/000095013407004377/d43782e10vk.htm"
  },
  {
    "date": "2005-12-31",
    "symbol": "DVN",
    "reportedCurrency": "USD",
    "cik": "0001090012",
    "fillingDate": "2006-03-03",
    "acceptedDate": "2006-03-03 15:07:59",
    "calendarYear": "2005",
    "period": "FY",
    "revenue": 10622000000,
    "costOfRevenue": 4850000000,
    "grossProfit": 5772000000,
    "grossProfitRatio": 0.5434004895,
    "researchAndDevelopmentExpenses": 0,
    "generalAndAdministrativeExpenses": 0,
    "sellingAndMarketingExpenses": 0,
    "sellingGeneralAndAdministrativeExpenses": 291000000,
    "otherExpenses": -335000000,
    "operatingExpenses": 626000000,
    "costAndExpenses": 5476000000,
    "interestIncome": 0,
    "interestExpense": 533000000,
    "depreciationAndAmortization": 2184000000,
    "ebitda": 7222000000,
    "ebitdaratio": 0.6799096215,
    "operatingIncome": 5146000000,
    "operatingIncomeRatio": 0.4844662022,
    "totalOtherIncomeExpensesNet": -641000000,
    "incomeBeforeTax": 4552000000,
    "incomeBeforeTaxRatio": 0.4285445302,
    "incomeTaxExpense": 1622000000,
    "netIncome": 2930000000,
    "netIncomeRatio": 0.2758425908,
    "eps": 6.38,
    "epsdiluted": 6.26,
    "weightedAverageShsOut": 458000000,
    "weightedAverageShsOutDil": 470000000,
    "link": "https://www.sec.gov/Archives/edgar/data/1090012/000095013406004215/0000950134-06-004215-index.htm",
    "finalLink": "https://www.sec.gov/Archives/edgar/data/1090012/000095013406004215/d33154e10vk.htm"
  },
  {
    "date": "2004-12-31",
    "symbol": "DVN",
    "reportedCurrency": "USD",
    "cik": "0001090012",
    "fillingDate": "2005-03-09",
    "acceptedDate": "2005-03-08 17:48:28",
    "calendarYear": "2004",
    "period": "FY",
    "revenue": 9189000000,
    "costOfRevenue": 4909000000,
    "grossProfit": 4280000000,
    "grossProfitRatio": 0.4657742954,
    "researchAndDevelopmentExpenses": 0,
    "generalAndAdministrativeExpenses": 0,
    "sellingAndMarketingExpenses": 0,
    "sellingGeneralAndAdministrativeExpenses": 277000000,
    "otherExpenses": -255000000,
    "operatingExpenses": 532000000,
    "costAndExpenses": 5441000000,
    "interestIncome": 0,
    "interestExpense": 0,
    "depreciationAndAmortization": 2290000000,
    "ebitda": 6058000000,
    "ebitdaratio": 0.6592665143,
    "operatingIncome": 3748000000,
    "operatingIncomeRatio": 0.4078789857,
    "totalOtherIncomeExpensesNet": -455000000,
    "incomeBeforeTax": 3293000000,
    "incomeBeforeTaxRatio": 0.3583632604,
    "incomeTaxExpense": 1107000000,
    "netIncome": 2186000000,
    "netIncomeRatio": 0.2378931331,
    "eps": 4.51,
    "epsdiluted": 4.38,
    "weightedAverageShsOut": 482000000,
    "weightedAverageShsOutDil": 499000000,
    "link": "https://www.sec.gov/Archives/edgar/data/1090012/000095013405004427/0000950134-05-004427-index.htm",
    "finalLink": "https://www.sec.gov/Archives/edgar/data/1090012/000095013405004427/d22843e10vk.htm"
  },
  {
    "date": "2003-12-31",
    "symbol": "DVN",
    "reportedCurrency": "USD",
    "cik": "0001090012",
    "fillingDate": "2004-03-05",
    "acceptedDate": "2004-03-05 17:23:44",
    "calendarYear": "2003",
    "period": "FY",
    "revenue": 7352000000,
    "costOfRevenue": 1078000000,
    "grossProfit": 6274000000,
    "grossProfitRatio": 0.8533732318,
    "researchAndDevelopmentExpenses": 0,
    "generalAndAdministrativeExpenses": 307000000,
    "sellingAndMarketingExpenses": 1460000000,
    "sellingGeneralAndAdministrativeExpenses": 1481000000,
    "otherExpenses": 1997000000,
    "operatingExpenses": 3478000000,
    "costAndExpenses": 4556000000,
    "interestIncome": 0,
    "interestExpense": 0,
    "depreciationAndAmortization": 1793000000,
    "ebitda": 4589000000,
    "ebitdaratio": 0.6241838955,
    "operatingIncome": 2789000000,
    "operatingIncomeRatio": 0.3793525571,
    "totalOtherIncomeExpensesNet": -544000000,
    "incomeBeforeTax": 2245000000,
    "incomeBeforeTaxRatio": 0.305359086,
    "incomeTaxExpense": 514000000,
    "netIncome": 1747000000,
    "netIncomeRatio": 0.2376224157,
    "eps": 4.16,
    "epsdiluted": 4.04,
    "weightedAverageShsOut": 417000000,
    "weightedAverageShsOutDil": 433000000,
    "link": "https://www.sec.gov/Archives/edgar/data/1090012/000095013404003010/0000950134-04-003010-index.htm",
    "finalLink": "https://www.sec.gov/Archives/edgar/data/1090012/000095013404003010/d13125e10vk.htm"
  },
  {
    "date": "2002-12-31",
    "symbol": "DVN",
    "reportedCurrency": "USD",
    "cik": "0001090012",
    "fillingDate": "2003-03-07",
    "acceptedDate": "2003-03-07 13:14:35",
    "calendarYear": "2002",
    "period": "FY",
    "revenue": 4316000000,
    "costOfRevenue": 775000000,
    "grossProfit": 3541000000,
    "grossProfitRatio": 0.8204355885,
    "researchAndDevelopmentExpenses": 0,
    "generalAndAdministrativeExpenses": 0,
    "sellingAndMarketingExpenses": 0,
    "sellingGeneralAndAdministrativeExpenses": 1027000000,
    "otherExpenses": 1322000000,
    "operatingExpenses": 2349000000,
    "costAndExpenses": 3124000000,
    "interestIncome": 0,
    "interestExpense": 0,
    "depreciationAndAmortization": 1211000000,
    "ebitda": 2403000000,
    "ebitdaratio": 0.5567655236,
    "operatingIncome": 365000000,
    "operatingIncomeRatio": 0.0845690454,
    "totalOtherIncomeExpensesNet": -499000000,
    "incomeBeforeTax": -134000000,
    "incomeBeforeTaxRatio": -0.031047266,
    "incomeTaxExpense": -193000000,
    "netIncome": 104000000,
    "netIncomeRatio": 0.0240963855,
    "eps": 0.31,
    "epsdiluted": 0.31,
    "weightedAverageShsOut": 310000000,
    "weightedAverageShsOutDil": 312000000,
    "link": "https://www.sec.gov/Archives/edgar/data/1090012/000095013403003538/0000950134-03-003538-index.htm",
    "finalLink": "https://www.sec.gov/Archives/edgar/data/1090012/000095013403003538/d03660e10vk.txt"
  },
  {
    "date": "2001-12-31",
    "symbol": "DVN",
    "reportedCurrency": "USD",
    "cik": "0001090012",
    "fillingDate": "2002-03-19",
    "acceptedDate": "2002-03-19 00:00:00",
    "calendarYear": "2001",
    "period": "FY",
    "revenue": 3075000000,
    "costOfRevenue": 614000000,
    "grossProfit": 2461000000,
    "grossProfitRatio": 0.8003252033,
    "researchAndDevelopmentExpenses": 0,
    "generalAndAdministrativeExpenses": 111000000,
    "sellingAndMarketingExpenses": 0,
    "sellingGeneralAndAdministrativeExpenses": 111000000,
    "otherExpenses": 1027000000,
    "operatingExpenses": 1138000000,
    "costAndExpenses": 1752000000,
    "interestIncome": 0,
    "interestExpense": 0,
    "depreciationAndAmortization": 936000000,
    "ebitda": 2037000000,
    "ebitdaratio": 0.6624390244,
    "operatingIncome": 304000000,
    "operatingIncomeRatio": 0.0988617886,
    "totalOtherIncomeExpensesNet": -276000000,
    "incomeBeforeTax": 84000000,
    "incomeBeforeTaxRatio": 0.0273170732,
    "incomeTaxExpense": 30000000,
    "netIncome": 103000000,
    "netIncomeRatio": 0.033495935,
    "eps": 0.37,
    "epsdiluted": 0.36,
    "weightedAverageShsOut": 256000000,
    "weightedAverageShsOutDil": 260000000,
    "link": "https://www.sec.gov/Archives/edgar/data/1090012/000095013402002253/0000950134-02-002253-index.htm",
    "finalLink": "https://www.sec.gov/Archives/edgar/data/1090012/000095013402002253/d95009e10-k405.txt"
  },
  {
    "date": "2000-12-31",
    "symbol": "DVN",
    "reportedCurrency": "USD",
    "cik": "0001090012",
    "fillingDate": "2001-12-18",
    "acceptedDate": "2001-12-18 00:00:00",
    "calendarYear": "2000",
    "period": "FY",
    "revenue": 2784103000,
    "costOfRevenue": 494089000,
    "grossProfit": 2290014000,
    "grossProfitRatio": 0.8225320687,
    "researchAndDevelopmentExpenses": 0,
    "generalAndAdministrativeExpenses": 93008000,
    "sellingAndMarketingExpenses": 0,
    "sellingGeneralAndAdministrativeExpenses": 93008000,
    "otherExpenses": 837916000,
    "operatingExpenses": 930924000,
    "costAndExpenses": 1425013000,
    "interestIncome": 0,
    "interestExpense": 0,
    "depreciationAndAmortization": 734672000,
    "ebitda": 1919000000,
    "ebitdaratio": 0.689270476,
    "operatingIncome": 1296309000,
    "operatingIncomeRatio": 0.4656110065,
    "totalOtherIncomeExpensesNet": -258309000,
    "incomeBeforeTax": 1141980000,
    "incomeBeforeTaxRatio": 0.4101787901,
    "incomeTaxExpense": 411638000,
    "netIncome": 730342000,
    "netIncomeRatio": 0.2623257832,
    "eps": 2.83,
    "epsdiluted": 2.75,
    "weightedAverageShsOut": 254000000,
    "weightedAverageShsOutDil": 264000000,
    "link": "https://www.sec.gov/Archives/edgar/data/1090012/000095013401509590/0000950134-01-509590-index.htm",
    "finalLink": "https://www.sec.gov/Archives/edgar/data/1090012/000095013401509590/d92981a1e10-k405a.txt"
  },
  {
    "date": "1999-12-31",
    "symbol": "DVN",
    "reportedCurrency": "USD",
    "cik": "0001090012",
    "fillingDate": "2000-03-30",
    "acceptedDate": "2000-03-29 21:32:00",
    "calendarYear": "1999",
    "period": "FY",
    "revenue": 715500000,
    "costOfRevenue": 168100000,
    "grossProfit": 547400000,
    "grossProfitRatio": 0.765059399,
    "researchAndDevelopmentExpenses": 0,
    "generalAndAdministrativeExpenses": 53800000,
    "sellingAndMarketingExpenses": 0,
    "sellingGeneralAndAdministrativeExpenses": 53800000,
    "otherExpenses": 292200000,
    "operatingExpenses": 346000000,
    "costAndExpenses": 514100000,
    "interestIncome": 0,
    "interestExpense": 0,
    "depreciationAndAmortization": 269100000,
    "ebitda": 438300000,
    "ebitdaratio": 0.6125786164,
    "operatingIncome": 201400000,
    "operatingIncomeRatio": 0.2814814815,
    "totalOtherIncomeExpensesNet": -400400000,
    "incomeBeforeTax": 159800000,
    "incomeBeforeTaxRatio": 0.2233403215,
    "incomeTaxExpense": 65200000,
    "netIncome": 94600000,
    "netIncomeRatio": 0.1322152341,
    "eps": -0.84,
    "epsdiluted": -0.84,
    "weightedAverageShsOut": 188000000,
    "weightedAverageShsOutDil": 198000000,
    "link": "https://www.sec.gov/Archives/edgar/data/1090012/000095013400002693/0000950134-00-002693-index.htm",
    "finalLink": "https://www.sec.gov/Archives/edgar/data/1090012/000095013400002693/"
  },
  {
    "date": "1998-12-31",
    "symbol": "DVN",
    "reportedCurrency": "USD",
    "cik": "0001090012",
    "fillingDate": "1998-12-31",
    "acceptedDate": "1998-12-31 00:00:00",
    "calendarYear": "1998",
    "period": "FY",
    "revenue": 369700000,
    "costOfRevenue": 113500000,
    "grossProfit": 256200000,
    "grossProfitRatio": 0.6929943197,
    "researchAndDevelopmentExpenses": 0,
    "generalAndAdministrativeExpenses": 0,
    "sellingAndMarketingExpenses": 0,
    "sellingGeneralAndAdministrativeExpenses": 23600000,
    "otherExpenses": 137700000,
    "operatingExpenses": 161300000,
    "costAndExpenses": 274800000,
    "interestIncome": 0,
    "interestExpense": 0,
    "depreciationAndAmortization": 123800000,
    "ebitda": 386100000,
    "ebitdaratio": 1.0443602921,
    "operatingIncome": 81800000,
    "operatingIncomeRatio": 0.2212604815,
    "totalOtherIncomeExpensesNet": -443800000,
    "incomeBeforeTax": -75800000,
    "incomeBeforeTaxRatio": -0.2050311063,
    "incomeTaxExpense": -15500000,
    "netIncome": -60300000,
    "netIncomeRatio": -0.1631052204,
    "eps": -0.93,
    "epsdiluted": -0.93,
    "weightedAverageShsOut": 64653465,
    "weightedAverageShsOutDil": 64653465,
    "link": null,
    "finalLink": null
  },
  {
    "date": "1997-12-31",
    "symbol": "DVN",
    "reportedCurrency": "USD",
    "cik": "0001090012",
    "fillingDate": "1997-12-31",
    "acceptedDate": "1997-12-31 00:00:00",
    "calendarYear": "1997",
    "period": "FY",
    "revenue": 313100000,
    "costOfRevenue": 65700000,
    "grossProfit": 247400000,
    "grossProfitRatio": 0.7901628873,
    "researchAndDevelopmentExpenses": 0,
    "generalAndAdministrativeExpenses": 0,
    "sellingAndMarketingExpenses": 0,
    "sellingGeneralAndAdministrativeExpenses": 12900000,
    "otherExpenses": 103200000,
    "operatingExpenses": 116100000,
    "costAndExpenses": 181800000,
    "interestIncome": 0,
    "interestExpense": 0,
    "depreciationAndAmortization": 85300000,
    "ebitda": 216600000,
    "ebitdaratio": 0.6917917598,
    "operatingIncome": 131300000,
    "operatingIncomeRatio": 0.4193548387,
    "totalOtherIncomeExpensesNet": -612300000,
    "incomeBeforeTax": 121300000,
    "incomeBeforeTaxRatio": 0.387416161,
    "incomeTaxExpense": 46000000,
    "netIncome": 75300000,
    "netIncomeRatio": 0.2404982434,
    "eps": -3.19,
    "epsdiluted": -3.19,
    "weightedAverageShsOut": 64457143,
    "weightedAverageShsOutDil": 69629630,
    "link": null,
    "finalLink": null
  },
  {
    "date": "1996-12-31",
    "symbol": "DVN",
    "reportedCurrency": "USD",
    "cik": "0001090012",
    "fillingDate": "1996-12-31",
    "acceptedDate": "1996-12-31 00:00:00",
    "calendarYear": "1996",
    "period": "FY",
    "revenue": 162600000,
    "costOfRevenue": 31600000,
    "grossProfit": 131000000,
    "grossProfitRatio": 0.8056580566,
    "researchAndDevelopmentExpenses": 0,
    "generalAndAdministrativeExpenses": 0,
    "sellingAndMarketingExpenses": 0,
    "sellingGeneralAndAdministrativeExpenses": 9100000,
    "otherExpenses": 54100000,
    "operatingExpenses": 63200000,
    "costAndExpenses": 94800000,
    "interestIncome": 0,
    "interestExpense": 0,
    "depreciationAndAmortization": 43400000,
    "ebitda": 172000000,
    "ebitdaratio": 1.0578105781,
    "operatingIncome": 67800000,
    "operatingIncomeRatio": 0.4169741697,
    "totalOtherIncomeExpensesNet": 50900000,
    "incomeBeforeTax": 59300000,
    "incomeBeforeTaxRatio": 0.364698647,
    "incomeTaxExpense": 24500000,
    "netIncome": 34800000,
    "netIncomeRatio": 0.2140221402,
    "eps": 1.03,
    "epsdiluted": 1,
    "weightedAverageShsOut": 43956044,
    "weightedAverageShsOutDil": 43956044,
    "link": null,
    "finalLink": null
  },
  {
    "date": "1995-12-31",
    "symbol": "DVN",
    "reportedCurrency": "USD",
    "cik": "0001090012",
    "fillingDate": "1995-12-31",
    "acceptedDate": "1995-12-31 00:00:00",
    "calendarYear": "1995",
    "period": "FY",
    "revenue": 113300000,
    "costOfRevenue": 27300000,
    "grossProfit": 86000000,
    "grossProfitRatio": 0.7590467785,
    "researchAndDevelopmentExpenses": 0,
    "generalAndAdministrativeExpenses": 0,
    "sellingAndMarketingExpenses": 0,
    "sellingGeneralAndAdministrativeExpenses": 8400000,
    "otherExpenses": 44900000,
    "operatingExpenses": 53300000,
    "costAndExpenses": 80600000,
    "interestIncome": 0,
    "interestExpense": 0,
    "depreciationAndAmortization": 38100000,
    "ebitda": 70800000,
    "ebitdaratio": 0.6248896734,
    "operatingIncome": 32700000,
    "operatingIncomeRatio": 0.2886142983,
    "totalOtherIncomeExpensesNet": -7100000,
    "incomeBeforeTax": 25600000,
    "incomeBeforeTaxRatio": 0.2259488085,
    "incomeTaxExpense": 11100000,
    "netIncome": 14500000,
    "netIncomeRatio": 0.1279788173,
    "eps": 0.33,
    "epsdiluted": 0.33,
    "weightedAverageShsOut": 43939394,
    "weightedAverageShsOutDil": 44615385,
    "link": null,
    "finalLink": null
  },
  {
    "date": "1994-12-31",
    "symbol": "DVN",
    "reportedCurrency": "USD",
    "cik": "0001090012",
    "fillingDate": "1994-12-31",
    "acceptedDate": "1994-12-31 00:00:00",
    "calendarYear": "1994",
    "period": "FY",
    "revenue": 100800000,
    "costOfRevenue": 31400000,
    "grossProfit": 69400000,
    "grossProfitRatio": 0.6884920635,
    "researchAndDevelopmentExpenses": 0,
    "generalAndAdministrativeExpenses": 0,
    "sellingAndMarketingExpenses": 0,
    "sellingGeneralAndAdministrativeExpenses": 8400000,
    "otherExpenses": 34100000,
    "operatingExpenses": 42500000,
    "costAndExpenses": 73900000,
    "interestIncome": 0,
    "interestExpense": 0,
    "depreciationAndAmortization": 34100000,
    "ebitda": 61000000,
    "ebitdaratio": 0.6051587302,
    "operatingIncome": 26900000,
    "operatingIncomeRatio": 0.2668650794,
    "totalOtherIncomeExpensesNet": -5600000,
    "incomeBeforeTax": 21300000,
    "incomeBeforeTaxRatio": 0.2113095238,
    "incomeTaxExpense": 7600000,
    "netIncome": 13700000,
    "netIncomeRatio": 0.1359126984,
    "eps": 0.32,
    "epsdiluted": 0.32,
    "weightedAverageShsOut": 42812500,
    "weightedAverageShsOutDil": 43492063,
    "link": null,
    "finalLink": null
  },
  {
    "date": "1993-12-31",
    "symbol": "DVN",
    "reportedCurrency": "USD",
    "cik": "0001090012",
    "fillingDate": "1993-12-31",
    "acceptedDate": "1993-12-31 00:00:00",
    "calendarYear": "1993",
    "period": "FY",
    "revenue": 98800000,
    "costOfRevenue": 33300000,
    "grossProfit": 65500000,
    "grossProfitRatio": 0.6629554656,
    "researchAndDevelopmentExpenses": 0,
    "generalAndAdministrativeExpenses": 0,
    "sellingAndMarketingExpenses": 0,
    "sellingGeneralAndAdministrativeExpenses": 7600000,
    "otherExpenses": 28400000,
    "operatingExpenses": 36000000,
    "costAndExpenses": 69300000,
    "interestIncome": 0,
    "interestExpense": 0,
    "depreciationAndAmortization": 28400000,
    "ebitda": 57900000,
    "ebitdaratio": 0.5860323887,
    "operatingIncome": 29500000,
    "operatingIncomeRatio": 0.298582996,
    "totalOtherIncomeExpensesNet": -3500000,
    "incomeBeforeTax": 26000000,
    "incomeBeforeTaxRatio": 0.2631578947,
    "incomeTaxExpense": 6800000,
    "netIncome": 20500000,
    "netIncomeRatio": 0.2074898785,
    "eps": 0.52,
    "epsdiluted": 0.52,
    "weightedAverageShsOut": 39423077,
    "weightedAverageShsOutDil": 39423077,
    "link": null,
    "finalLink": null
  },
  {
    "date": "1992-12-31",
    "symbol": "DVN",
    "reportedCurrency": "USD",
    "cik": "0001090012",
    "fillingDate": "1992-12-31",
    "acceptedDate": "1992-12-31 00:00:00",
    "calendarYear": "1992",
    "period": "FY",
    "revenue": 68700000,
    "costOfRevenue": 23000000,
    "grossProfit": 45700000,
    "grossProfitRatio": 0.6652110626,
    "researchAndDevelopmentExpenses": 0,
    "generalAndAdministrativeExpenses": 0,
    "sellingAndMarketingExpenses": 0,
    "sellingGeneralAndAdministrativeExpenses": 6500000,
    "otherExpenses": 19900000,
    "operatingExpenses": 26400000,
    "costAndExpenses": 49400000,
    "interestIncome": 0,
    "interestExpense": 0,
    "depreciationAndAmortization": 19900000,
    "ebitda": 39200000,
    "ebitdaratio": 0.5705967977,
    "operatingIncome": 19300000,
    "operatingIncomeRatio": 0.2809315866,
    "totalOtherIncomeExpensesNet": 200000,
    "incomeBeforeTax": 19500000,
    "incomeBeforeTaxRatio": 0.2838427948,
    "incomeTaxExpense": 4900000,
    "netIncome": 14600000,
    "netIncomeRatio": 0.2125181951,
    "eps": 0.47,
    "epsdiluted": 0.45,
    "weightedAverageShsOut": 30416667,
    "weightedAverageShsOutDil": 30416667,
    "link": null,
    "finalLink": null
  },
  {
    "date": "1991-12-31",
    "symbol": "DVN",
    "reportedCurrency": "USD",
    "cik": "0001090012",
    "fillingDate": "1991-12-31",
    "acceptedDate": "1991-12-31 00:00:00",
    "calendarYear": "1991",
    "period": "FY",
    "revenue": 28500000,
    "costOfRevenue": 10600000,
    "grossProfit": 17900000,
    "grossProfitRatio": 0.6280701754,
    "researchAndDevelopmentExpenses": 0,
    "generalAndAdministrativeExpenses": 0,
    "sellingAndMarketingExpenses": 0,
    "sellingGeneralAndAdministrativeExpenses": 30800000,
    "otherExpenses": 7800000,
    "operatingExpenses": 38600000,
    "costAndExpenses": 49200000,
    "interestIncome": 0,
    "interestExpense": 0,
    "depreciationAndAmortization": 7800000,
    "ebitda": -12900000,
    "ebitdaratio": -0.4526315789,
    "operatingIncome": -20700000,
    "operatingIncomeRatio": -0.7263157895,
    "totalOtherIncomeExpensesNet": -400000,
    "incomeBeforeTax": -21100000,
    "incomeBeforeTaxRatio": -0.7403508772,
    "incomeTaxExpense": -6100000,
    "netIncome": -15000000,
    "netIncomeRatio": -0.5263157895,
    "eps": -0.86,
    "epsdiluted": -0.86,
    "weightedAverageShsOut": 17386935,
    "weightedAverageShsOutDil": 17386935,
    "link": null,
    "finalLink": null
  },
  {
    "date": "1990-12-31",
    "symbol": "DVN",
    "reportedCurrency": "USD",
    "cik": "0001090012",
    "fillingDate": "1990-12-31",
    "acceptedDate": "1990-12-31 00:00:00",
    "calendarYear": "1990",
    "period": "FY",
    "revenue": 29600000,
    "costOfRevenue": 12000000,
    "grossProfit": 17600000,
    "grossProfitRatio": 0.5945945946,
    "researchAndDevelopmentExpenses": 0,
    "generalAndAdministrativeExpenses": 0,
    "sellingAndMarketingExpenses": 0,
    "sellingGeneralAndAdministrativeExpenses": 4900000,
    "otherExpenses": 8000000,
    "operatingExpenses": 12900000,
    "costAndExpenses": 24900000,
    "interestIncome": 0,
    "interestExpense": 0,
    "depreciationAndAmortization": 8000000,
    "ebitda": 12700000,
    "ebitdaratio": 0.4290540541,
    "operatingIncome": 4700000,
    "operatingIncomeRatio": 0.1587837838,
    "totalOtherIncomeExpensesNet": -600000,
    "incomeBeforeTax": 4100000,
    "incomeBeforeTaxRatio": 0.1385135135,
    "incomeTaxExpense": 1500000,
    "netIncome": 2600000,
    "netIncomeRatio": 0.0878378378,
    "eps": 0.015,
    "epsdiluted": 0.015,
    "weightedAverageShsOut": 17358000,
    "weightedAverageShsOutDil": 17358000,
    "link": null,
    "finalLink": null
  },
  {
    "date": "1989-12-31",
    "symbol": "DVN",
    "reportedCurrency": "USD",
    "cik": "0001090012",
    "fillingDate": "1989-12-31",
    "acceptedDate": "1989-12-31 00:00:00",
    "calendarYear": "1989",
    "period": "FY",
    "revenue": 26300000,
    "costOfRevenue": 11800000,
    "grossProfit": 14500000,
    "grossProfitRatio": 0.5513307985,
    "researchAndDevelopmentExpenses": 0,
    "generalAndAdministrativeExpenses": 0,
    "sellingAndMarketingExpenses": 0,
    "sellingGeneralAndAdministrativeExpenses": 6100000,
    "otherExpenses": 7300000,
    "operatingExpenses": 13400000,
    "costAndExpenses": 25200000,
    "interestIncome": 0,
    "interestExpense": 0,
    "depreciationAndAmortization": 7300000,
    "ebitda": 8400000,
    "ebitdaratio": 0.319391635,
    "operatingIncome": 1100000,
    "operatingIncomeRatio": 0.0418250951,
    "totalOtherIncomeExpensesNet": 300000,
    "incomeBeforeTax": 1400000,
    "incomeBeforeTaxRatio": 0.0532319392,
    "incomeTaxExpense": 500000,
    "netIncome": 900000,
    "netIncomeRatio": 0.0342205323,
    "eps": 0.005,
    "epsdiluted": 0.005,
    "weightedAverageShsOut": 20000000,
    "weightedAverageShsOutDil": 20000000,
    "link": null,
    "finalLink": null
  },
  {
    "date": "1988-12-31",
    "symbol": "DVN",
    "reportedCurrency": "USD",
    "cik": "0001090012",
    "fillingDate": "1988-12-31",
    "acceptedDate": "1988-12-30 19:00:00",
    "calendarYear": "1988",
    "period": "FY",
    "revenue": 18300000,
    "costOfRevenue": 8400000,
    "grossProfit": 9900000,
    "grossProfitRatio": 0.5409836066,
    "researchAndDevelopmentExpenses": 0,
    "generalAndAdministrativeExpenses": 0,
    "sellingAndMarketingExpenses": 0,
    "sellingGeneralAndAdministrativeExpenses": 3900000,
    "otherExpenses": 7400000,
    "operatingExpenses": 11300000,
    "costAndExpenses": 19700000,
    "interestIncome": 0,
    "interestExpense": 0,
    "depreciationAndAmortization": 7400000,
    "ebitda": 6000000,
    "ebitdaratio": 0.3278688525,
    "operatingIncome": -1400000,
    "operatingIncomeRatio": -0.0765027322,
    "totalOtherIncomeExpensesNet": 700000,
    "incomeBeforeTax": -700000,
    "incomeBeforeTaxRatio": -0.0382513661,
    "incomeTaxExpense": -100000,
    "netIncome": -600000,
    "netIncomeRatio": -0.0327868852,
    "eps": -0.04,
    "epsdiluted": -0.04,
    "weightedAverageShsOut": 15000000,
    "weightedAverageShsOutDil": 15000000,
    "link": "",
    "finalLink": ""
  },
  {
    "date": "1987-12-31",
    "symbol": "DVN",
    "reportedCurrency": "USD",
    "cik": "0001090012",
    "fillingDate": "1987-12-31",
    "acceptedDate": "1987-12-30 19:00:00",
    "calendarYear": "1987",
    "period": "FY",
    "revenue": 15200000,
    "costOfRevenue": 5100000,
    "grossProfit": 10100000,
    "grossProfitRatio": 0.6644736842,
    "researchAndDevelopmentExpenses": 0,
    "generalAndAdministrativeExpenses": 0,
    "sellingAndMarketingExpenses": 0,
    "sellingGeneralAndAdministrativeExpenses": 4100000,
    "otherExpenses": 7700000,
    "operatingExpenses": 11800000,
    "costAndExpenses": 16900000,
    "interestIncome": 0,
    "interestExpense": 0,
    "depreciationAndAmortization": 7700000,
    "ebitda": 6000000,
    "ebitdaratio": 0.3947368421,
    "operatingIncome": -1700000,
    "operatingIncomeRatio": -0.1118421053,
    "totalOtherIncomeExpensesNet": 400000,
    "incomeBeforeTax": -1300000,
    "incomeBeforeTaxRatio": -0.0855263158,
    "incomeTaxExpense": -200000,
    "netIncome": -1100000,
    "netIncomeRatio": -0.0723684211,
    "eps": -0.085,
    "epsdiluted": -0.085,
    "weightedAverageShsOut": 12941176,
    "weightedAverageShsOutDil": 12941176,
    "link": "",
    "finalLink": ""
  }
]