[
  {
    "date": "2025-06-30",
    "symbol": "DXCM",
    "reportedCurrency": "USD",
    "cik": "0001093557",
    "fillingDate": "2025-07-30",
    "acceptedDate": "2025-07-30 17:19:57",
    "calendarYear": "2025",
    "period": "Q2",
    "revenue": 1157100000,
    "costOfRevenue": 468300000,
    "grossProfit": 688800000,
    "grossProfitRatio": 0.5952813067,
    "researchAndDevelopmentExpenses": 148200000,
    "generalAndAdministrativeExpenses": 0,
    "sellingAndMarketingExpenses": 0,
    "sellingGeneralAndAdministrativeExpenses": 328000000,
    "otherExpenses": 0,
    "operatingExpenses": 476200000,
    "costAndExpenses": 944500000,
    "interestIncome": 28000000,
    "interestExpense": 4700000,
    "depreciationAndAmortization": 63000000,
    "ebitda": 308800000,
    "ebitdaratio": 0.2668740818,
    "operatingIncome": 212600000,
    "operatingIncomeRatio": 0.1837352001,
    "totalOtherIncomeExpensesNet": 28500000,
    "incomeBeforeTax": 241100000,
    "incomeBeforeTaxRatio": 0.2083657419,
    "incomeTaxExpense": 61300000,
    "netIncome": 179800000,
    "netIncomeRatio": 0.1553884712,
    "eps": 0.46,
    "epsdiluted": 0.45,
    "weightedAverageShsOut": 392100000,
    "weightedAverageShsOutDil": 408200000,
    "link": "https://www.sec.gov/Archives/edgar/data/1093557/000109355725000243/0001093557-25-000243-index.htm",
    "finalLink": "https://www.sec.gov/Archives/edgar/data/1093557/000109355725000243/dxcm-20250630.htm"
  },
  {
    "date": "2025-03-31",
    "symbol": "DXCM",
    "reportedCurrency": "USD",
    "cik": "0001093557",
    "fillingDate": "2025-05-01",
    "acceptedDate": "2025-05-01 17:15:34",
    "calendarYear": "2025",
    "period": "Q1",
    "revenue": 1036000000,
    "costOfRevenue": 447000000,
    "grossProfit": 589000000,
    "grossProfitRatio": 0.5685328185,
    "researchAndDevelopmentExpenses": 145200000,
    "generalAndAdministrativeExpenses": 0,
    "sellingAndMarketingExpenses": 0,
    "sellingGeneralAndAdministrativeExpenses": 310100000,
    "otherExpenses": 0,
    "operatingExpenses": 455300000,
    "costAndExpenses": 902300000,
    "interestIncome": 28500000,
    "interestExpense": 4700000,
    "depreciationAndAmortization": 60000000,
    "ebitda": 219000000,
    "ebitdaratio": 0.2113899614,
    "operatingIncome": 133700000,
    "operatingIncomeRatio": 0.1290540541,
    "totalOtherIncomeExpensesNet": 20600000,
    "incomeBeforeTax": 154300000,
    "incomeBeforeTaxRatio": 0.1489382239,
    "incomeTaxExpense": 48900000,
    "netIncome": 105400000,
    "netIncomeRatio": 0.1017374517,
    "eps": 0.27,
    "epsdiluted": 0.27,
    "weightedAverageShsOut": 391100000,
    "weightedAverageShsOutDil": 407500000,
    "link": "https://www.sec.gov/Archives/edgar/data/1093557/000109355725000113/0001093557-25-000113-index.htm",
    "finalLink": "https://www.sec.gov/Archives/edgar/data/1093557/000109355725000113/dxcm-20250331.htm"
  },
  {
    "date": "2024-12-31",
    "symbol": "DXCM",
    "reportedCurrency": "USD",
    "cik": "0001093557",
    "fillingDate": "2024-12-31",
    "acceptedDate": "2024-12-31 00:00:00",
    "calendarYear": "2024",
    "period": "Q4",
    "revenue": 1113500000,
    "costOfRevenue": 457700000,
    "grossProfit": 655800000,
    "grossProfitRatio": 0.5889537494,
    "researchAndDevelopmentExpenses": 139500000,
    "generalAndAdministrativeExpenses": 0,
    "sellingAndMarketingExpenses": 0,
    "sellingGeneralAndAdministrativeExpenses": 327400000,
    "otherExpenses": 0,
    "operatingExpenses": 466900000,
    "costAndExpenses": 924600000,
    "interestIncome": 29700000,
    "interestExpense": 4900000,
    "depreciationAndAmortization": 57800000,
    "ebitda": 274000000,
    "ebitdaratio": 0.2460709475,
    "operatingIncome": 188900000,
    "operatingIncomeRatio": 0.1696452627,
    "totalOtherIncomeExpensesNet": 22400000,
    "incomeBeforeTax": 211300000,
    "incomeBeforeTaxRatio": 0.1897620117,
    "incomeTaxExpense": 59600000,
    "netIncome": 151700000,
    "netIncomeRatio": 0.1362370903,
    "eps": 0.39,
    "epsdiluted": 0.38,
    "weightedAverageShsOut": 399330000,
    "weightedAverageShsOutDil": 406700000,
    "link": null,
    "finalLink": null
  },
  {
    "date": "2024-09-30",
    "symbol": "DXCM",
    "reportedCurrency": "USD",
    "cik": "0001093557",
    "fillingDate": "2024-10-24",
    "acceptedDate": "2024-10-24 17:13:02",
    "calendarYear": "2024",
    "period": "Q3",
    "revenue": 994200000,
    "costOfRevenue": 400400000,
    "grossProfit": 593800000,
    "grossProfitRatio": 0.597264132,
    "researchAndDevelopmentExpenses": 135400000,
    "generalAndAdministrativeExpenses": 0,
    "sellingAndMarketingExpenses": 0,
    "sellingGeneralAndAdministrativeExpenses": 306400000,
    "otherExpenses": 0,
    "operatingExpenses": 441800000,
    "costAndExpenses": 842200000,
    "interestIncome": 32000000,
    "interestExpense": 4700000,
    "depreciationAndAmortization": 55300000,
    "ebitda": 237400000,
    "ebitdaratio": 0.2387849527,
    "operatingIncome": 152000000,
    "operatingIncomeRatio": 0.1528867431,
    "totalOtherIncomeExpensesNet": 25400000,
    "incomeBeforeTax": 177400000,
    "incomeBeforeTaxRatio": 0.1784349226,
    "incomeTaxExpense": 42800000,
    "netIncome": 134600000,
    "netIncomeRatio": 0.1353852344,
    "eps": 0.35,
    "epsdiluted": 0.34,
    "weightedAverageShsOut": 394200000,
    "weightedAverageShsOutDil": 410200000,
    "link": "https://www.sec.gov/Archives/edgar/data/1093557/000109355724000180/0001093557-24-000180-index.htm",
    "finalLink": "https://www.sec.gov/Archives/edgar/data/1093557/000109355724000180/dxcm-20240930.htm"
  },
  {
    "date": "2024-06-30",
    "symbol": "DXCM",
    "reportedCurrency": "USD",
    "cik": "0001093557",
    "fillingDate": "2024-07-25",
    "acceptedDate": "2024-07-25 17:18:18",
    "calendarYear": "2024",
    "period": "Q2",
    "revenue": 1004300000,
    "costOfRevenue": 377600000,
    "grossProfit": 626700000,
    "grossProfitRatio": 0.6240167281,
    "researchAndDevelopmentExpenses": 136000000,
    "generalAndAdministrativeExpenses": 0,
    "sellingAndMarketingExpenses": 0,
    "sellingGeneralAndAdministrativeExpenses": 332700000,
    "otherExpenses": -1600000,
    "operatingExpenses": 468700000,
    "costAndExpenses": 846300000,
    "interestIncome": 36200000,
    "interestExpense": 4800000,
    "depreciationAndAmortization": 52100000,
    "ebitda": 244700000,
    "ebitdaratio": 0.2436522951,
    "operatingIncome": 158000000,
    "operatingIncomeRatio": 0.1573235089,
    "totalOtherIncomeExpensesNet": 29800000,
    "incomeBeforeTax": 187800000,
    "incomeBeforeTaxRatio": 0.1869959176,
    "incomeTaxExpense": 44300000,
    "netIncome": 143500000,
    "netIncomeRatio": 0.142885592,
    "eps": 0.36,
    "epsdiluted": 0.35,
    "weightedAverageShsOut": 399200000,
    "weightedAverageShsOutDil": 416800000,
    "link": "https://www.sec.gov/Archives/edgar/data/1093557/000109355724000144/0001093557-24-000144-index.htm",
    "finalLink": "https://www.sec.gov/Archives/edgar/data/1093557/000109355724000144/dxcm-20240630.htm"
  },
  {
    "date": "2024-03-31",
    "symbol": "DXCM",
    "reportedCurrency": "USD",
    "cik": "0001093557",
    "fillingDate": "2024-04-25",
    "acceptedDate": "2024-04-25 17:17:02",
    "calendarYear": "2024",
    "period": "Q1",
    "revenue": 921000000,
    "costOfRevenue": 359100000,
    "grossProfit": 561900000,
    "grossProfitRatio": 0.6100977199,
    "researchAndDevelopmentExpenses": 141500000,
    "generalAndAdministrativeExpenses": 0,
    "sellingAndMarketingExpenses": 0,
    "sellingGeneralAndAdministrativeExpenses": 319300000,
    "otherExpenses": -300000,
    "operatingExpenses": 460800000,
    "costAndExpenses": 819900000,
    "interestIncome": 36300000,
    "interestExpense": 4600000,
    "depreciationAndAmortization": 52500000,
    "ebitda": 189600000,
    "ebitdaratio": 0.2058631922,
    "operatingIncome": 101100000,
    "operatingIncomeRatio": 0.109771987,
    "totalOtherIncomeExpensesNet": 31400000,
    "incomeBeforeTax": 132500000,
    "incomeBeforeTaxRatio": 0.1438653637,
    "incomeTaxExpense": -13900000,
    "netIncome": 146400000,
    "netIncomeRatio": 0.1589576547,
    "eps": 0.38,
    "epsdiluted": 0.36,
    "weightedAverageShsOut": 390200000,
    "weightedAverageShsOutDil": 416700000,
    "link": "https://www.sec.gov/Archives/edgar/data/1093557/000109355724000079/0001093557-24-000079-index.htm",
    "finalLink": "https://www.sec.gov/Archives/edgar/data/1093557/000109355724000079/dxcm-20240331.htm"
  },
  {
    "date": "2023-12-31",
    "symbol": "DXCM",
    "reportedCurrency": "USD",
    "cik": "0001093557",
    "fillingDate": "2024-02-08",
    "acceptedDate": "2024-02-08 17:14:40",
    "calendarYear": "2023",
    "period": "Q4",
    "revenue": 1034500000,
    "costOfRevenue": 377900000,
    "grossProfit": 656600000,
    "grossProfitRatio": 0.634702755,
    "researchAndDevelopmentExpenses": 136100000,
    "generalAndAdministrativeExpenses": 128000000,
    "sellingAndMarketingExpenses": 180800000,
    "sellingGeneralAndAdministrativeExpenses": 308800000,
    "otherExpenses": -5200000,
    "operatingExpenses": 439700000,
    "costAndExpenses": 817600000,
    "interestIncome": 33800000,
    "interestExpense": 4900000,
    "depreciationAndAmortization": 52500000,
    "ebitda": 303600000,
    "ebitdaratio": 0.2934751087,
    "operatingIncome": 216900000,
    "operatingIncomeRatio": 0.2096665056,
    "totalOtherIncomeExpensesNet": 29300000,
    "incomeBeforeTax": 246200000,
    "incomeBeforeTaxRatio": 0.2379893668,
    "incomeTaxExpense": -10100000,
    "netIncome": 256300000,
    "netIncomeRatio": 0.2477525375,
    "eps": 0.67,
    "epsdiluted": 0.62,
    "weightedAverageShsOut": 384100000,
    "weightedAverageShsOutDil": 415900000,
    "link": "https://www.sec.gov/Archives/edgar/data/1093557/000109355724000021/0001093557-24-000021-index.htm",
    "finalLink": "https://www.sec.gov/Archives/edgar/data/1093557/000109355724000021/dxcm-20231231.htm"
  },
  {
    "date": "2023-09-30",
    "symbol": "DXCM",
    "reportedCurrency": "USD",
    "cik": "0001093557",
    "fillingDate": "2023-10-26",
    "acceptedDate": "2023-10-26 17:14:39",
    "calendarYear": "2023",
    "period": "Q3",
    "revenue": 975000000,
    "costOfRevenue": 351700000,
    "grossProfit": 623300000,
    "grossProfitRatio": 0.6392820513,
    "researchAndDevelopmentExpenses": 131400000,
    "generalAndAdministrativeExpenses": 0,
    "sellingAndMarketingExpenses": 0,
    "sellingGeneralAndAdministrativeExpenses": 284700000,
    "otherExpenses": 0,
    "operatingExpenses": 417800000,
    "costAndExpenses": 769500000,
    "interestIncome": 41500000,
    "interestExpense": 4900000,
    "depreciationAndAmortization": 48200000,
    "ebitda": 293500000,
    "ebitdaratio": 0.301025641,
    "operatingIncome": 205500000,
    "operatingIncomeRatio": 0.2107692308,
    "totalOtherIncomeExpensesNet": 34900000,
    "incomeBeforeTax": 240400000,
    "incomeBeforeTaxRatio": 0.2465641026,
    "incomeTaxExpense": 119700000,
    "netIncome": 120700000,
    "netIncomeRatio": 0.1237948718,
    "eps": 0.31,
    "epsdiluted": 0.29,
    "weightedAverageShsOut": 386600000,
    "weightedAverageShsOutDil": 426800000,
    "link": "https://www.sec.gov/Archives/edgar/data/1093557/000109355723000220/0001093557-23-000220-index.htm",
    "finalLink": "https://www.sec.gov/Archives/edgar/data/1093557/000109355723000220/dxcm-20230930.htm"
  },
  {
    "date": "2023-06-30",
    "symbol": "DXCM",
    "reportedCurrency": "USD",
    "cik": "0001093557",
    "fillingDate": "2023-07-27",
    "acceptedDate": "2023-07-27 17:08:03",
    "calendarYear": "2023",
    "period": "Q2",
    "revenue": 871300000,
    "costOfRevenue": 324900000,
    "grossProfit": 546400000,
    "grossProfitRatio": 0.6271089177,
    "researchAndDevelopmentExpenses": 119300000,
    "generalAndAdministrativeExpenses": 0,
    "sellingAndMarketingExpenses": 0,
    "sellingGeneralAndAdministrativeExpenses": 297300000,
    "otherExpenses": -300000,
    "operatingExpenses": 418300000,
    "costAndExpenses": 743200000,
    "interestIncome": 37400000,
    "interestExpense": 5900000,
    "depreciationAndAmortization": 43700000,
    "ebitda": 208900000,
    "ebitdaratio": 0.2397566854,
    "operatingIncome": 128100000,
    "operatingIncomeRatio": 0.1470216917,
    "totalOtherIncomeExpensesNet": 31200000,
    "incomeBeforeTax": 159300000,
    "incomeBeforeTaxRatio": 0.1828302536,
    "incomeTaxExpense": 43400000,
    "netIncome": 115900000,
    "netIncomeRatio": 0.1330196258,
    "eps": 0.3,
    "epsdiluted": 0.28,
    "weightedAverageShsOut": 386700000,
    "weightedAverageShsOutDil": 431500000,
    "link": "https://www.sec.gov/Archives/edgar/data/1093557/000109355723000174/0001093557-23-000174-index.htm",
    "finalLink": "https://www.sec.gov/Archives/edgar/data/1093557/000109355723000174/dxcm-20230630.htm"
  },
  {
    "date": "2023-03-31",
    "symbol": "DXCM",
    "reportedCurrency": "USD",
    "cik": "0001093557",
    "fillingDate": "2023-04-27",
    "acceptedDate": "2023-04-27 17:10:57",
    "calendarYear": "2023",
    "period": "Q1",
    "revenue": 741500000,
    "costOfRevenue": 278900000,
    "grossProfit": 462600000,
    "grossProfitRatio": 0.6238705327,
    "researchAndDevelopmentExpenses": 119000000,
    "generalAndAdministrativeExpenses": 0,
    "sellingAndMarketingExpenses": 0,
    "sellingGeneralAndAdministrativeExpenses": 296400000,
    "otherExpenses": 0,
    "operatingExpenses": 415400000,
    "costAndExpenses": 694300000,
    "interestIncome": 22300000,
    "interestExpense": 4600000,
    "depreciationAndAmortization": 41600000,
    "ebitda": 110700000,
    "ebitdaratio": 0.1492919757,
    "operatingIncome": 47200000,
    "operatingIncomeRatio": 0.0636547539,
    "totalOtherIncomeExpensesNet": 17300000,
    "incomeBeforeTax": 64500000,
    "incomeBeforeTaxRatio": 0.0869858395,
    "incomeTaxExpense": 15900000,
    "netIncome": 48600000,
    "netIncomeRatio": 0.0655428186,
    "eps": 0.13,
    "epsdiluted": 0.12,
    "weightedAverageShsOut": 386700000,
    "weightedAverageShsOutDil": 418500000,
    "link": "https://www.sec.gov/Archives/edgar/data/1093557/000109355723000118/0001093557-23-000118-index.htm",
    "finalLink": "https://www.sec.gov/Archives/edgar/data/1093557/000109355723000118/dxcm-20230331.htm"
  },
  {
    "date": "2022-12-31",
    "symbol": "DXCM",
    "reportedCurrency": "USD",
    "cik": "0001093557",
    "fillingDate": "2023-02-09",
    "acceptedDate": "2023-02-09 17:06:55",
    "calendarYear": "2022",
    "period": "Q4",
    "revenue": 815200000,
    "costOfRevenue": 273900000,
    "grossProfit": 541300000,
    "grossProfitRatio": 0.6640088322,
    "researchAndDevelopmentExpenses": 116300000,
    "generalAndAdministrativeExpenses": 164800000,
    "sellingAndMarketingExpenses": 133000000,
    "sellingGeneralAndAdministrativeExpenses": 297800000,
    "otherExpenses": 1800000,
    "operatingExpenses": 415900000,
    "costAndExpenses": 689800000,
    "interestIncome": 0,
    "interestExpense": 4700000,
    "depreciationAndAmortization": 36300000,
    "ebitda": 174200000,
    "ebitdaratio": 0.2136898921,
    "operatingIncome": 125400000,
    "operatingIncomeRatio": 0.1538272816,
    "totalOtherIncomeExpensesNet": 7800000,
    "incomeBeforeTax": 133200000,
    "incomeBeforeTaxRatio": 0.1633954858,
    "incomeTaxExpense": 41400000,
    "netIncome": 91800000,
    "netIncomeRatio": 0.1126104024,
    "eps": 0.24,
    "epsdiluted": 0.22,
    "weightedAverageShsOut": 386300000,
    "weightedAverageShsOutDil": 425900000,
    "link": "https://www.sec.gov/Archives/edgar/data/1093557/000109355723000024/0001093557-23-000024-index.htm",
    "finalLink": "https://www.sec.gov/Archives/edgar/data/1093557/000109355723000024/dxcm-20221231.htm"
  },
  {
    "date": "2022-09-30",
    "symbol": "DXCM",
    "reportedCurrency": "USD",
    "cik": "0001093557",
    "fillingDate": "2022-10-27",
    "acceptedDate": "2022-10-27 17:11:18",
    "calendarYear": "2022",
    "period": "Q3",
    "revenue": 769600000,
    "costOfRevenue": 275400000,
    "grossProfit": 494200000,
    "grossProfitRatio": 0.6421517672,
    "researchAndDevelopmentExpenses": 110300000,
    "generalAndAdministrativeExpenses": 0,
    "sellingAndMarketingExpenses": 0,
    "sellingGeneralAndAdministrativeExpenses": 234600000,
    "otherExpenses": 1800000,
    "operatingExpenses": 346700000,
    "costAndExpenses": 622100000,
    "interestIncome": 5700000,
    "interestExpense": 4600000,
    "depreciationAndAmortization": 39200000,
    "ebitda": 190000000,
    "ebitdaratio": 0.2468814969,
    "operatingIncome": 147500000,
    "operatingIncomeRatio": 0.1916580042,
    "totalOtherIncomeExpensesNet": -1300000,
    "incomeBeforeTax": 146200000,
    "incomeBeforeTaxRatio": 0.189968815,
    "incomeTaxExpense": 45000000,
    "netIncome": 101200000,
    "netIncomeRatio": 0.1314968815,
    "eps": 0.24,
    "epsdiluted": 0.24,
    "weightedAverageShsOut": 414336365,
    "weightedAverageShsOutDil": 425800000,
    "link": "https://www.sec.gov/Archives/edgar/data/1093557/000109355722000171/0001093557-22-000171-index.htm",
    "finalLink": "https://www.sec.gov/Archives/edgar/data/1093557/000109355722000171/dxcm-20220930.htm"
  },
  {
    "date": "2022-06-30",
    "symbol": "DXCM",
    "reportedCurrency": "USD",
    "cik": "0001093557",
    "fillingDate": "2022-07-28",
    "acceptedDate": "2022-07-28 17:14:28",
    "calendarYear": "2022",
    "period": "Q2",
    "revenue": 696200000,
    "costOfRevenue": 246700000,
    "grossProfit": 449500000,
    "grossProfitRatio": 0.6456478024,
    "researchAndDevelopmentExpenses": 121700000,
    "generalAndAdministrativeExpenses": 0,
    "sellingAndMarketingExpenses": 0,
    "sellingGeneralAndAdministrativeExpenses": 248900000,
    "otherExpenses": 1900000,
    "operatingExpenses": 372500000,
    "costAndExpenses": 619200000,
    "interestIncome": 3000000,
    "interestExpense": 4700000,
    "depreciationAndAmortization": 43600000,
    "ebitda": 123600000,
    "ebitdaratio": 0.177535191,
    "operatingIncome": 77000000,
    "operatingIncomeRatio": 0.1106004022,
    "totalOtherIncomeExpensesNet": -1700000,
    "incomeBeforeTax": 75300000,
    "incomeBeforeTaxRatio": 0.1081585751,
    "incomeTaxExpense": 24400000,
    "netIncome": 50900000,
    "netIncomeRatio": 0.0731111749,
    "eps": 0.13,
    "epsdiluted": 0.12,
    "weightedAverageShsOut": 408559686,
    "weightedAverageShsOutDil": 421400000,
    "link": "https://www.sec.gov/Archives/edgar/data/1093557/000109355722000146/0001093557-22-000146-index.htm",
    "finalLink": "https://www.sec.gov/Archives/edgar/data/1093557/000109355722000146/dxcm-20220630.htm"
  },
  {
    "date": "2022-03-31",
    "symbol": "DXCM",
    "reportedCurrency": "USD",
    "cik": "0001093557",
    "fillingDate": "2022-04-28",
    "acceptedDate": "2022-04-28 17:28:26",
    "calendarYear": "2022",
    "period": "Q1",
    "revenue": 628800000,
    "costOfRevenue": 230700000,
    "grossProfit": 398100000,
    "grossProfitRatio": 0.633110687,
    "researchAndDevelopmentExpenses": 135900000,
    "generalAndAdministrativeExpenses": 0,
    "sellingAndMarketingExpenses": 0,
    "sellingGeneralAndAdministrativeExpenses": 220900000,
    "otherExpenses": 0,
    "operatingExpenses": 356800000,
    "costAndExpenses": 587500000,
    "interestIncome": 0,
    "interestExpense": 5400000,
    "depreciationAndAmortization": 36800000,
    "ebitda": 78300000,
    "ebitdaratio": 0.1245229008,
    "operatingIncome": 41300000,
    "operatingIncomeRatio": 0.0656806616,
    "totalOtherIncomeExpensesNet": -5200000,
    "incomeBeforeTax": 36100000,
    "incomeBeforeTaxRatio": 0.0574109415,
    "incomeTaxExpense": -61200000,
    "netIncome": 97300000,
    "netIncomeRatio": 0.1547391858,
    "eps": 0.23,
    "epsdiluted": 0.23,
    "weightedAverageShsOut": 416709493,
    "weightedAverageShsOutDil": 428800000,
    "link": "https://www.sec.gov/Archives/edgar/data/1093557/000109355722000098/0001093557-22-000098-index.htm",
    "finalLink": "https://www.sec.gov/Archives/edgar/data/1093557/000109355722000098/dxcm-20220331.htm"
  },
  {
    "date": "2021-12-31",
    "symbol": "DXCM",
    "reportedCurrency": "USD",
    "cik": "0001093557",
    "fillingDate": "2022-02-14",
    "acceptedDate": "2022-02-14 16:31:44",
    "calendarYear": "2021",
    "period": "Q4",
    "revenue": 698200000,
    "costOfRevenue": 225600000,
    "grossProfit": 472600000,
    "grossProfitRatio": 0.6768834145,
    "researchAndDevelopmentExpenses": 236900000,
    "generalAndAdministrativeExpenses": 108700000,
    "sellingAndMarketingExpenses": 126400000,
    "sellingGeneralAndAdministrativeExpenses": 235100000,
    "otherExpenses": -1000000,
    "operatingExpenses": 472000000,
    "costAndExpenses": 697600000,
    "interestIncome": 0,
    "interestExpense": 4700000,
    "depreciationAndAmortization": 32100000,
    "ebitda": 43200000,
    "ebitdaratio": 0.0618733887,
    "operatingIncome": 600000,
    "operatingIncomeRatio": 0.0008593526,
    "totalOtherIncomeExpensesNet": -15300000,
    "incomeBeforeTax": -14700000,
    "incomeBeforeTaxRatio": -0.0210541392,
    "incomeTaxExpense": 4700000,
    "netIncome": -19400000,
    "netIncomeRatio": -0.0277857347,
    "eps": -0.05,
    "epsdiluted": -0.05,
    "weightedAverageShsOut": 388000000,
    "weightedAverageShsOutDil": 388000000,
    "link": "https://www.sec.gov/Archives/edgar/data/1093557/000109355722000014/0001093557-22-000014-index.htm",
    "finalLink": "https://www.sec.gov/Archives/edgar/data/1093557/000109355722000014/dxcm-20211231.htm"
  },
  {
    "date": "2021-09-30",
    "symbol": "DXCM",
    "reportedCurrency": "USD",
    "cik": "0001093557",
    "fillingDate": "2021-10-28",
    "acceptedDate": "2021-10-28 17:14:33",
    "calendarYear": "2021",
    "period": "Q3",
    "revenue": 650200000,
    "costOfRevenue": 203300000,
    "grossProfit": 446900000,
    "grossProfitRatio": 0.6873269763,
    "researchAndDevelopmentExpenses": 128800000,
    "generalAndAdministrativeExpenses": 0,
    "sellingAndMarketingExpenses": 0,
    "sellingGeneralAndAdministrativeExpenses": 199800000,
    "otherExpenses": 0,
    "operatingExpenses": 328600000,
    "costAndExpenses": 531900000,
    "interestIncome": 0,
    "interestExpense": 4600000,
    "depreciationAndAmortization": 25500000,
    "ebitda": 143800000,
    "ebitdaratio": 0.2211627192,
    "operatingIncome": 118300000,
    "operatingIncomeRatio": 0.1819440172,
    "totalOtherIncomeExpensesNet": -27600000,
    "incomeBeforeTax": 90700000,
    "incomeBeforeTaxRatio": 0.1394955398,
    "incomeTaxExpense": 19800000,
    "netIncome": 70900000,
    "netIncomeRatio": 0.1090433713,
    "eps": 0.23,
    "epsdiluted": 0.21,
    "weightedAverageShsOut": 387400000,
    "weightedAverageShsOutDil": 430300000,
    "link": "https://www.sec.gov/Archives/edgar/data/1093557/000109355721000248/0001093557-21-000248-index.htm",
    "finalLink": "https://www.sec.gov/Archives/edgar/data/1093557/000109355721000248/dxcm-20210930.htm"
  },
  {
    "date": "2021-06-30",
    "symbol": "DXCM",
    "reportedCurrency": "USD",
    "cik": "0001093557",
    "fillingDate": "2021-07-29",
    "acceptedDate": "2021-07-29 17:19:32",
    "calendarYear": "2021",
    "period": "Q2",
    "revenue": 595100000,
    "costOfRevenue": 178000000,
    "grossProfit": 417100000,
    "grossProfitRatio": 0.7008906066,
    "researchAndDevelopmentExpenses": 129100000,
    "generalAndAdministrativeExpenses": 0,
    "sellingAndMarketingExpenses": 0,
    "sellingGeneralAndAdministrativeExpenses": 187000000,
    "otherExpenses": 0,
    "operatingExpenses": 316100000,
    "costAndExpenses": 494100000,
    "interestIncome": 900000,
    "interestExpense": 4800000,
    "depreciationAndAmortization": 23500000,
    "ebitda": 125400000,
    "ebitdaratio": 0.2107208872,
    "operatingIncome": 101000000,
    "operatingIncomeRatio": 0.1697193749,
    "totalOtherIncomeExpensesNet": -3900000,
    "incomeBeforeTax": 97100000,
    "incomeBeforeTaxRatio": 0.1631658545,
    "incomeTaxExpense": 18700000,
    "netIncome": 62900000,
    "netIncomeRatio": 0.1056965216,
    "eps": 0.2,
    "epsdiluted": 0.19,
    "weightedAverageShsOut": 386900000,
    "weightedAverageShsOutDil": 427100000,
    "link": "https://www.sec.gov/Archives/edgar/data/1093557/000109355721000191/0001093557-21-000191-index.htm",
    "finalLink": "https://www.sec.gov/Archives/edgar/data/1093557/000109355721000191/dxcm-20210630.htm"
  },
  {
    "date": "2021-03-31",
    "symbol": "DXCM",
    "reportedCurrency": "USD",
    "cik": "0001093557",
    "fillingDate": "2021-04-29",
    "acceptedDate": "2021-04-29 17:17:13",
    "calendarYear": "2021",
    "period": "Q1",
    "revenue": 505000000,
    "costOfRevenue": 161100000,
    "grossProfit": 343900000,
    "grossProfitRatio": 0.680990099,
    "researchAndDevelopmentExpenses": 109400000,
    "generalAndAdministrativeExpenses": 0,
    "sellingAndMarketingExpenses": 0,
    "sellingGeneralAndAdministrativeExpenses": 188600000,
    "otherExpenses": 0,
    "operatingExpenses": 298000000,
    "costAndExpenses": 459100000,
    "interestIncome": 100000,
    "interestExpense": 4700000,
    "depreciationAndAmortization": 20900000,
    "ebitda": 66900000,
    "ebitdaratio": 0.1324752475,
    "operatingIncome": 45900000,
    "operatingIncomeRatio": 0.0908910891,
    "totalOtherIncomeExpensesNet": -24700000,
    "incomeBeforeTax": 21200000,
    "incomeBeforeTaxRatio": 0.041980198,
    "incomeTaxExpense": -19100000,
    "netIncome": 40300000,
    "netIncomeRatio": 0.0798019802,
    "eps": 0.15,
    "epsdiluted": 0.14,
    "weightedAverageShsOut": 385200000,
    "weightedAverageShsOutDil": 418400000,
    "link": "https://www.sec.gov/Archives/edgar/data/1093557/000109355721000126/0001093557-21-000126-index.htm",
    "finalLink": "https://www.sec.gov/Archives/edgar/data/1093557/000109355721000126/dxcm-20210331.htm"
  },
  {
    "date": "2020-12-31",
    "symbol": "DXCM",
    "reportedCurrency": "USD",
    "cik": "0001093557",
    "fillingDate": "2021-02-11",
    "acceptedDate": "2021-02-11 17:18:05",
    "calendarYear": "2020",
    "period": "Q4",
    "revenue": 568900000,
    "costOfRevenue": 169800000,
    "grossProfit": 399100000,
    "grossProfitRatio": 0.701529267,
    "researchAndDevelopmentExpenses": 119200000,
    "generalAndAdministrativeExpenses": 99400000,
    "sellingAndMarketingExpenses": 76500000,
    "sellingGeneralAndAdministrativeExpenses": 175900000,
    "otherExpenses": 0,
    "operatingExpenses": 295100000,
    "costAndExpenses": 464900000,
    "interestIncome": 1900000,
    "interestExpense": 24600000,
    "depreciationAndAmortization": 20400000,
    "ebitda": 126300000,
    "ebitdaratio": 0.2220073827,
    "operatingIncome": 104000000,
    "operatingIncomeRatio": 0.1828089295,
    "totalOtherIncomeExpensesNet": -22700000,
    "incomeBeforeTax": 81300000,
    "incomeBeforeTaxRatio": 0.1429073651,
    "incomeTaxExpense": -273900000,
    "netIncome": 355200000,
    "netIncomeRatio": 0.6243628054,
    "eps": 0.23,
    "epsdiluted": 0.23,
    "weightedAverageShsOut": 377600000,
    "weightedAverageShsOutDil": 390000000,
    "link": "https://www.sec.gov/Archives/edgar/data/1093557/000109355721000024/0001093557-21-000024-index.htm",
    "finalLink": "https://www.sec.gov/Archives/edgar/data/1093557/000109355721000024/dxcm-20201231.htm"
  },
  {
    "date": "2020-09-30",
    "symbol": "DXCM",
    "reportedCurrency": "USD",
    "cik": "0001093557",
    "fillingDate": "2020-10-27",
    "acceptedDate": "2020-10-27 17:11:18",
    "calendarYear": "2020",
    "period": "Q3",
    "revenue": 500900000,
    "costOfRevenue": 160500000,
    "grossProfit": 340400000,
    "grossProfitRatio": 0.6795767618,
    "researchAndDevelopmentExpenses": 87700000,
    "generalAndAdministrativeExpenses": 0,
    "sellingAndMarketingExpenses": 0,
    "sellingGeneralAndAdministrativeExpenses": 158600000,
    "otherExpenses": 0,
    "operatingExpenses": 246300000,
    "costAndExpenses": 406800000,
    "interestIncome": 5900000,
    "interestExpense": 24400000,
    "depreciationAndAmortization": 18400000,
    "ebitda": 117900000,
    "ebitdaratio": 0.2353763226,
    "operatingIncome": 94100000,
    "operatingIncomeRatio": 0.1878618487,
    "totalOtherIncomeExpensesNet": -19000000,
    "incomeBeforeTax": 75100000,
    "incomeBeforeTaxRatio": 0.1499301258,
    "incomeTaxExpense": 2900000,
    "netIncome": 72200000,
    "netIncomeRatio": 0.144140547,
    "eps": 0.19,
    "epsdiluted": 0.18,
    "weightedAverageShsOut": 383200000,
    "weightedAverageShsOutDil": 398000000,
    "link": "https://www.sec.gov/Archives/edgar/data/1093557/000109355720000294/0001093557-20-000294-index.htm",
    "finalLink": "https://www.sec.gov/Archives/edgar/data/1093557/000109355720000294/dxcm-20200930.htm"
  },
  {
    "date": "2020-06-30",
    "symbol": "DXCM",
    "reportedCurrency": "USD",
    "cik": "0001093557",
    "fillingDate": "2020-07-28",
    "acceptedDate": "2020-07-28 17:15:04",
    "calendarYear": "2020",
    "period": "Q2",
    "revenue": 451800000,
    "costOfRevenue": 167700000,
    "grossProfit": 284100000,
    "grossProfitRatio": 0.6288180611,
    "researchAndDevelopmentExpenses": 79900000,
    "generalAndAdministrativeExpenses": 0,
    "sellingAndMarketingExpenses": 0,
    "sellingGeneralAndAdministrativeExpenses": 136400000,
    "otherExpenses": 0,
    "operatingExpenses": 216300000,
    "costAndExpenses": 384000000,
    "interestIncome": 4100000,
    "interestExpense": 20300000,
    "depreciationAndAmortization": 15300000,
    "ebitda": 81800000,
    "ebitdaratio": 0.1810535635,
    "operatingIncome": 67800000,
    "operatingIncomeRatio": 0.1500664011,
    "totalOtherIncomeExpensesNet": -21600000,
    "incomeBeforeTax": 46200000,
    "incomeBeforeTaxRatio": 0.1022576361,
    "incomeTaxExpense": -100000,
    "netIncome": 46300000,
    "netIncomeRatio": 0.102478973,
    "eps": 0.12,
    "epsdiluted": 0.12,
    "weightedAverageShsOut": 375200000,
    "weightedAverageShsOutDil": 388000000,
    "link": "https://www.sec.gov/Archives/edgar/data/1093557/000109355720000217/0001093557-20-000217-index.htm",
    "finalLink": "https://www.sec.gov/Archives/edgar/data/1093557/000109355720000217/dxcm-2020x10qasof63020.htm"
  },
  {
    "date": "2020-03-31",
    "symbol": "DXCM",
    "reportedCurrency": "USD",
    "cik": "0001093557",
    "fillingDate": "2020-04-28",
    "acceptedDate": "2020-04-28 17:16:42",
    "calendarYear": "2020",
    "period": "Q1",
    "revenue": 405100000,
    "costOfRevenue": 148600000,
    "grossProfit": 256500000,
    "grossProfitRatio": 0.6331769933,
    "researchAndDevelopmentExpenses": 73100000,
    "generalAndAdministrativeExpenses": 0,
    "sellingAndMarketingExpenses": 0,
    "sellingGeneralAndAdministrativeExpenses": 149800000,
    "otherExpenses": 0,
    "operatingExpenses": 222900000,
    "costAndExpenses": 371500000,
    "interestIncome": 4200000,
    "interestExpense": 15400000,
    "depreciationAndAmortization": 13000000,
    "ebitda": 50800000,
    "ebitdaratio": 0.1254011355,
    "operatingIncome": 33600000,
    "operatingIncomeRatio": 0.0829424833,
    "totalOtherIncomeExpensesNet": -11200000,
    "incomeBeforeTax": 22400000,
    "incomeBeforeTaxRatio": 0.0552949889,
    "incomeTaxExpense": 2500000,
    "netIncome": 19900000,
    "netIncomeRatio": 0.0491236732,
    "eps": 0.055,
    "epsdiluted": 0.0525,
    "weightedAverageShsOut": 367200000,
    "weightedAverageShsOutDil": 376400000,
    "link": "https://www.sec.gov/Archives/edgar/data/1093557/000109355720000141/0001093557-20-000141-index.htm",
    "finalLink": "https://www.sec.gov/Archives/edgar/data/1093557/000109355720000141/dxcm-2020x10qasof33120.htm"
  },
  {
    "date": "2019-12-31",
    "symbol": "DXCM",
    "reportedCurrency": "USD",
    "cik": "0001093557",
    "fillingDate": "2020-02-13",
    "acceptedDate": "2020-02-13 17:17:25",
    "calendarYear": "2019",
    "period": "Q4",
    "revenue": 462800000,
    "costOfRevenue": 153500000,
    "grossProfit": 309300000,
    "grossProfitRatio": 0.6683232498,
    "researchAndDevelopmentExpenses": 78800000,
    "generalAndAdministrativeExpenses": 95900000,
    "sellingAndMarketingExpenses": 33100000,
    "sellingGeneralAndAdministrativeExpenses": 129000000,
    "otherExpenses": 0,
    "operatingExpenses": 207800000,
    "costAndExpenses": 361300000,
    "interestIncome": 8100000,
    "interestExpense": 15300000,
    "depreciationAndAmortization": 14300000,
    "ebitda": 123900000,
    "ebitdaratio": 0.2677182368,
    "operatingIncome": 101500000,
    "operatingIncomeRatio": 0.2193171997,
    "totalOtherIncomeExpensesNet": -7200000,
    "incomeBeforeTax": 94300000,
    "incomeBeforeTaxRatio": 0.2037597234,
    "incomeTaxExpense": 1600000,
    "netIncome": 92700000,
    "netIncomeRatio": 0.2003025065,
    "eps": 0.25,
    "epsdiluted": 0.25,
    "weightedAverageShsOut": 366400000,
    "weightedAverageShsOutDil": 371200000,
    "link": "https://www.sec.gov/Archives/edgar/data/1093557/000109355720000029/0001093557-20-000029-index.htm",
    "finalLink": "https://www.sec.gov/Archives/edgar/data/1093557/000109355720000029/dxcm-12312019x10kasof1.htm"
  },
  {
    "date": "2019-09-30",
    "symbol": "DXCM",
    "reportedCurrency": "USD",
    "cik": "0001093557",
    "fillingDate": "2019-11-06",
    "acceptedDate": "2019-11-06 17:12:22",
    "calendarYear": "2019",
    "period": "Q3",
    "revenue": 396300000,
    "costOfRevenue": 149400000,
    "grossProfit": 246900000,
    "grossProfitRatio": 0.623012869,
    "researchAndDevelopmentExpenses": 66700000,
    "generalAndAdministrativeExpenses": 0,
    "sellingAndMarketingExpenses": 0,
    "sellingGeneralAndAdministrativeExpenses": 124200000,
    "otherExpenses": 0,
    "operatingExpenses": 190900000,
    "costAndExpenses": 340300000,
    "interestIncome": 4900000,
    "interestExpense": 15100000,
    "depreciationAndAmortization": 12900000,
    "ebitda": 73800000,
    "ebitdaratio": 0.1862225587,
    "operatingIncome": 56000000,
    "operatingIncomeRatio": 0.1413070906,
    "totalOtherIncomeExpensesNet": -10200000,
    "incomeBeforeTax": 45800000,
    "incomeBeforeTaxRatio": 0.1155690134,
    "incomeTaxExpense": 0,
    "netIncome": 45800000,
    "netIncomeRatio": 0.1155690134,
    "eps": 0.13,
    "epsdiluted": 0.13,
    "weightedAverageShsOut": 365200000,
    "weightedAverageShsOutDil": 370000000,
    "link": "https://www.sec.gov/Archives/edgar/data/1093557/000109355719000237/0001093557-19-000237-index.htm",
    "finalLink": "https://www.sec.gov/Archives/edgar/data/1093557/000109355719000237/dxcm-2019x10qasof93019.htm"
  },
  {
    "date": "2019-06-30",
    "symbol": "DXCM",
    "reportedCurrency": "USD",
    "cik": "0001093557",
    "fillingDate": "2019-07-31",
    "acceptedDate": "2019-07-31 17:13:13",
    "calendarYear": "2019",
    "period": "Q2",
    "revenue": 336400000,
    "costOfRevenue": 129900000,
    "grossProfit": 206500000,
    "grossProfitRatio": 0.6138525565,
    "researchAndDevelopmentExpenses": 69000000,
    "generalAndAdministrativeExpenses": 0,
    "sellingAndMarketingExpenses": 0,
    "sellingGeneralAndAdministrativeExpenses": 138300000,
    "otherExpenses": 0,
    "operatingExpenses": 207300000,
    "costAndExpenses": 337200000,
    "interestIncome": 6500000,
    "interestExpense": 15000000,
    "depreciationAndAmortization": 11600000,
    "ebitda": 17300000,
    "ebitdaratio": 0.0514268728,
    "operatingIncome": -800000,
    "operatingIncomeRatio": -0.0023781213,
    "totalOtherIncomeExpensesNet": -8500000,
    "incomeBeforeTax": -9300000,
    "incomeBeforeTaxRatio": -0.0276456599,
    "incomeTaxExpense": 1200000,
    "netIncome": -10500000,
    "netIncomeRatio": -0.0312128419,
    "eps": -0.03,
    "epsdiluted": -0.0288,
    "weightedAverageShsOut": 350000000,
    "weightedAverageShsOutDil": 364400000,
    "link": "https://www.sec.gov/Archives/edgar/data/1093557/000109355719000181/0001093557-19-000181-index.htm",
    "finalLink": "https://www.sec.gov/Archives/edgar/data/1093557/000109355719000181/dxcm-2019x10qasof63019.htm"
  },
  {
    "date": "2019-03-31",
    "symbol": "DXCM",
    "reportedCurrency": "USD",
    "cik": "0001093557",
    "fillingDate": "2019-05-01",
    "acceptedDate": "2019-05-01 17:13:15",
    "calendarYear": "2019",
    "period": "Q1",
    "revenue": 280500000,
    "costOfRevenue": 111700000,
    "grossProfit": 168800000,
    "grossProfitRatio": 0.6017825312,
    "researchAndDevelopmentExpenses": 59000000,
    "generalAndAdministrativeExpenses": 0,
    "sellingAndMarketingExpenses": 0,
    "sellingGeneralAndAdministrativeExpenses": 124200000,
    "otherExpenses": 0,
    "operatingExpenses": 183200000,
    "costAndExpenses": 294900000,
    "interestIncome": 6900000,
    "interestExpense": 14900000,
    "depreciationAndAmortization": 9900000,
    "ebitda": -1800000,
    "ebitdaratio": -0.0064171123,
    "operatingIncome": -14400000,
    "operatingIncomeRatio": -0.0513368984,
    "totalOtherIncomeExpensesNet": -12200000,
    "incomeBeforeTax": -26600000,
    "incomeBeforeTaxRatio": -0.0948306595,
    "incomeTaxExpense": 300000,
    "netIncome": -26900000,
    "netIncomeRatio": -0.0959001783,
    "eps": -0.075,
    "epsdiluted": -0.0745,
    "weightedAverageShsOut": 358666666,
    "weightedAverageShsOutDil": 361200000,
    "link": "https://www.sec.gov/Archives/edgar/data/1093557/000109355719000119/0001093557-19-000119-index.htm",
    "finalLink": "https://www.sec.gov/Archives/edgar/data/1093557/000109355719000119/dxcm-2019x10qasof33119.htm"
  },
  {
    "date": "2018-12-31",
    "symbol": "DXCM",
    "reportedCurrency": "USD",
    "cik": "0001093557",
    "fillingDate": "2019-02-21",
    "acceptedDate": "2019-02-21 17:12:49",
    "calendarYear": "2018",
    "period": "Q4",
    "revenue": 338000000,
    "costOfRevenue": 115200000,
    "grossProfit": 222800000,
    "grossProfitRatio": 0.6591715976,
    "researchAndDevelopmentExpenses": 275300000,
    "generalAndAdministrativeExpenses": 86700000,
    "sellingAndMarketingExpenses": 25400000,
    "sellingGeneralAndAdministrativeExpenses": 112100000,
    "otherExpenses": 0,
    "operatingExpenses": 387400000,
    "costAndExpenses": 502600000,
    "interestIncome": 800000,
    "interestExpense": 8199999,
    "depreciationAndAmortization": 8600000,
    "ebitda": -160100000,
    "ebitdaratio": -0.4736686391,
    "operatingIncome": -164600000,
    "operatingIncomeRatio": -0.4869822485,
    "totalOtherIncomeExpensesNet": -12300000,
    "incomeBeforeTax": -176900000,
    "incomeBeforeTaxRatio": -0.5233727811,
    "incomeTaxExpense": 2800000,
    "netIncome": -179700000,
    "netIncomeRatio": -0.5316568047,
    "eps": -0.51,
    "epsdiluted": -0.51,
    "weightedAverageShsOut": 354800000,
    "weightedAverageShsOutDil": 354800000,
    "link": "https://www.sec.gov/Archives/edgar/data/1093557/000109355719000041/0001093557-19-000041-index.htm",
    "finalLink": "https://www.sec.gov/Archives/edgar/data/1093557/000109355719000041/dxcm-12312018x10k.htm"
  },
  {
    "date": "2018-09-30",
    "symbol": "DXCM",
    "reportedCurrency": "USD",
    "cik": "0001093557",
    "fillingDate": "2018-11-06",
    "acceptedDate": "2018-11-06 17:18:13",
    "calendarYear": "2018",
    "period": "Q3",
    "revenue": 266700000,
    "costOfRevenue": 98100000,
    "grossProfit": 168600000,
    "grossProfitRatio": 0.6321709786,
    "researchAndDevelopmentExpenses": 50100000,
    "generalAndAdministrativeExpenses": 0,
    "sellingAndMarketingExpenses": 0,
    "sellingGeneralAndAdministrativeExpenses": 104600000,
    "otherExpenses": 0,
    "operatingExpenses": 154700000,
    "costAndExpenses": 252800000,
    "interestIncome": 900000,
    "interestExpense": 4900000,
    "depreciationAndAmortization": 7800000,
    "ebitda": 57500000,
    "ebitdaratio": 0.2155980502,
    "operatingIncome": 13900000,
    "operatingIncomeRatio": 0.0521184852,
    "totalOtherIncomeExpensesNet": 30900000,
    "incomeBeforeTax": 44800000,
    "incomeBeforeTaxRatio": 0.1679790026,
    "incomeTaxExpense": -1800000,
    "netIncome": 46600000,
    "netIncomeRatio": 0.174728159,
    "eps": 0.13,
    "epsdiluted": 0.13,
    "weightedAverageShsOut": 354000000,
    "weightedAverageShsOutDil": 361200000,
    "link": "https://www.sec.gov/Archives/edgar/data/1093557/000109355718000230/0001093557-18-000230-index.htm",
    "finalLink": "https://www.sec.gov/Archives/edgar/data/1093557/000109355718000230/dxcm-93018x10q.htm"
  },
  {
    "date": "2018-06-30",
    "symbol": "DXCM",
    "reportedCurrency": "USD",
    "cik": "0001093557",
    "fillingDate": "2018-08-01",
    "acceptedDate": "2018-08-01 17:22:06",
    "calendarYear": "2018",
    "period": "Q2",
    "revenue": 242500000,
    "costOfRevenue": 88900000,
    "grossProfit": 153600000,
    "grossProfitRatio": 0.6334020619,
    "researchAndDevelopmentExpenses": 47200000,
    "generalAndAdministrativeExpenses": 0,
    "sellingAndMarketingExpenses": 0,
    "sellingGeneralAndAdministrativeExpenses": 111300000,
    "otherExpenses": 0,
    "operatingExpenses": 158500000,
    "costAndExpenses": 247400000,
    "interestIncome": 0,
    "interestExpense": 4800000,
    "depreciationAndAmortization": 6700000,
    "ebitda": 41100000,
    "ebitdaratio": 0.1694845361,
    "operatingIncome": -4900000,
    "operatingIncomeRatio": -0.0202061856,
    "totalOtherIncomeExpensesNet": 34500000,
    "incomeBeforeTax": 29600000,
    "incomeBeforeTaxRatio": 0.1220618557,
    "incomeTaxExpense": -600000,
    "netIncome": 30200000,
    "netIncomeRatio": 0.1245360825,
    "eps": 0.085,
    "epsdiluted": 0.085,
    "weightedAverageShsOut": 352800000,
    "weightedAverageShsOutDil": 357600000,
    "link": "https://www.sec.gov/Archives/edgar/data/1093557/000109355718000159/0001093557-18-000159-index.htm",
    "finalLink": "https://www.sec.gov/Archives/edgar/data/1093557/000109355718000159/dxcm-63018x10q.htm"
  },
  {
    "date": "2018-03-31",
    "symbol": "DXCM",
    "reportedCurrency": "USD",
    "cik": "0001093557",
    "fillingDate": "2018-05-02",
    "acceptedDate": "2018-05-02 17:21:15",
    "calendarYear": "2018",
    "period": "Q1",
    "revenue": 184400000,
    "costOfRevenue": 65500000,
    "grossProfit": 118900000,
    "grossProfitRatio": 0.6447939262,
    "researchAndDevelopmentExpenses": 44800000,
    "generalAndAdministrativeExpenses": 0,
    "sellingAndMarketingExpenses": 0,
    "sellingGeneralAndAdministrativeExpenses": 104800000,
    "otherExpenses": 0,
    "operatingExpenses": 149600000,
    "costAndExpenses": 215100000,
    "interestIncome": 4100000,
    "interestExpense": 4800000,
    "depreciationAndAmortization": 6000000,
    "ebitda": -13200000,
    "ebitdaratio": -0.0715835141,
    "operatingIncome": -30700000,
    "operatingIncomeRatio": -0.1664859002,
    "totalOtherIncomeExpensesNet": 6700000,
    "incomeBeforeTax": -24000000,
    "incomeBeforeTaxRatio": -0.1301518438,
    "incomeTaxExpense": 200000,
    "netIncome": -24200000,
    "netIncomeRatio": -0.1312364425,
    "eps": -0.0693,
    "epsdiluted": -0.0693,
    "weightedAverageShsOut": 349200000,
    "weightedAverageShsOutDil": 349200000,
    "link": "https://www.sec.gov/Archives/edgar/data/1093557/000109355718000084/0001093557-18-000084-index.htm",
    "finalLink": "https://www.sec.gov/Archives/edgar/data/1093557/000109355718000084/dxcm-33118x10q.htm"
  },
  {
    "date": "2017-12-31",
    "symbol": "DXCM",
    "reportedCurrency": "USD",
    "cik": "0001093557",
    "fillingDate": "2018-02-27",
    "acceptedDate": "2018-02-27 17:22:24",
    "calendarYear": "2017",
    "period": "Q4",
    "revenue": 221000000,
    "costOfRevenue": 67500000,
    "grossProfit": 153500000,
    "grossProfitRatio": 0.6945701357,
    "researchAndDevelopmentExpenses": 48700000,
    "generalAndAdministrativeExpenses": 70900000,
    "sellingAndMarketingExpenses": 21900000,
    "sellingGeneralAndAdministrativeExpenses": 92800000,
    "otherExpenses": -100000,
    "operatingExpenses": 141500000,
    "costAndExpenses": 209000000,
    "interestIncome": 1400000,
    "interestExpense": 4700000,
    "depreciationAndAmortization": 4200000,
    "ebitda": 17500000,
    "ebitdaratio": 0.0791855204,
    "operatingIncome": 12000000,
    "operatingIncomeRatio": 0.0542986425,
    "totalOtherIncomeExpensesNet": -3400000,
    "incomeBeforeTax": 8600000,
    "incomeBeforeTaxRatio": 0.0389140271,
    "incomeTaxExpense": 18000000,
    "netIncome": -9400000,
    "netIncomeRatio": -0.0425339367,
    "eps": -0.0278,
    "epsdiluted": -0.027,
    "weightedAverageShsOut": 338421658,
    "weightedAverageShsOutDil": 347600000,
    "link": "https://www.sec.gov/Archives/edgar/data/1093557/000109355718000018/0001093557-18-000018-index.htm",
    "finalLink": "https://www.sec.gov/Archives/edgar/data/1093557/000109355718000018/dxcm-12312017x10k.htm"
  },
  {
    "date": "2017-09-30",
    "symbol": "DXCM",
    "reportedCurrency": "USD",
    "cik": "0001093557",
    "fillingDate": "2017-11-01",
    "acceptedDate": "2017-11-01 17:20:15",
    "calendarYear": "2017",
    "period": "Q3",
    "revenue": 184600000,
    "costOfRevenue": 57600000,
    "grossProfit": 127000000,
    "grossProfitRatio": 0.6879739978,
    "researchAndDevelopmentExpenses": 43300000,
    "generalAndAdministrativeExpenses": 0,
    "sellingAndMarketingExpenses": 0,
    "sellingGeneralAndAdministrativeExpenses": 84200000,
    "otherExpenses": 0,
    "operatingExpenses": 127500000,
    "costAndExpenses": 185100000,
    "interestIncome": 1200000,
    "interestExpense": 4500000,
    "depreciationAndAmortization": 4300000,
    "ebitda": 6300000,
    "ebitdaratio": 0.034127844,
    "operatingIncome": -500000,
    "operatingIncomeRatio": -0.002708559,
    "totalOtherIncomeExpensesNet": -2000000,
    "incomeBeforeTax": -2500000,
    "incomeBeforeTaxRatio": -0.0135427952,
    "incomeTaxExpense": -500000,
    "netIncome": -2000000,
    "netIncomeRatio": -0.0108342362,
    "eps": -0.0058,
    "epsdiluted": -0.0058,
    "weightedAverageShsOut": 346800000,
    "weightedAverageShsOutDil": 346800000,
    "link": "https://www.sec.gov/Archives/edgar/data/1093557/000109355717000221/0001093557-17-000221-index.htm",
    "finalLink": "https://www.sec.gov/Archives/edgar/data/1093557/000109355717000221/dxcm-93017x10q.htm"
  },
  {
    "date": "2017-06-30",
    "symbol": "DXCM",
    "reportedCurrency": "USD",
    "cik": "0001093557",
    "fillingDate": "2017-08-01",
    "acceptedDate": "2017-08-01 17:21:24",
    "calendarYear": "2017",
    "period": "Q2",
    "revenue": 170600000,
    "costOfRevenue": 53100000,
    "grossProfit": 117500000,
    "grossProfitRatio": 0.6887456038,
    "researchAndDevelopmentExpenses": 45300000,
    "generalAndAdministrativeExpenses": 0,
    "sellingAndMarketingExpenses": 0,
    "sellingGeneralAndAdministrativeExpenses": 85800000,
    "otherExpenses": 0,
    "operatingExpenses": 131100000,
    "costAndExpenses": 184200000,
    "interestIncome": 500000,
    "interestExpense": 3100000,
    "depreciationAndAmortization": 3900000,
    "ebitda": -7400000,
    "ebitdaratio": -0.0433763189,
    "operatingIncome": -13600000,
    "operatingIncomeRatio": -0.0797186401,
    "totalOtherIncomeExpensesNet": -800000,
    "incomeBeforeTax": -14400000,
    "incomeBeforeTaxRatio": -0.0844079719,
    "incomeTaxExpense": -17300000,
    "netIncome": 2900000,
    "netIncomeRatio": 0.0169988277,
    "eps": 0.0075,
    "epsdiluted": 0.0075,
    "weightedAverageShsOut": 345600000,
    "weightedAverageShsOutDil": 349600000,
    "link": "https://www.sec.gov/Archives/edgar/data/1093557/000109355717000171/0001093557-17-000171-index.htm",
    "finalLink": "https://www.sec.gov/Archives/edgar/data/1093557/000109355717000171/dxcm-63017x10q.htm"
  },
  {
    "date": "2017-03-31",
    "symbol": "DXCM",
    "reportedCurrency": "USD",
    "cik": "0001093557",
    "fillingDate": "2017-05-02",
    "acceptedDate": "2017-05-02 17:20:31",
    "calendarYear": "2017",
    "period": "Q1",
    "revenue": 142300000,
    "costOfRevenue": 48200000,
    "grossProfit": 94100000,
    "grossProfitRatio": 0.6612789881,
    "researchAndDevelopmentExpenses": 48100000,
    "generalAndAdministrativeExpenses": 0,
    "sellingAndMarketingExpenses": 0,
    "sellingGeneralAndAdministrativeExpenses": 86400000,
    "otherExpenses": 400000,
    "operatingExpenses": 134500000,
    "costAndExpenses": 182700000,
    "interestIncome": 200000,
    "interestExpense": 500000,
    "depreciationAndAmortization": 3700000,
    "ebitda": -36100000,
    "ebitdaratio": -0.2536893886,
    "operatingIncome": -40400000,
    "operatingIncomeRatio": -0.2839072382,
    "totalOtherIncomeExpensesNet": 100000,
    "incomeBeforeTax": -40300000,
    "incomeBeforeTaxRatio": -0.2832044975,
    "incomeTaxExpense": 1400000,
    "netIncome": -41700000,
    "netIncomeRatio": -0.2930428672,
    "eps": -0.12,
    "epsdiluted": -0.12,
    "weightedAverageShsOut": 340800000,
    "weightedAverageShsOutDil": 340800000,
    "link": "https://www.sec.gov/Archives/edgar/data/1093557/000109355717000119/0001093557-17-000119-index.htm",
    "finalLink": "https://www.sec.gov/Archives/edgar/data/1093557/000109355717000119/dxcm-33117x10q.htm"
  },
  {
    "date": "2016-12-31",
    "symbol": "DXCM",
    "reportedCurrency": "USD",
    "cik": "0001093557",
    "fillingDate": "2017-02-28",
    "acceptedDate": "2017-02-28 17:18:02",
    "calendarYear": "2016",
    "period": "Q4",
    "revenue": 171200000,
    "costOfRevenue": 54500000,
    "grossProfit": 116700000,
    "grossProfitRatio": 0.6816588785,
    "researchAndDevelopmentExpenses": 43700000,
    "generalAndAdministrativeExpenses": 67200000,
    "sellingAndMarketingExpenses": 11900000,
    "sellingGeneralAndAdministrativeExpenses": 79100000,
    "otherExpenses": -700000,
    "operatingExpenses": 122800000,
    "costAndExpenses": 177300000,
    "interestIncome": 100000,
    "interestExpense": 300000,
    "depreciationAndAmortization": 3600000,
    "ebitda": -3100000,
    "ebitdaratio": -0.0181074766,
    "operatingIncome": -6100000,
    "operatingIncomeRatio": -0.0356308411,
    "totalOtherIncomeExpensesNet": -900000,
    "incomeBeforeTax": -7000000,
    "incomeBeforeTaxRatio": -0.0408878505,
    "incomeTaxExpense": 400000,
    "netIncome": -7400000,
    "netIncomeRatio": -0.0432242991,
    "eps": -0.0219,
    "epsdiluted": -0.0219,
    "weightedAverageShsOut": 338400000,
    "weightedAverageShsOutDil": 338400000,
    "link": "https://www.sec.gov/Archives/edgar/data/1093557/000109355717000048/0001093557-17-000048-index.htm",
    "finalLink": "https://www.sec.gov/Archives/edgar/data/1093557/000109355717000048/dxcm-12312016x10k.htm"
  },
  {
    "date": "2016-09-30",
    "symbol": "DXCM",
    "reportedCurrency": "USD",
    "cik": "0001093557",
    "fillingDate": "2016-11-01",
    "acceptedDate": "2016-11-01 17:21:01",
    "calendarYear": "2016",
    "period": "Q3",
    "revenue": 148600000,
    "costOfRevenue": 47500000,
    "grossProfit": 101100000,
    "grossProfitRatio": 0.6803499327,
    "researchAndDevelopmentExpenses": 43900000,
    "generalAndAdministrativeExpenses": 0,
    "sellingAndMarketingExpenses": 0,
    "sellingGeneralAndAdministrativeExpenses": 75700000,
    "otherExpenses": 0,
    "operatingExpenses": 119600000,
    "costAndExpenses": 167100000,
    "interestIncome": 100000,
    "interestExpense": 200000,
    "depreciationAndAmortization": 4100000,
    "ebitda": -14300000,
    "ebitdaratio": -0.0962314939,
    "operatingIncome": -18500000,
    "operatingIncomeRatio": -0.1244952894,
    "totalOtherIncomeExpensesNet": -100000,
    "incomeBeforeTax": -18600000,
    "incomeBeforeTaxRatio": -0.1251682369,
    "incomeTaxExpense": 200000,
    "netIncome": -18800000,
    "netIncomeRatio": -0.1265141319,
    "eps": -0.0559,
    "epsdiluted": -0.0559,
    "weightedAverageShsOut": 336400000,
    "weightedAverageShsOutDil": 336400000,
    "link": "https://www.sec.gov/Archives/edgar/data/1093557/000109355716000746/0001093557-16-000746-index.htm",
    "finalLink": "https://www.sec.gov/Archives/edgar/data/1093557/000109355716000746/dxcm-093016x10q.htm"
  },
  {
    "date": "2016-06-30",
    "symbol": "DXCM",
    "reportedCurrency": "USD",
    "cik": "0001093557",
    "fillingDate": "2016-08-02",
    "acceptedDate": "2016-08-02 17:21:34",
    "calendarYear": "2016",
    "period": "Q2",
    "revenue": 137300000,
    "costOfRevenue": 51800000,
    "grossProfit": 85500000,
    "grossProfitRatio": 0.6227239621,
    "researchAndDevelopmentExpenses": 36300000,
    "generalAndAdministrativeExpenses": 0,
    "sellingAndMarketingExpenses": 0,
    "sellingGeneralAndAdministrativeExpenses": 69300000,
    "otherExpenses": 0,
    "operatingExpenses": 105600000,
    "costAndExpenses": 157400000,
    "interestIncome": 100000,
    "interestExpense": 100000,
    "depreciationAndAmortization": 3900000,
    "ebitda": -16100000,
    "ebitdaratio": -0.1172614712,
    "operatingIncome": -20100000,
    "operatingIncomeRatio": -0.146394756,
    "totalOtherIncomeExpensesNet": 0,
    "incomeBeforeTax": -20100000,
    "incomeBeforeTaxRatio": -0.146394756,
    "incomeTaxExpense": 100000,
    "netIncome": -20200000,
    "netIncomeRatio": -0.1471230881,
    "eps": -0.0604,
    "epsdiluted": -0.0604,
    "weightedAverageShsOut": 334400000,
    "weightedAverageShsOutDil": 334400000,
    "link": "https://www.sec.gov/Archives/edgar/data/1093557/000109355716000624/0001093557-16-000624-index.htm",
    "finalLink": "https://www.sec.gov/Archives/edgar/data/1093557/000109355716000624/dxcm-063016x10q.htm"
  },
  {
    "date": "2016-03-31",
    "symbol": "DXCM",
    "reportedCurrency": "USD",
    "cik": "0001093557",
    "fillingDate": "2016-04-27",
    "acceptedDate": "2016-04-27 17:21:18",
    "calendarYear": "2016",
    "period": "Q1",
    "revenue": 116200000,
    "costOfRevenue": 41100000,
    "grossProfit": 75100000,
    "grossProfitRatio": 0.6462994836,
    "researchAndDevelopmentExpenses": 32200000,
    "generalAndAdministrativeExpenses": 0,
    "sellingAndMarketingExpenses": 0,
    "sellingGeneralAndAdministrativeExpenses": 62100000,
    "otherExpenses": 0,
    "operatingExpenses": 94300000,
    "costAndExpenses": 135400000,
    "interestIncome": 100000,
    "interestExpense": 100000,
    "depreciationAndAmortization": 3400000,
    "ebitda": -15700000,
    "ebitdaratio": -0.1351118761,
    "operatingIncome": -19200000,
    "operatingIncomeRatio": -0.165232358,
    "totalOtherIncomeExpensesNet": 0,
    "incomeBeforeTax": -19200000,
    "incomeBeforeTaxRatio": -0.165232358,
    "incomeTaxExpense": 100000,
    "netIncome": -19200000,
    "netIncomeRatio": -0.165232358,
    "eps": -0.0585,
    "epsdiluted": -0.0585,
    "weightedAverageShsOut": 328400000,
    "weightedAverageShsOutDil": 328400000,
    "link": "https://www.sec.gov/Archives/edgar/data/1093557/000109355716000511/0001093557-16-000511-index.htm",
    "finalLink": "https://www.sec.gov/Archives/edgar/data/1093557/000109355716000511/dxcm-03312016x10q.htm"
  },
  {
    "date": "2015-12-31",
    "symbol": "DXCM",
    "reportedCurrency": "USD",
    "cik": "0001093557",
    "fillingDate": "2016-02-23",
    "acceptedDate": "2016-02-23 17:21:02",
    "calendarYear": "2015",
    "period": "Q4",
    "revenue": 130800000,
    "costOfRevenue": 39600000,
    "grossProfit": 91200000,
    "grossProfitRatio": 0.6972477064,
    "researchAndDevelopmentExpenses": 28500000,
    "generalAndAdministrativeExpenses": 0,
    "sellingAndMarketingExpenses": 0,
    "sellingGeneralAndAdministrativeExpenses": 61100000,
    "otherExpenses": 0,
    "operatingExpenses": 89600000,
    "costAndExpenses": 129200000,
    "interestIncome": 0,
    "interestExpense": 0,
    "depreciationAndAmortization": 3100000,
    "ebitda": 4600000,
    "ebitdaratio": 0.0351681957,
    "operatingIncome": 1600000,
    "operatingIncomeRatio": 0.0122324159,
    "totalOtherIncomeExpensesNet": 0,
    "incomeBeforeTax": 1600000,
    "incomeBeforeTaxRatio": 0.0122324159,
    "incomeTaxExpense": 100000,
    "netIncome": 1500000,
    "netIncomeRatio": 0.0114678899,
    "eps": 0.005,
    "epsdiluted": 0.005,
    "weightedAverageShsOut": 325600000,
    "weightedAverageShsOutDil": 340000000,
    "link": "https://www.sec.gov/Archives/edgar/data/1093557/000109355716000432/0001093557-16-000432-index.htm",
    "finalLink": "https://www.sec.gov/Archives/edgar/data/1093557/000109355716000432/dxcm-12312015x10k.htm"
  },
  {
    "date": "2015-09-30",
    "symbol": "DXCM",
    "reportedCurrency": "USD",
    "cik": "0001093557",
    "fillingDate": "2015-11-04",
    "acceptedDate": "2015-11-04 17:20:42",
    "calendarYear": "2015",
    "period": "Q3",
    "revenue": 105200000,
    "costOfRevenue": 30500000,
    "grossProfit": 74700000,
    "grossProfitRatio": 0.7100760456,
    "researchAndDevelopmentExpenses": 64800000,
    "generalAndAdministrativeExpenses": 0,
    "sellingAndMarketingExpenses": 0,
    "sellingGeneralAndAdministrativeExpenses": 52300000,
    "otherExpenses": 0,
    "operatingExpenses": 117100000,
    "costAndExpenses": 147600000,
    "interestIncome": 0,
    "interestExpense": 100000,
    "depreciationAndAmortization": 2700000,
    "ebitda": -39700000,
    "ebitdaratio": -0.3773764259,
    "operatingIncome": -42400000,
    "operatingIncomeRatio": -0.4030418251,
    "totalOtherIncomeExpensesNet": -100000,
    "incomeBeforeTax": -42500000,
    "incomeBeforeTaxRatio": -0.4039923954,
    "incomeTaxExpense": 0,
    "netIncome": -42500000,
    "netIncomeRatio": -0.4039923954,
    "eps": -0.13,
    "epsdiluted": -0.13,
    "weightedAverageShsOut": 322000000,
    "weightedAverageShsOutDil": 322000000,
    "link": "https://www.sec.gov/Archives/edgar/data/1093557/000109355715000354/0001093557-15-000354-index.htm",
    "finalLink": "https://www.sec.gov/Archives/edgar/data/1093557/000109355715000354/dxcm-09302015x10q.htm"
  },
  {
    "date": "2015-06-30",
    "symbol": "DXCM",
    "reportedCurrency": "USD",
    "cik": "0001093557",
    "fillingDate": "2015-08-05",
    "acceptedDate": "2015-08-05 17:20:02",
    "calendarYear": "2015",
    "period": "Q2",
    "revenue": 93200000,
    "costOfRevenue": 27200000,
    "grossProfit": 66000000,
    "grossProfitRatio": 0.7081545064,
    "researchAndDevelopmentExpenses": 24400000,
    "generalAndAdministrativeExpenses": 0,
    "sellingAndMarketingExpenses": 0,
    "sellingGeneralAndAdministrativeExpenses": 45200000,
    "otherExpenses": 0,
    "operatingExpenses": 69600000,
    "costAndExpenses": 96800000,
    "interestIncome": 0,
    "interestExpense": 100000,
    "depreciationAndAmortization": 2600000,
    "ebitda": -1000000,
    "ebitdaratio": -0.0107296137,
    "operatingIncome": -3600000,
    "operatingIncomeRatio": -0.0386266094,
    "totalOtherIncomeExpensesNet": -100000,
    "incomeBeforeTax": -3700000,
    "incomeBeforeTaxRatio": -0.0396995708,
    "incomeTaxExpense": 0,
    "netIncome": -3700000,
    "netIncomeRatio": -0.0396995708,
    "eps": -0.0116,
    "epsdiluted": -0.0116,
    "weightedAverageShsOut": 318400000,
    "weightedAverageShsOutDil": 318400000,
    "link": "https://www.sec.gov/Archives/edgar/data/1093557/000109355715000242/0001093557-15-000242-index.htm",
    "finalLink": "https://www.sec.gov/Archives/edgar/data/1093557/000109355715000242/dxcm-06302015x10q.htm"
  },
  {
    "date": "2015-03-31",
    "symbol": "DXCM",
    "reportedCurrency": "USD",
    "cik": "0001093557",
    "fillingDate": "2015-04-29",
    "acceptedDate": "2015-04-29 17:21:30",
    "calendarYear": "2015",
    "period": "Q1",
    "revenue": 72800000,
    "costOfRevenue": 26300000,
    "grossProfit": 46500000,
    "grossProfitRatio": 0.6387362637,
    "researchAndDevelopmentExpenses": 19800000,
    "generalAndAdministrativeExpenses": 0,
    "sellingAndMarketingExpenses": 0,
    "sellingGeneralAndAdministrativeExpenses": 39400000,
    "otherExpenses": 0,
    "operatingExpenses": 59200000,
    "costAndExpenses": 85500000,
    "interestIncome": 0,
    "interestExpense": 200000,
    "depreciationAndAmortization": 2400000,
    "ebitda": -10300000,
    "ebitdaratio": -0.1414835165,
    "operatingIncome": -12700000,
    "operatingIncomeRatio": -0.1744505495,
    "totalOtherIncomeExpensesNet": -200000,
    "incomeBeforeTax": -12900000,
    "incomeBeforeTaxRatio": -0.1771978022,
    "incomeTaxExpense": 0,
    "netIncome": -12900000,
    "netIncomeRatio": -0.1771978022,
    "eps": -0.0415,
    "epsdiluted": -0.0415,
    "weightedAverageShsOut": 311200000,
    "weightedAverageShsOutDil": 311200000,
    "link": "https://www.sec.gov/Archives/edgar/data/1093557/000109355715000128/0001093557-15-000128-index.htm",
    "finalLink": "https://www.sec.gov/Archives/edgar/data/1093557/000109355715000128/dxcm-03312015x10q.htm"
  },
  {
    "date": "2014-12-31",
    "symbol": "DXCM",
    "reportedCurrency": "USD",
    "cik": "0001093557",
    "fillingDate": "2015-02-25",
    "acceptedDate": "2015-02-25 17:18:16",
    "calendarYear": "2014",
    "period": "Q4",
    "revenue": 84300000,
    "costOfRevenue": 24900000,
    "grossProfit": 59400000,
    "grossProfitRatio": 0.7046263345,
    "researchAndDevelopmentExpenses": 21600000,
    "generalAndAdministrativeExpenses": 0,
    "sellingAndMarketingExpenses": 0,
    "sellingGeneralAndAdministrativeExpenses": 36200000,
    "otherExpenses": 0,
    "operatingExpenses": 57800000,
    "costAndExpenses": 82700000,
    "interestIncome": 0,
    "interestExpense": 200000,
    "depreciationAndAmortization": 2400000,
    "ebitda": 4000000,
    "ebitdaratio": 0.0474495848,
    "operatingIncome": 1600000,
    "operatingIncomeRatio": 0.0189798339,
    "totalOtherIncomeExpensesNet": -200000,
    "incomeBeforeTax": 1400000,
    "incomeBeforeTaxRatio": 0.0166073547,
    "incomeTaxExpense": 100000,
    "netIncome": 1300000,
    "netIncomeRatio": 0.0154211151,
    "eps": 0.005,
    "epsdiluted": 0.005,
    "weightedAverageShsOut": 307200000,
    "weightedAverageShsOutDil": 326800000,
    "link": "https://www.sec.gov/Archives/edgar/data/1093557/000109355715000040/0001093557-15-000040-index.htm",
    "finalLink": "https://www.sec.gov/Archives/edgar/data/1093557/000109355715000040/dxcm-12312014x10k.htm"
  },
  {
    "date": "2014-09-30",
    "symbol": "DXCM",
    "reportedCurrency": "USD",
    "cik": "0001093557",
    "fillingDate": "2014-11-06",
    "acceptedDate": "2014-11-06 17:20:01",
    "calendarYear": "2014",
    "period": "Q3",
    "revenue": 69000000,
    "costOfRevenue": 21800000,
    "grossProfit": 47200000,
    "grossProfitRatio": 0.684057971,
    "researchAndDevelopmentExpenses": 18500000,
    "generalAndAdministrativeExpenses": 0,
    "sellingAndMarketingExpenses": 0,
    "sellingGeneralAndAdministrativeExpenses": 33700000,
    "otherExpenses": 0,
    "operatingExpenses": 52200000,
    "costAndExpenses": 74000000,
    "interestIncome": 0,
    "interestExpense": 200000,
    "depreciationAndAmortization": 2200000,
    "ebitda": -2800000,
    "ebitdaratio": -0.0405797101,
    "operatingIncome": -5000000,
    "operatingIncomeRatio": -0.0724637681,
    "totalOtherIncomeExpensesNet": -200000,
    "incomeBeforeTax": -5200000,
    "incomeBeforeTaxRatio": -0.0753623188,
    "incomeTaxExpense": 0,
    "netIncome": -5200000,
    "netIncomeRatio": -0.0753623188,
    "eps": -0.0172,
    "epsdiluted": -0.0171,
    "weightedAverageShsOut": 303200000,
    "weightedAverageShsOutDil": 304400000,
    "link": "https://www.sec.gov/Archives/edgar/data/1093557/000109355714000329/0001093557-14-000329-index.htm",
    "finalLink": "https://www.sec.gov/Archives/edgar/data/1093557/000109355714000329/dxcm-09302014x10q.htm"
  },
  {
    "date": "2014-06-30",
    "symbol": "DXCM",
    "reportedCurrency": "USD",
    "cik": "0001093557",
    "fillingDate": "2014-08-06",
    "acceptedDate": "2014-08-06 17:20:40",
    "calendarYear": "2014",
    "period": "Q2",
    "revenue": 58800000,
    "costOfRevenue": 18900000,
    "grossProfit": 39900000,
    "grossProfitRatio": 0.6785714286,
    "researchAndDevelopmentExpenses": 14800000,
    "generalAndAdministrativeExpenses": 0,
    "sellingAndMarketingExpenses": 0,
    "sellingGeneralAndAdministrativeExpenses": 30900000,
    "otherExpenses": 0,
    "operatingExpenses": 45700000,
    "costAndExpenses": 64600000,
    "interestIncome": 0,
    "interestExpense": 200000,
    "depreciationAndAmortization": 1900000,
    "ebitda": -3900000,
    "ebitdaratio": -0.0663265306,
    "operatingIncome": -5800000,
    "operatingIncomeRatio": -0.0986394558,
    "totalOtherIncomeExpensesNet": -200000,
    "incomeBeforeTax": -6000000,
    "incomeBeforeTaxRatio": -0.1020408163,
    "incomeTaxExpense": 0,
    "netIncome": -6000000,
    "netIncomeRatio": -0.1020408163,
    "eps": -0.02,
    "epsdiluted": -0.0199,
    "weightedAverageShsOut": 300000000,
    "weightedAverageShsOutDil": 301200000,
    "link": "https://www.sec.gov/Archives/edgar/data/1093557/000109355714000220/0001093557-14-000220-index.htm",
    "finalLink": "https://www.sec.gov/Archives/edgar/data/1093557/000109355714000220/dxcm-06302014x10q.htm"
  },
  {
    "date": "2014-03-31",
    "symbol": "DXCM",
    "reportedCurrency": "USD",
    "cik": "0001093557",
    "fillingDate": "2014-05-01",
    "acceptedDate": "2014-05-01 17:21:11",
    "calendarYear": "2014",
    "period": "Q1",
    "revenue": 47100000,
    "costOfRevenue": 17300000,
    "grossProfit": 29800000,
    "grossProfitRatio": 0.6326963907,
    "researchAndDevelopmentExpenses": 14500000,
    "generalAndAdministrativeExpenses": 0,
    "sellingAndMarketingExpenses": 0,
    "sellingGeneralAndAdministrativeExpenses": 27600000,
    "otherExpenses": 0,
    "operatingExpenses": 42100000,
    "costAndExpenses": 59400000,
    "interestIncome": 0,
    "interestExpense": 200000,
    "depreciationAndAmortization": 1900000,
    "ebitda": -10400000,
    "ebitdaratio": -0.2208067941,
    "operatingIncome": -12300000,
    "operatingIncomeRatio": -0.2611464968,
    "totalOtherIncomeExpensesNet": -200000,
    "incomeBeforeTax": -12500000,
    "incomeBeforeTaxRatio": -0.2653927813,
    "incomeTaxExpense": 0,
    "netIncome": -12500000,
    "netIncomeRatio": -0.2653927813,
    "eps": -0.0426,
    "epsdiluted": -0.0426,
    "weightedAverageShsOut": 293200000,
    "weightedAverageShsOutDil": 293200000,
    "link": "https://www.sec.gov/Archives/edgar/data/1093557/000109355714000137/0001093557-14-000137-index.htm",
    "finalLink": "https://www.sec.gov/Archives/edgar/data/1093557/000109355714000137/dxcm-03312014x10q.htm"
  },
  {
    "date": "2013-12-31",
    "symbol": "DXCM",
    "reportedCurrency": "USD",
    "cik": "0001093557",
    "fillingDate": "2014-02-20",
    "acceptedDate": "2014-02-20 17:22:00",
    "calendarYear": "2013",
    "period": "Q4",
    "revenue": 51700000,
    "costOfRevenue": 17600000,
    "grossProfit": 34100000,
    "grossProfitRatio": 0.6595744681,
    "researchAndDevelopmentExpenses": 12600000,
    "generalAndAdministrativeExpenses": 0,
    "sellingAndMarketingExpenses": 0,
    "sellingGeneralAndAdministrativeExpenses": 23800000,
    "otherExpenses": 0,
    "operatingExpenses": 36400000,
    "costAndExpenses": 54000000,
    "interestIncome": 0,
    "interestExpense": 300000,
    "depreciationAndAmortization": 1900000,
    "ebitda": -400000,
    "ebitdaratio": -0.0077369439,
    "operatingIncome": -2300000,
    "operatingIncomeRatio": -0.0444874275,
    "totalOtherIncomeExpensesNet": -300000,
    "incomeBeforeTax": -2600000,
    "incomeBeforeTaxRatio": -0.0502901354,
    "incomeTaxExpense": 0,
    "netIncome": -2600000,
    "netIncomeRatio": -0.0502901354,
    "eps": -0.0091,
    "epsdiluted": -0.0091,
    "weightedAverageShsOut": 284400000,
    "weightedAverageShsOutDil": 284400000,
    "link": "https://www.sec.gov/Archives/edgar/data/1093557/000109355714000028/0001093557-14-000028-index.htm",
    "finalLink": "https://www.sec.gov/Archives/edgar/data/1093557/000109355714000028/dxcm-12312013x10k.htm"
  },
  {
    "date": "2013-09-30",
    "symbol": "DXCM",
    "reportedCurrency": "USD",
    "cik": "0001093557",
    "fillingDate": "2013-11-06",
    "acceptedDate": "2013-11-06 17:21:56",
    "calendarYear": "2013",
    "period": "Q3",
    "revenue": 42900000,
    "costOfRevenue": 15300000,
    "grossProfit": 27600000,
    "grossProfitRatio": 0.6433566434,
    "researchAndDevelopmentExpenses": 11800000,
    "generalAndAdministrativeExpenses": 0,
    "sellingAndMarketingExpenses": 0,
    "sellingGeneralAndAdministrativeExpenses": 21600000,
    "otherExpenses": 0,
    "operatingExpenses": 33400000,
    "costAndExpenses": 48700000,
    "interestIncome": 0,
    "interestExpense": 200000,
    "depreciationAndAmortization": 1700000,
    "ebitda": -4100000,
    "ebitdaratio": -0.0955710956,
    "operatingIncome": -5800000,
    "operatingIncomeRatio": -0.1351981352,
    "totalOtherIncomeExpensesNet": -200000,
    "incomeBeforeTax": -6000000,
    "incomeBeforeTaxRatio": -0.1398601399,
    "incomeTaxExpense": 0,
    "netIncome": -6000000,
    "netIncomeRatio": -0.1398601399,
    "eps": -0.021,
    "epsdiluted": -0.021,
    "weightedAverageShsOut": 285600000,
    "weightedAverageShsOutDil": 285600000,
    "link": "https://www.sec.gov/Archives/edgar/data/1093557/000109355713000116/0001093557-13-000116-index.htm",
    "finalLink": "https://www.sec.gov/Archives/edgar/data/1093557/000109355713000116/dxcm-09302013x10q.htm"
  },
  {
    "date": "2013-06-30",
    "symbol": "DXCM",
    "reportedCurrency": "USD",
    "cik": "0001093557",
    "fillingDate": "2013-08-07",
    "acceptedDate": "2013-08-07 17:21:20",
    "calendarYear": "2013",
    "period": "Q2",
    "revenue": 35800000,
    "costOfRevenue": 13900000,
    "grossProfit": 21900000,
    "grossProfitRatio": 0.6117318436,
    "researchAndDevelopmentExpenses": 11100000,
    "generalAndAdministrativeExpenses": 0,
    "sellingAndMarketingExpenses": 0,
    "sellingGeneralAndAdministrativeExpenses": 20700000,
    "otherExpenses": 0,
    "operatingExpenses": 31800000,
    "costAndExpenses": 45700000,
    "interestIncome": 0,
    "interestExpense": 200000,
    "depreciationAndAmortization": 1600000,
    "ebitda": -8300000,
    "ebitdaratio": -0.2318435754,
    "operatingIncome": -9900000,
    "operatingIncomeRatio": -0.2765363128,
    "totalOtherIncomeExpensesNet": -200000,
    "incomeBeforeTax": -10100000,
    "incomeBeforeTaxRatio": -0.282122905,
    "incomeTaxExpense": 0,
    "netIncome": -10100000,
    "netIncomeRatio": -0.282122905,
    "eps": -0.0356,
    "epsdiluted": -0.0356,
    "weightedAverageShsOut": 283600000,
    "weightedAverageShsOutDil": 283600000,
    "link": "https://www.sec.gov/Archives/edgar/data/1093557/000109355713000083/0001093557-13-000083-index.htm",
    "finalLink": "https://www.sec.gov/Archives/edgar/data/1093557/000109355713000083/dxcm-06302013x10q.htm"
  },
  {
    "date": "2013-03-31",
    "symbol": "DXCM",
    "reportedCurrency": "USD",
    "cik": "0001093557",
    "fillingDate": "2013-05-01",
    "acceptedDate": "2013-05-01 17:21:09",
    "calendarYear": "2013",
    "period": "Q1",
    "revenue": 29600000,
    "costOfRevenue": 13100000,
    "grossProfit": 16500000,
    "grossProfitRatio": 0.5574324324,
    "researchAndDevelopmentExpenses": 9300000,
    "generalAndAdministrativeExpenses": 0,
    "sellingAndMarketingExpenses": 0,
    "sellingGeneralAndAdministrativeExpenses": 18100000,
    "otherExpenses": 0,
    "operatingExpenses": 27400000,
    "costAndExpenses": 40500000,
    "interestIncome": 0,
    "interestExpense": 200000,
    "depreciationAndAmortization": 1800000,
    "ebitda": -9100000,
    "ebitdaratio": -0.3074324324,
    "operatingIncome": -10900000,
    "operatingIncomeRatio": -0.3682432432,
    "totalOtherIncomeExpensesNet": -200000,
    "incomeBeforeTax": -11100000,
    "incomeBeforeTaxRatio": -0.375,
    "incomeTaxExpense": 0,
    "netIncome": -11100000,
    "netIncomeRatio": -0.375,
    "eps": -0.0398,
    "epsdiluted": -0.0398,
    "weightedAverageShsOut": 279200000,
    "weightedAverageShsOutDil": 279200000,
    "link": "https://www.sec.gov/Archives/edgar/data/1093557/000109355713000036/0001093557-13-000036-index.htm",
    "finalLink": "https://www.sec.gov/Archives/edgar/data/1093557/000109355713000036/dxcm-03312013x10q.htm"
  },
  {
    "date": "2012-12-31",
    "symbol": "DXCM",
    "reportedCurrency": "USD",
    "cik": "0001093557",
    "fillingDate": "2013-02-21",
    "acceptedDate": "2013-02-21 17:22:34",
    "calendarYear": "2012",
    "period": "Q4",
    "revenue": 33266000,
    "costOfRevenue": 15698000,
    "grossProfit": 17568000,
    "grossProfitRatio": 0.5281067757,
    "researchAndDevelopmentExpenses": 8705000,
    "generalAndAdministrativeExpenses": 0,
    "sellingAndMarketingExpenses": 0,
    "sellingGeneralAndAdministrativeExpenses": 17195000,
    "otherExpenses": 0,
    "operatingExpenses": 25900000,
    "costAndExpenses": 41598000,
    "interestIncome": 35000,
    "interestExpense": 198000,
    "depreciationAndAmortization": 1751000,
    "ebitda": -6546000,
    "ebitdaratio": -0.1967774905,
    "operatingIncome": -8332000,
    "operatingIncomeRatio": -0.2504659412,
    "totalOtherIncomeExpensesNet": -163000,
    "incomeBeforeTax": -8495000,
    "incomeBeforeTaxRatio": -0.255365839,
    "incomeTaxExpense": -13000,
    "netIncome": -8482000,
    "netIncomeRatio": -0.2549750496,
    "eps": -0.0309,
    "epsdiluted": -0.0309,
    "weightedAverageShsOut": 274800000,
    "weightedAverageShsOutDil": 274800000,
    "link": "https://www.sec.gov/Archives/edgar/data/1093557/000119312513069590/0001193125-13-069590-index.htm",
    "finalLink": "https://www.sec.gov/Archives/edgar/data/1093557/000119312513069590/d449646d10k.htm"
  },
  {
    "date": "2012-09-30",
    "symbol": "DXCM",
    "reportedCurrency": "USD",
    "cik": "0001093557",
    "fillingDate": "2012-11-01",
    "acceptedDate": "2012-11-01 17:25:14",
    "calendarYear": "2012",
    "period": "Q3",
    "revenue": 23089000,
    "costOfRevenue": 14687000,
    "grossProfit": 8402000,
    "grossProfitRatio": 0.3638962276,
    "researchAndDevelopmentExpenses": 10582000,
    "generalAndAdministrativeExpenses": 0,
    "sellingAndMarketingExpenses": 0,
    "sellingGeneralAndAdministrativeExpenses": 15142000,
    "otherExpenses": 0,
    "operatingExpenses": 25724000,
    "costAndExpenses": 40411000,
    "interestIncome": 17000,
    "interestExpense": 1000,
    "depreciationAndAmortization": 2199000,
    "ebitda": -15200000,
    "ebitdaratio": -0.6583221447,
    "operatingIncome": -17322000,
    "operatingIncomeRatio": -0.750227381,
    "totalOtherIncomeExpensesNet": 16000,
    "incomeBeforeTax": -17306000,
    "incomeBeforeTaxRatio": -0.7495344103,
    "incomeTaxExpense": -43000,
    "netIncome": -17263000,
    "netIncomeRatio": -0.7476720516,
    "eps": -0.0625,
    "epsdiluted": -0.0625,
    "weightedAverageShsOut": 276400000,
    "weightedAverageShsOutDil": 276400000,
    "link": "https://www.sec.gov/Archives/edgar/data/1093557/000119312512446973/0001193125-12-446973-index.htm",
    "finalLink": "https://www.sec.gov/Archives/edgar/data/1093557/000119312512446973/d409818d10q.htm"
  },
  {
    "date": "2012-06-30",
    "symbol": "DXCM",
    "reportedCurrency": "USD",
    "cik": "0001093557",
    "fillingDate": "2012-08-06",
    "acceptedDate": "2012-08-06 17:18:17",
    "calendarYear": "2012",
    "period": "Q2",
    "revenue": 23450000,
    "costOfRevenue": 12207000,
    "grossProfit": 11243000,
    "grossProfitRatio": 0.479445629,
    "researchAndDevelopmentExpenses": 10498000,
    "generalAndAdministrativeExpenses": 0,
    "sellingAndMarketingExpenses": 0,
    "sellingGeneralAndAdministrativeExpenses": 15394000,
    "otherExpenses": 0,
    "operatingExpenses": 25892000,
    "costAndExpenses": 38099000,
    "interestIncome": 23000,
    "interestExpense": 1000,
    "depreciationAndAmortization": 1468000,
    "ebitda": -13200000,
    "ebitdaratio": -0.5628997868,
    "operatingIncome": -14649000,
    "operatingIncomeRatio": -0.6246908316,
    "totalOtherIncomeExpensesNet": 22000,
    "incomeBeforeTax": -14627000,
    "incomeBeforeTaxRatio": -0.6237526652,
    "incomeTaxExpense": 64000,
    "netIncome": -14691000,
    "netIncomeRatio": -0.6264818763,
    "eps": -0.0535,
    "epsdiluted": -0.0535,
    "weightedAverageShsOut": 274400000,
    "weightedAverageShsOutDil": 274400000,
    "link": "https://www.sec.gov/Archives/edgar/data/1093557/000119312512338041/0001193125-12-338041-index.htm",
    "finalLink": "https://www.sec.gov/Archives/edgar/data/1093557/000119312512338041/d370079d10q.htm"
  },
  {
    "date": "2012-03-31",
    "symbol": "DXCM",
    "reportedCurrency": "USD",
    "cik": "0001093557",
    "fillingDate": "2012-05-02",
    "acceptedDate": "2012-05-02 17:25:32",
    "calendarYear": "2012",
    "period": "Q1",
    "revenue": 20095000,
    "costOfRevenue": 10708000,
    "grossProfit": 9387000,
    "grossProfitRatio": 0.4671311271,
    "researchAndDevelopmentExpenses": 9715000,
    "generalAndAdministrativeExpenses": 0,
    "sellingAndMarketingExpenses": 0,
    "sellingGeneralAndAdministrativeExpenses": 15069000,
    "otherExpenses": 0,
    "operatingExpenses": 24784000,
    "costAndExpenses": 35492000,
    "interestIncome": 25000,
    "interestExpense": 25000,
    "depreciationAndAmortization": 1182000,
    "ebitda": -14200000,
    "ebitdaratio": -0.7066434436,
    "operatingIncome": -15397000,
    "operatingIncomeRatio": -0.7662105001,
    "totalOtherIncomeExpensesNet": 0,
    "incomeBeforeTax": -15372000,
    "incomeBeforeTaxRatio": -0.7649664096,
    "incomeTaxExpense": -1308000,
    "netIncome": -14064000,
    "netIncomeRatio": -0.6998755909,
    "eps": -0.0519,
    "epsdiluted": -0.0519,
    "weightedAverageShsOut": 271200000,
    "weightedAverageShsOutDil": 271200000,
    "link": "https://www.sec.gov/Archives/edgar/data/1093557/000119312512205110/0001193125-12-205110-index.htm",
    "finalLink": "https://www.sec.gov/Archives/edgar/data/1093557/000119312512205110/d330251d10q.htm"
  },
  {
    "date": "2011-12-31",
    "symbol": "DXCM",
    "reportedCurrency": "USD",
    "cik": "0001093557",
    "fillingDate": "2012-02-23",
    "acceptedDate": "2012-02-23 17:25:48",
    "calendarYear": "2011",
    "period": "Q4",
    "revenue": 22421000,
    "costOfRevenue": 11728000,
    "grossProfit": 10693000,
    "grossProfitRatio": 0.4769189599,
    "researchAndDevelopmentExpenses": 9232000,
    "generalAndAdministrativeExpenses": 0,
    "sellingAndMarketingExpenses": 0,
    "sellingGeneralAndAdministrativeExpenses": 13737000,
    "otherExpenses": 0,
    "operatingExpenses": 22969000,
    "costAndExpenses": 34697000,
    "interestIncome": 25000,
    "interestExpense": 1000,
    "depreciationAndAmortization": 1063000,
    "ebitda": -11187000,
    "ebitdaratio": -0.4989518755,
    "operatingIncome": -12276000,
    "operatingIncomeRatio": -0.547522412,
    "totalOtherIncomeExpensesNet": -32470000,
    "incomeBeforeTax": -12251000,
    "incomeBeforeTaxRatio": -0.5464073859,
    "incomeTaxExpense": -32495000,
    "netIncome": -12251000,
    "netIncomeRatio": -0.5464073859,
    "eps": -0.0467,
    "epsdiluted": -0.0467,
    "weightedAverageShsOut": 262256000,
    "weightedAverageShsOutDil": 262256000,
    "link": "https://www.sec.gov/Archives/edgar/data/1093557/000119312512075640/0001193125-12-075640-index.htm",
    "finalLink": "https://www.sec.gov/Archives/edgar/data/1093557/000119312512075640/d270314d10k.htm"
  },
  {
    "date": "2011-09-30",
    "symbol": "DXCM",
    "reportedCurrency": "USD",
    "cik": "0001093557",
    "fillingDate": "2011-11-02",
    "acceptedDate": "2011-11-02 17:19:39",
    "calendarYear": "2011",
    "period": "Q3",
    "revenue": 18254000,
    "costOfRevenue": 10090000,
    "grossProfit": 8164000,
    "grossProfitRatio": 0.4472444396,
    "researchAndDevelopmentExpenses": 8231000,
    "generalAndAdministrativeExpenses": 0,
    "sellingAndMarketingExpenses": 0,
    "sellingGeneralAndAdministrativeExpenses": 13241000,
    "otherExpenses": 0,
    "operatingExpenses": 21472000,
    "costAndExpenses": 31562000,
    "interestIncome": 31000,
    "interestExpense": 1000,
    "depreciationAndAmortization": 998000,
    "ebitda": -12279000,
    "ebitdaratio": -0.6726744823,
    "operatingIncome": -13308000,
    "operatingIncomeRatio": -0.7290456886,
    "totalOtherIncomeExpensesNet": 30000,
    "incomeBeforeTax": -13278000,
    "incomeBeforeTaxRatio": -0.7274022132,
    "incomeTaxExpense": 0,
    "netIncome": -13278000,
    "netIncomeRatio": -0.7274022132,
    "eps": -0.0493,
    "epsdiluted": -0.0493,
    "weightedAverageShsOut": 269588000,
    "weightedAverageShsOutDil": 269588000,
    "link": "https://www.sec.gov/Archives/edgar/data/1093557/000119312511293031/0001193125-11-293031-index.htm",
    "finalLink": "https://www.sec.gov/Archives/edgar/data/1093557/000119312511293031/d235641d10q.htm"
  },
  {
    "date": "2011-06-30",
    "symbol": "DXCM",
    "reportedCurrency": "USD",
    "cik": "0001093557",
    "fillingDate": "2011-08-03",
    "acceptedDate": "2011-08-03 17:27:01",
    "calendarYear": "2011",
    "period": "Q2",
    "revenue": 21417000,
    "costOfRevenue": 9546000,
    "grossProfit": 11871000,
    "grossProfitRatio": 0.5542793108,
    "researchAndDevelopmentExpenses": 7016000,
    "generalAndAdministrativeExpenses": 0,
    "sellingAndMarketingExpenses": 0,
    "sellingGeneralAndAdministrativeExpenses": 12244000,
    "otherExpenses": 0,
    "operatingExpenses": 19260000,
    "costAndExpenses": 28806000,
    "interestIncome": 25000,
    "interestExpense": 3000,
    "depreciationAndAmortization": 892000,
    "ebitda": -6472000,
    "ebitdaratio": -0.3021898492,
    "operatingIncome": -7389000,
    "operatingIncomeRatio": -0.3450063034,
    "totalOtherIncomeExpensesNet": 22000,
    "incomeBeforeTax": -7367000,
    "incomeBeforeTaxRatio": -0.343979082,
    "incomeTaxExpense": 0,
    "netIncome": -7367000,
    "netIncomeRatio": -0.343979082,
    "eps": -0.0283,
    "epsdiluted": -0.0283,
    "weightedAverageShsOut": 260384000,
    "weightedAverageShsOutDil": 260384000,
    "link": "https://www.sec.gov/Archives/edgar/data/1093557/000119312511208448/0001193125-11-208448-index.htm",
    "finalLink": "https://www.sec.gov/Archives/edgar/data/1093557/000119312511208448/d10q.htm"
  },
  {
    "date": "2011-03-31",
    "symbol": "DXCM",
    "reportedCurrency": "USD",
    "cik": "0001093557",
    "fillingDate": "2011-05-03",
    "acceptedDate": "2011-05-03 17:25:06",
    "calendarYear": "2011",
    "period": "Q1",
    "revenue": 14174000,
    "costOfRevenue": 9058000,
    "grossProfit": 5116000,
    "grossProfitRatio": 0.3609425709,
    "researchAndDevelopmentExpenses": 6268000,
    "generalAndAdministrativeExpenses": 0,
    "sellingAndMarketingExpenses": 0,
    "sellingGeneralAndAdministrativeExpenses": 10718000,
    "otherExpenses": 0,
    "operatingExpenses": 16986000,
    "costAndExpenses": 26044000,
    "interestIncome": 26000,
    "interestExpense": 6000,
    "depreciationAndAmortization": 806000,
    "ebitda": -11038000,
    "ebitdaratio": -0.7787498236,
    "operatingIncome": -11870000,
    "operatingIncomeRatio": -0.83744885,
    "totalOtherIncomeExpensesNet": 20000,
    "incomeBeforeTax": -11850000,
    "incomeBeforeTaxRatio": -0.8360378157,
    "incomeTaxExpense": 0,
    "netIncome": -11850000,
    "netIncomeRatio": -0.8360378157,
    "eps": -0.0476,
    "epsdiluted": -0.0476,
    "weightedAverageShsOut": 248716000,
    "weightedAverageShsOutDil": 248716000,
    "link": "https://www.sec.gov/Archives/edgar/data/1093557/000119312511124174/0001193125-11-124174-index.htm",
    "finalLink": "https://www.sec.gov/Archives/edgar/data/1093557/000119312511124174/d10q.htm"
  },
  {
    "date": "2010-12-31",
    "symbol": "DXCM",
    "reportedCurrency": "USD",
    "cik": "0001093557",
    "fillingDate": "2011-03-03",
    "acceptedDate": "2011-03-03 17:15:24",
    "calendarYear": "2010",
    "period": "Q4",
    "revenue": 15636000,
    "costOfRevenue": 8647000,
    "grossProfit": 6989000,
    "grossProfitRatio": 0.4469813251,
    "researchAndDevelopmentExpenses": 6902000,
    "generalAndAdministrativeExpenses": 0,
    "sellingAndMarketingExpenses": 0,
    "sellingGeneralAndAdministrativeExpenses": 9973000,
    "otherExpenses": 0,
    "operatingExpenses": 16875000,
    "costAndExpenses": 25522000,
    "interestIncome": 22000,
    "interestExpense": 8000,
    "depreciationAndAmortization": 721000,
    "ebitda": -9225000,
    "ebitdaratio": -0.5899846508,
    "operatingIncome": -9886000,
    "operatingIncomeRatio": -0.6322588897,
    "totalOtherIncomeExpensesNet": -45284000,
    "incomeBeforeTax": -55170000,
    "incomeBeforeTaxRatio": -3.5283960092,
    "incomeTaxExpense": -45358000,
    "netIncome": -9812000,
    "netIncomeRatio": -0.6275262215,
    "eps": -0.0431,
    "epsdiluted": -0.0431,
    "weightedAverageShsOut": 227524000,
    "weightedAverageShsOutDil": 227524000,
    "link": "https://www.sec.gov/Archives/edgar/data/1093557/000119312511055131/0001193125-11-055131-index.htm",
    "finalLink": "https://www.sec.gov/Archives/edgar/data/1093557/000119312511055131/d10k.htm"
  },
  {
    "date": "2010-09-30",
    "symbol": "DXCM",
    "reportedCurrency": "USD",
    "cik": "0001093557",
    "fillingDate": "2010-11-04",
    "acceptedDate": "2010-11-04 16:14:00",
    "calendarYear": "2010",
    "period": "Q3",
    "revenue": 11664000,
    "costOfRevenue": 8188000,
    "grossProfit": 3476000,
    "grossProfitRatio": 0.2980109739,
    "researchAndDevelopmentExpenses": 6161000,
    "generalAndAdministrativeExpenses": 0,
    "sellingAndMarketingExpenses": 0,
    "sellingGeneralAndAdministrativeExpenses": 10377000,
    "otherExpenses": 0,
    "operatingExpenses": 16538000,
    "costAndExpenses": 24726000,
    "interestIncome": 20000,
    "interestExpense": 44000,
    "depreciationAndAmortization": 628000,
    "ebitda": -13062000,
    "ebitdaratio": -1.1198559671,
    "operatingIncome": -13062000,
    "operatingIncomeRatio": -1.1198559671,
    "totalOtherIncomeExpensesNet": -336000,
    "incomeBeforeTax": -13398000,
    "incomeBeforeTaxRatio": -1.1486625514,
    "incomeTaxExpense": 0,
    "netIncome": -13398000,
    "netIncomeRatio": -1.1486625514,
    "eps": -0.0576,
    "epsdiluted": -0.0576,
    "weightedAverageShsOut": 232800000,
    "weightedAverageShsOutDil": 232800000,
    "link": "https://www.sec.gov/Archives/edgar/data/1093557/000119312510248085/0001193125-10-248085-index.htm",
    "finalLink": "https://www.sec.gov/Archives/edgar/data/1093557/000119312510248085/d10q.htm"
  },
  {
    "date": "2010-06-30",
    "symbol": "DXCM",
    "reportedCurrency": "USD",
    "cik": "0001093557",
    "fillingDate": "2010-08-03",
    "acceptedDate": "2010-08-03 16:08:51",
    "calendarYear": "2010",
    "period": "Q2",
    "revenue": 11786000,
    "costOfRevenue": 7267000,
    "grossProfit": 4519000,
    "grossProfitRatio": 0.383421008,
    "researchAndDevelopmentExpenses": 5425000,
    "generalAndAdministrativeExpenses": 0,
    "sellingAndMarketingExpenses": 0,
    "sellingGeneralAndAdministrativeExpenses": 10362000,
    "otherExpenses": 0,
    "operatingExpenses": 15787000,
    "costAndExpenses": 23054000,
    "interestIncome": 23000,
    "interestExpense": 197000,
    "depreciationAndAmortization": 588000,
    "ebitda": -10902000,
    "ebitdaratio": -0.9249957577,
    "operatingIncome": -11268000,
    "operatingIncomeRatio": -0.9560495503,
    "totalOtherIncomeExpensesNet": -419000,
    "incomeBeforeTax": -11687000,
    "incomeBeforeTaxRatio": -0.9916002036,
    "incomeTaxExpense": 0,
    "netIncome": -11687000,
    "netIncomeRatio": -0.9916002036,
    "eps": -0.0508,
    "epsdiluted": -0.0508,
    "weightedAverageShsOut": 230216000,
    "weightedAverageShsOutDil": 230216000,
    "link": "https://www.sec.gov/Archives/edgar/data/1093557/000119312510175251/0001193125-10-175251-index.htm",
    "finalLink": "https://www.sec.gov/Archives/edgar/data/1093557/000119312510175251/d10q.htm"
  },
  {
    "date": "2010-03-31",
    "symbol": "DXCM",
    "reportedCurrency": "USD",
    "cik": "0001093557",
    "fillingDate": "2010-05-05",
    "acceptedDate": "2010-05-05 16:15:58",
    "calendarYear": "2010",
    "period": "Q1",
    "revenue": 9545000,
    "costOfRevenue": 6086000,
    "grossProfit": 3459000,
    "grossProfitRatio": 0.3623886852,
    "researchAndDevelopmentExpenses": 4739000,
    "generalAndAdministrativeExpenses": 0,
    "sellingAndMarketingExpenses": 0,
    "sellingGeneralAndAdministrativeExpenses": 9794000,
    "otherExpenses": 0,
    "operatingExpenses": 14533000,
    "costAndExpenses": 20619000,
    "interestIncome": 30000,
    "interestExpense": 1299000,
    "depreciationAndAmortization": 500000,
    "ebitda": -18474000,
    "ebitdaratio": -1.9354635935,
    "operatingIncome": -11074000,
    "operatingIncomeRatio": -1.1601885804,
    "totalOtherIncomeExpensesNet": -9199000,
    "incomeBeforeTax": -20273000,
    "incomeBeforeTaxRatio": -2.1239392352,
    "incomeTaxExpense": 0,
    "netIncome": -20273000,
    "netIncomeRatio": -2.1239392352,
    "eps": -0.0988,
    "epsdiluted": -0.0988,
    "weightedAverageShsOut": 205164000,
    "weightedAverageShsOutDil": 205164000,
    "link": "https://www.sec.gov/Archives/edgar/data/1093557/000119312510108874/0001193125-10-108874-index.htm",
    "finalLink": "https://www.sec.gov/Archives/edgar/data/1093557/000119312510108874/d10q.htm"
  },
  {
    "date": "2009-12-31",
    "symbol": "DXCM",
    "reportedCurrency": "USD",
    "cik": "0001093557",
    "fillingDate": "2010-03-09",
    "acceptedDate": "2010-03-09 17:04:09",
    "calendarYear": "2009",
    "period": "Q4",
    "revenue": 10471000,
    "costOfRevenue": 6364000,
    "grossProfit": 4107000,
    "grossProfitRatio": 0.3922261484,
    "researchAndDevelopmentExpenses": 4172000,
    "generalAndAdministrativeExpenses": 0,
    "sellingAndMarketingExpenses": 0,
    "sellingGeneralAndAdministrativeExpenses": 9397000,
    "otherExpenses": 0,
    "operatingExpenses": 13569000,
    "costAndExpenses": 19933000,
    "interestIncome": 31000,
    "interestExpense": 2098000,
    "depreciationAndAmortization": 470000,
    "ebitda": -8992000,
    "ebitdaratio": -0.8587527457,
    "operatingIncome": -9462000,
    "operatingIncomeRatio": -0.903638621,
    "totalOtherIncomeExpensesNet": -44062000,
    "incomeBeforeTax": -53524000,
    "incomeBeforeTaxRatio": -5.111641677,
    "incomeTaxExpense": -41995000,
    "netIncome": -11529000,
    "netIncomeRatio": -1.1010409703,
    "eps": -0.065,
    "epsdiluted": -0.065,
    "weightedAverageShsOut": 177388000,
    "weightedAverageShsOutDil": 177388000,
    "link": "https://www.sec.gov/Archives/edgar/data/1093557/000119312510051468/0001193125-10-051468-index.htm",
    "finalLink": "https://www.sec.gov/Archives/edgar/data/1093557/000119312510051468/d10k.htm"
  },
  {
    "date": "2009-09-30",
    "symbol": "DXCM",
    "reportedCurrency": "USD",
    "cik": "0001093557",
    "fillingDate": "2009-11-04",
    "acceptedDate": "2009-11-04 16:05:33",
    "calendarYear": "2009",
    "period": "Q3",
    "revenue": 7259000,
    "costOfRevenue": 6394000,
    "grossProfit": 865000,
    "grossProfitRatio": 0.1191624191,
    "researchAndDevelopmentExpenses": 3496000,
    "generalAndAdministrativeExpenses": 0,
    "sellingAndMarketingExpenses": 0,
    "sellingGeneralAndAdministrativeExpenses": 8948000,
    "otherExpenses": 0,
    "operatingExpenses": 12444000,
    "costAndExpenses": 18838000,
    "interestIncome": 93000,
    "interestExpense": 2037000,
    "depreciationAndAmortization": 589000,
    "ebitda": -10897000,
    "ebitdaratio": -1.5011709602,
    "operatingIncome": -11579000,
    "operatingIncomeRatio": -1.5951232952,
    "totalOtherIncomeExpensesNet": -1944000,
    "incomeBeforeTax": -13523000,
    "incomeBeforeTaxRatio": -1.8629287781,
    "incomeTaxExpense": 0,
    "netIncome": -13523000,
    "netIncomeRatio": -1.8629287781,
    "eps": -0.0736,
    "epsdiluted": -0.0736,
    "weightedAverageShsOut": 183676000,
    "weightedAverageShsOutDil": 183676000,
    "link": "https://www.sec.gov/Archives/edgar/data/1093557/000119312509223741/0001193125-09-223741-index.htm",
    "finalLink": "https://www.sec.gov/Archives/edgar/data/1093557/000119312509223741/d10q.htm"
  },
  {
    "date": "2009-06-30",
    "symbol": "DXCM",
    "reportedCurrency": "USD",
    "cik": "0001093557",
    "fillingDate": "2009-08-03",
    "acceptedDate": "2009-08-03 16:15:46",
    "calendarYear": "2009",
    "period": "Q2",
    "revenue": 6751000,
    "costOfRevenue": 7799000,
    "grossProfit": -1048000,
    "grossProfitRatio": -0.1552362613,
    "researchAndDevelopmentExpenses": 3455000,
    "generalAndAdministrativeExpenses": 0,
    "sellingAndMarketingExpenses": 0,
    "sellingGeneralAndAdministrativeExpenses": 8952000,
    "otherExpenses": 0,
    "operatingExpenses": 12407000,
    "costAndExpenses": 20206000,
    "interestIncome": 107000,
    "interestExpense": 1982000,
    "depreciationAndAmortization": 662000,
    "ebitda": -12686000,
    "ebitdaratio": -1.8791290179,
    "operatingIncome": -13455000,
    "operatingIncomeRatio": -1.9930380684,
    "totalOtherIncomeExpensesNet": -1875000,
    "incomeBeforeTax": -15330000,
    "incomeBeforeTaxRatio": -2.2707747,
    "incomeTaxExpense": 0,
    "netIncome": -15330000,
    "netIncomeRatio": -2.2707747,
    "eps": -0.0836,
    "epsdiluted": -0.0836,
    "weightedAverageShsOut": 183328000,
    "weightedAverageShsOutDil": 183328000,
    "link": "https://www.sec.gov/Archives/edgar/data/1093557/000119312509162218/0001193125-09-162218-index.htm",
    "finalLink": "https://www.sec.gov/Archives/edgar/data/1093557/000119312509162218/d10q.htm"
  },
  {
    "date": "2009-03-31",
    "symbol": "DXCM",
    "reportedCurrency": "USD",
    "cik": "0001093557",
    "fillingDate": "2009-05-06",
    "acceptedDate": "2009-05-06 16:20:12",
    "calendarYear": "2009",
    "period": "Q1",
    "revenue": 5212000,
    "costOfRevenue": 5475000,
    "grossProfit": -263000,
    "grossProfitRatio": -0.0504604758,
    "researchAndDevelopmentExpenses": 3171000,
    "generalAndAdministrativeExpenses": 0,
    "sellingAndMarketingExpenses": 0,
    "sellingGeneralAndAdministrativeExpenses": 7903000,
    "otherExpenses": 0,
    "operatingExpenses": 11074000,
    "costAndExpenses": 16549000,
    "interestIncome": 123000,
    "interestExpense": 1928000,
    "depreciationAndAmortization": 652000,
    "ebitda": -10562000,
    "ebitdaratio": -2.0264773599,
    "operatingIncome": -11337000,
    "operatingIncomeRatio": -2.1751726784,
    "totalOtherIncomeExpensesNet": -1805000,
    "incomeBeforeTax": -13142000,
    "incomeBeforeTaxRatio": -2.5214888718,
    "incomeTaxExpense": 0,
    "netIncome": -13142000,
    "netIncomeRatio": -2.5214888718,
    "eps": -0.083,
    "epsdiluted": -0.083,
    "weightedAverageShsOut": 158276000,
    "weightedAverageShsOutDil": 158276000,
    "link": "https://www.sec.gov/Archives/edgar/data/1093557/000119312509101578/0001193125-09-101578-index.htm",
    "finalLink": "https://www.sec.gov/Archives/edgar/data/1093557/000119312509101578/d10q.htm"
  },
  {
    "date": "2008-12-31",
    "symbol": "DXCM",
    "reportedCurrency": "USD",
    "cik": "0001093557",
    "fillingDate": "2009-03-05",
    "acceptedDate": "2009-03-05 16:20:28",
    "calendarYear": "2008",
    "period": "Q4",
    "revenue": 4073000,
    "costOfRevenue": 4891000,
    "grossProfit": -818000,
    "grossProfitRatio": -0.2008347655,
    "researchAndDevelopmentExpenses": 4571000,
    "generalAndAdministrativeExpenses": 0,
    "sellingAndMarketingExpenses": 0,
    "sellingGeneralAndAdministrativeExpenses": 7349000,
    "otherExpenses": 0,
    "operatingExpenses": 11920000,
    "costAndExpenses": 16811000,
    "interestIncome": 0,
    "interestExpense": 0,
    "depreciationAndAmortization": 902000,
    "ebitda": -11836000,
    "ebitdaratio": -2.9059661183,
    "operatingIncome": -12738000,
    "operatingIncomeRatio": -3.1274245028,
    "totalOtherIncomeExpensesNet": -42446000,
    "incomeBeforeTax": -55184000,
    "incomeBeforeTaxRatio": -13.5487355757,
    "incomeTaxExpense": -41734000,
    "netIncome": -13450000,
    "netIncomeRatio": -3.3022342254,
    "eps": -0.11,
    "epsdiluted": -0.11,
    "weightedAverageShsOut": 118228000,
    "weightedAverageShsOutDil": 118228000,
    "link": "https://www.sec.gov/Archives/edgar/data/1093557/000119312509046182/0001193125-09-046182-index.htm",
    "finalLink": "https://www.sec.gov/Archives/edgar/data/1093557/000119312509046182/d10k.htm"
  },
  {
    "date": "2008-09-30",
    "symbol": "DXCM",
    "reportedCurrency": "USD",
    "cik": "0001093557",
    "fillingDate": "2008-11-10",
    "acceptedDate": "2008-11-10 16:23:41",
    "calendarYear": "2008",
    "period": "Q3",
    "revenue": 1920000,
    "costOfRevenue": 3840000,
    "grossProfit": -1920000,
    "grossProfitRatio": -1,
    "researchAndDevelopmentExpenses": 5418000,
    "generalAndAdministrativeExpenses": 0,
    "sellingAndMarketingExpenses": 0,
    "sellingGeneralAndAdministrativeExpenses": 6652000,
    "otherExpenses": 0,
    "operatingExpenses": 12070000,
    "costAndExpenses": 15910000,
    "interestIncome": 0,
    "interestExpense": 0,
    "depreciationAndAmortization": 848000,
    "ebitda": -13142000,
    "ebitdaratio": -6.8447916667,
    "operatingIncome": -13990000,
    "operatingIncomeRatio": -7.2864583333,
    "totalOtherIncomeExpensesNet": -698000,
    "incomeBeforeTax": -14688000,
    "incomeBeforeTaxRatio": -7.65,
    "incomeTaxExpense": 0,
    "netIncome": -14688000,
    "netIncomeRatio": -7.65,
    "eps": -0.12,
    "epsdiluted": -0.12,
    "weightedAverageShsOut": 118508000,
    "weightedAverageShsOutDil": 118508000,
    "link": "https://www.sec.gov/Archives/edgar/data/1093557/000119312508231764/0001193125-08-231764-index.htm",
    "finalLink": "https://www.sec.gov/Archives/edgar/data/1093557/000119312508231764/d10q.htm"
  },
  {
    "date": "2008-06-30",
    "symbol": "DXCM",
    "reportedCurrency": "USD",
    "cik": "0001093557",
    "fillingDate": "2008-08-05",
    "acceptedDate": "2008-08-05 16:09:43",
    "calendarYear": "2008",
    "period": "Q2",
    "revenue": 1982000,
    "costOfRevenue": 3393000,
    "grossProfit": -1411000,
    "grossProfitRatio": -0.7119071645,
    "researchAndDevelopmentExpenses": 4797000,
    "generalAndAdministrativeExpenses": 0,
    "sellingAndMarketingExpenses": 0,
    "sellingGeneralAndAdministrativeExpenses": 7247000,
    "otherExpenses": 0,
    "operatingExpenses": 12044000,
    "costAndExpenses": 15437000,
    "interestIncome": 0,
    "interestExpense": 0,
    "depreciationAndAmortization": 838000,
    "ebitda": -12617000,
    "ebitdaratio": -6.3657921292,
    "operatingIncome": -13455000,
    "operatingIncomeRatio": -6.7885973764,
    "totalOtherIncomeExpensesNet": -619000,
    "incomeBeforeTax": -14074000,
    "incomeBeforeTaxRatio": -7.1009081736,
    "incomeTaxExpense": 0,
    "netIncome": -14074000,
    "netIncomeRatio": -7.1009081736,
    "eps": -0.12,
    "epsdiluted": -0.12,
    "weightedAverageShsOut": 117548000,
    "weightedAverageShsOutDil": 117548000,
    "link": "https://www.sec.gov/Archives/edgar/data/1093557/000119312508166486/0001193125-08-166486-index.htm",
    "finalLink": "https://www.sec.gov/Archives/edgar/data/1093557/000119312508166486/d10q.htm"
  },
  {
    "date": "2008-03-31",
    "symbol": "DXCM",
    "reportedCurrency": "USD",
    "cik": "0001093557",
    "fillingDate": "2008-05-08",
    "acceptedDate": "2008-05-08 16:15:48",
    "calendarYear": "2008",
    "period": "Q1",
    "revenue": 1862000,
    "costOfRevenue": 3242000,
    "grossProfit": -1380000,
    "grossProfitRatio": -0.7411385607,
    "researchAndDevelopmentExpenses": 4843000,
    "generalAndAdministrativeExpenses": 0,
    "sellingAndMarketingExpenses": 0,
    "sellingGeneralAndAdministrativeExpenses": 6421000,
    "otherExpenses": 0,
    "operatingExpenses": 11264000,
    "costAndExpenses": 14506000,
    "interestIncome": 0,
    "interestExpense": 0,
    "depreciationAndAmortization": 994000,
    "ebitda": -11650000,
    "ebitdaratio": -6.2567132116,
    "operatingIncome": -12644000,
    "operatingIncomeRatio": -6.7905477981,
    "totalOtherIncomeExpensesNet": -328000,
    "incomeBeforeTax": -12972000,
    "incomeBeforeTaxRatio": -6.9667024705,
    "incomeTaxExpense": 0,
    "netIncome": -12972000,
    "netIncomeRatio": -6.9667024705,
    "eps": -0.11,
    "epsdiluted": -0.11,
    "weightedAverageShsOut": 116912000,
    "weightedAverageShsOutDil": 116912000,
    "link": "https://www.sec.gov/Archives/edgar/data/1093557/000119312508107816/0001193125-08-107816-index.htm",
    "finalLink": "https://www.sec.gov/Archives/edgar/data/1093557/000119312508107816/d10q.htm"
  },
  {
    "date": "2007-12-31",
    "symbol": "DXCM",
    "reportedCurrency": "USD",
    "cik": "0001093557",
    "fillingDate": "2008-03-11",
    "acceptedDate": "2008-03-11 17:12:06",
    "calendarYear": "2007",
    "period": "Q4",
    "revenue": 1528000,
    "costOfRevenue": 3655000,
    "grossProfit": -2127000,
    "grossProfitRatio": -1.3920157068,
    "researchAndDevelopmentExpenses": 4397000,
    "generalAndAdministrativeExpenses": 0,
    "sellingAndMarketingExpenses": 0,
    "sellingGeneralAndAdministrativeExpenses": 5653000,
    "otherExpenses": 0,
    "operatingExpenses": 10050000,
    "costAndExpenses": 13705000,
    "interestIncome": 0,
    "interestExpense": 0,
    "depreciationAndAmortization": 1143000,
    "ebitda": -11034000,
    "ebitdaratio": -7.2212041885,
    "operatingIncome": -12177000,
    "operatingIncomeRatio": -7.9692408377,
    "totalOtherIncomeExpensesNet": -33701000,
    "incomeBeforeTax": -45878000,
    "incomeBeforeTaxRatio": -30.0248691099,
    "incomeTaxExpense": -33649000,
    "netIncome": -12229000,
    "netIncomeRatio": -8.0032722513,
    "eps": -0.11,
    "epsdiluted": -0.11,
    "weightedAverageShsOut": 113252000,
    "weightedAverageShsOutDil": 113252000,
    "link": "https://www.sec.gov/Archives/edgar/data/1093557/000119312508053011/0001193125-08-053011-index.htm",
    "finalLink": "https://www.sec.gov/Archives/edgar/data/1093557/000119312508053011/d10k.htm"
  },
  {
    "date": "2007-09-30",
    "symbol": "DXCM",
    "reportedCurrency": "USD",
    "cik": "0001093557",
    "fillingDate": "2007-10-30",
    "acceptedDate": "2007-10-30 16:20:32",
    "calendarYear": "2007",
    "period": "Q3",
    "revenue": 1224000,
    "costOfRevenue": 3113000,
    "grossProfit": -1889000,
    "grossProfitRatio": -1.5433006536,
    "researchAndDevelopmentExpenses": 3671000,
    "generalAndAdministrativeExpenses": 0,
    "sellingAndMarketingExpenses": 0,
    "sellingGeneralAndAdministrativeExpenses": 5943000,
    "otherExpenses": 0,
    "operatingExpenses": 9614000,
    "costAndExpenses": 12727000,
    "interestIncome": 0,
    "interestExpense": 0,
    "depreciationAndAmortization": 773000,
    "ebitda": -10730000,
    "ebitdaratio": -8.7663398693,
    "operatingIncome": -11503000,
    "operatingIncomeRatio": -9.397875817,
    "totalOtherIncomeExpensesNet": 119000,
    "incomeBeforeTax": -11384000,
    "incomeBeforeTaxRatio": -9.3006535948,
    "incomeTaxExpense": 0,
    "netIncome": -11384000,
    "netIncomeRatio": -9.3006535948,
    "eps": -0.1,
    "epsdiluted": -0.1,
    "weightedAverageShsOut": 113298644,
    "weightedAverageShsOutDil": 113298644,
    "link": "https://www.sec.gov/Archives/edgar/data/1093557/000110465907078122/0001104659-07-078122-index.htm",
    "finalLink": "https://www.sec.gov/Archives/edgar/data/1093557/000110465907078122/a07-25870_110q.htm"
  },
  {
    "date": "2007-06-30",
    "symbol": "DXCM",
    "reportedCurrency": "USD",
    "cik": "0001093557",
    "fillingDate": "2007-07-30",
    "acceptedDate": "2007-07-30 16:12:49",
    "calendarYear": "2007",
    "period": "Q2",
    "revenue": 863000,
    "costOfRevenue": 2906000,
    "grossProfit": -2043000,
    "grossProfitRatio": -2.3673232908,
    "researchAndDevelopmentExpenses": 4028000,
    "generalAndAdministrativeExpenses": 0,
    "sellingAndMarketingExpenses": 0,
    "sellingGeneralAndAdministrativeExpenses": 5469000,
    "otherExpenses": 0,
    "operatingExpenses": 9497000,
    "costAndExpenses": 12403000,
    "interestIncome": 0,
    "interestExpense": 204000,
    "depreciationAndAmortization": 790000,
    "ebitda": -10750000,
    "ebitdaratio": -12.4565469293,
    "operatingIncome": -11540000,
    "operatingIncomeRatio": -13.3719582851,
    "totalOtherIncomeExpensesNet": 204000,
    "incomeBeforeTax": -11336000,
    "incomeBeforeTaxRatio": -13.1355735805,
    "incomeTaxExpense": 0,
    "netIncome": -11336000,
    "netIncomeRatio": -13.1355735805,
    "eps": -0.1,
    "epsdiluted": -0.1,
    "weightedAverageShsOut": 113194924,
    "weightedAverageShsOutDil": 113194924,
    "link": "https://www.sec.gov/Archives/edgar/data/1093557/000110465907057171/0001104659-07-057171-index.htm",
    "finalLink": "https://www.sec.gov/Archives/edgar/data/1093557/000110465907057171/a07-19213_110q.htm"
  },
  {
    "date": "2007-03-31",
    "symbol": "DXCM",
    "reportedCurrency": "USD",
    "cik": "0001093557",
    "fillingDate": "2007-05-09",
    "acceptedDate": "2007-05-09 16:11:14",
    "calendarYear": "2007",
    "period": "Q1",
    "revenue": 1012000,
    "costOfRevenue": 3062000,
    "grossProfit": -2050000,
    "grossProfitRatio": -2.0256916996,
    "researchAndDevelopmentExpenses": 4035000,
    "generalAndAdministrativeExpenses": 0,
    "sellingAndMarketingExpenses": 0,
    "sellingGeneralAndAdministrativeExpenses": 5371000,
    "otherExpenses": 0,
    "operatingExpenses": 9406000,
    "costAndExpenses": 12468000,
    "interestIncome": 0,
    "interestExpense": 0,
    "depreciationAndAmortization": 626000,
    "ebitda": -10830000,
    "ebitdaratio": -10.7015810277,
    "operatingIncome": -11456000,
    "operatingIncomeRatio": -11.3201581028,
    "totalOtherIncomeExpensesNet": 527000,
    "incomeBeforeTax": -10929000,
    "incomeBeforeTaxRatio": -10.7994071146,
    "incomeTaxExpense": 0,
    "netIncome": -10929000,
    "netIncomeRatio": -10.7994071146,
    "eps": -0.0968,
    "epsdiluted": -0.0968,
    "weightedAverageShsOut": 112892000,
    "weightedAverageShsOutDil": 112892000,
    "link": "https://www.sec.gov/Archives/edgar/data/1093557/000110465907037550/0001104659-07-037550-index.htm",
    "finalLink": "https://www.sec.gov/Archives/edgar/data/1093557/000110465907037550/a07-11272_110q.htm"
  },
  {
    "date": "2006-12-31",
    "symbol": "DXCM",
    "reportedCurrency": "USD",
    "cik": "0001093557",
    "fillingDate": "2007-02-27",
    "acceptedDate": "2007-02-27 17:22:31",
    "calendarYear": "2006",
    "period": "Q4",
    "revenue": 834917,
    "costOfRevenue": 3398514,
    "grossProfit": -2563597,
    "grossProfitRatio": -3.0704812574,
    "researchAndDevelopmentExpenses": 3929888,
    "generalAndAdministrativeExpenses": 21111000,
    "sellingAndMarketingExpenses": -15847242,
    "sellingGeneralAndAdministrativeExpenses": 5263758,
    "otherExpenses": 0,
    "operatingExpenses": 9193646,
    "costAndExpenses": 12592160,
    "interestIncome": 0,
    "interestExpense": 0,
    "depreciationAndAmortization": 1071791,
    "ebitda": -10685452,
    "ebitdaratio": -12.7982206615,
    "operatingIncome": -11757243,
    "operatingIncomeRatio": -14.0819302997,
    "totalOtherIncomeExpensesNet": -34841794,
    "incomeBeforeTax": -46599000,
    "incomeBeforeTaxRatio": -55.8127334813,
    "incomeTaxExpense": -35525648,
    "netIncome": -11073643,
    "netIncomeRatio": -13.2631662788,
    "eps": -0.1,
    "epsdiluted": -0.1,
    "weightedAverageShsOut": 108942816,
    "weightedAverageShsOutDil": 108942816,
    "link": "https://www.sec.gov/Archives/edgar/data/1093557/000110465907014481/0001104659-07-014481-index.htm",
    "finalLink": "https://www.sec.gov/Archives/edgar/data/1093557/000110465907014481/a07-5390_110k.htm"
  },
  {
    "date": "2006-09-30",
    "symbol": "DXCM",
    "reportedCurrency": "USD",
    "cik": "0001093557",
    "fillingDate": "2006-10-23",
    "acceptedDate": "2006-10-23 16:05:50",
    "calendarYear": "2006",
    "period": "Q3",
    "revenue": 841020,
    "costOfRevenue": 3388675,
    "grossProfit": -2547655,
    "grossProfitRatio": -3.029244251,
    "researchAndDevelopmentExpenses": 4634157,
    "generalAndAdministrativeExpenses": 0,
    "sellingAndMarketingExpenses": 0,
    "sellingGeneralAndAdministrativeExpenses": 7073768,
    "otherExpenses": 0,
    "operatingExpenses": 11707925,
    "costAndExpenses": 15096600,
    "interestIncome": 0,
    "interestExpense": 0,
    "depreciationAndAmortization": 599121,
    "ebitda": -13657000,
    "ebitdaratio": -16.2386150151,
    "operatingIncome": -14255580,
    "operatingIncomeRatio": -16.9503460084,
    "totalOtherIncomeExpensesNet": 817809,
    "incomeBeforeTax": -13437771,
    "incomeBeforeTaxRatio": -15.9779446387,
    "incomeTaxExpense": 0,
    "netIncome": -13437771,
    "netIncomeRatio": -15.9779446387,
    "eps": -0.12,
    "epsdiluted": -0.12,
    "weightedAverageShsOut": 112273708,
    "weightedAverageShsOutDil": 112273708,
    "link": "https://www.sec.gov/Archives/edgar/data/1093557/000110465906067988/0001104659-06-067988-index.htm",
    "finalLink": "https://www.sec.gov/Archives/edgar/data/1093557/000110465906067988/a06-22295_110q.htm"
  },
  {
    "date": "2006-06-30",
    "symbol": "DXCM",
    "reportedCurrency": "USD",
    "cik": "0001093557",
    "fillingDate": "2006-07-21",
    "acceptedDate": "2006-07-21 08:00:38",
    "calendarYear": "2006",
    "period": "Q2",
    "revenue": 479078,
    "costOfRevenue": 2090544,
    "grossProfit": -1611466,
    "grossProfitRatio": -3.3636819057,
    "researchAndDevelopmentExpenses": 5361419,
    "generalAndAdministrativeExpenses": 0,
    "sellingAndMarketingExpenses": 0,
    "sellingGeneralAndAdministrativeExpenses": 4932359,
    "otherExpenses": 0,
    "operatingExpenses": 10293778,
    "costAndExpenses": 12384322,
    "interestIncome": 0,
    "interestExpense": 0,
    "depreciationAndAmortization": -741471,
    "ebitda": -11905244,
    "ebitdaratio": -24.8503249993,
    "operatingIncome": -11905244,
    "operatingIncomeRatio": -24.8503249993,
    "totalOtherIncomeExpensesNet": 736424,
    "incomeBeforeTax": -11168820,
    "incomeBeforeTaxRatio": -23.3131556865,
    "incomeTaxExpense": 741471,
    "netIncome": -11168820,
    "netIncomeRatio": -23.3131556865,
    "eps": -0.1,
    "epsdiluted": -0.1,
    "weightedAverageShsOut": 108320460,
    "weightedAverageShsOutDil": 108320460,
    "link": "https://www.sec.gov/Archives/edgar/data/1093557/000110465906048118/0001104659-06-048118-index.htm",
    "finalLink": "https://www.sec.gov/Archives/edgar/data/1093557/000110465906048118/a06-14671_110q.htm"
  },
  {
    "date": "2006-03-31",
    "symbol": "DXCM",
    "reportedCurrency": "USD",
    "cik": "0001093557",
    "fillingDate": "2006-05-15",
    "acceptedDate": "2006-05-15 16:09:01",
    "calendarYear": "2006",
    "period": "Q1",
    "revenue": 14775,
    "costOfRevenue": 2081220,
    "grossProfit": -2066445,
    "grossProfitRatio": -139.8609137056,
    "researchAndDevelopmentExpenses": 5494085,
    "generalAndAdministrativeExpenses": 0,
    "sellingAndMarketingExpenses": 0,
    "sellingGeneralAndAdministrativeExpenses": 3841440,
    "otherExpenses": 0,
    "operatingExpenses": 9335525,
    "costAndExpenses": 11416745,
    "interestIncome": 0,
    "interestExpense": 0,
    "depreciationAndAmortization": 1768471,
    "ebitda": -9633499,
    "ebitdaratio": -652.0134686971,
    "operatingIncome": -11401970,
    "operatingIncomeRatio": -771.7069373942,
    "totalOtherIncomeExpensesNet": 482914000,
    "incomeBeforeTax": -10919057000,
    "incomeBeforeTaxRatio": -739022.4703891709,
    "incomeTaxExpense": 482431087,
    "netIncome": -10919057,
    "netIncomeRatio": -739.0224703892,
    "eps": -0.11,
    "epsdiluted": -0.11,
    "weightedAverageShsOut": 102226412,
    "weightedAverageShsOutDil": 102226412,
    "link": "https://www.sec.gov/Archives/edgar/data/1093557/000110465906035021/0001104659-06-035021-index.htm",
    "finalLink": "https://www.sec.gov/Archives/edgar/data/1093557/000110465906035021/a06-9580_110q.htm"
  },
  {
    "date": "2005-12-31",
    "symbol": "DXCM",
    "reportedCurrency": "USD",
    "cik": "0001093557",
    "fillingDate": "2006-02-27",
    "acceptedDate": "2006-02-27 16:04:27",
    "calendarYear": "2005",
    "period": "Q4",
    "revenue": 0,
    "costOfRevenue": 0,
    "grossProfit": 0,
    "grossProfitRatio": 0,
    "researchAndDevelopmentExpenses": 10945876,
    "generalAndAdministrativeExpenses": 0,
    "sellingAndMarketingExpenses": 0,
    "sellingGeneralAndAdministrativeExpenses": 1658647,
    "otherExpenses": 0,
    "operatingExpenses": 12604523,
    "costAndExpenses": 12604523,
    "interestIncome": 0,
    "interestExpense": 0,
    "depreciationAndAmortization": 399639,
    "ebitda": -12204884,
    "ebitdaratio": 0,
    "operatingIncome": -12604523,
    "operatingIncomeRatio": 0,
    "totalOtherIncomeExpensesNet": 12604523,
    "incomeBeforeTax": -30767430000,
    "incomeBeforeTaxRatio": 0,
    "incomeTaxExpense": -18699804,
    "netIncome": -12067626,
    "netIncomeRatio": 0,
    "eps": -0.16,
    "epsdiluted": -0.16,
    "weightedAverageShsOut": 75776832,
    "weightedAverageShsOutDil": 75776832,
    "link": "https://www.sec.gov/Archives/edgar/data/1093557/000110465906012220/0001104659-06-012220-index.htm",
    "finalLink": "https://www.sec.gov/Archives/edgar/data/1093557/000110465906012220/a06-5268_210k.htm"
  },
  {
    "date": "2005-09-30",
    "symbol": "DXCM",
    "reportedCurrency": "USD",
    "cik": "0001093557",
    "fillingDate": "2005-11-01",
    "acceptedDate": "2005-11-01 16:10:23",
    "calendarYear": "2005",
    "period": "Q3",
    "revenue": 0,
    "costOfRevenue": 0,
    "grossProfit": 0,
    "grossProfitRatio": 0,
    "researchAndDevelopmentExpenses": 5042993,
    "generalAndAdministrativeExpenses": 0,
    "sellingAndMarketingExpenses": 0,
    "sellingGeneralAndAdministrativeExpenses": 1818060,
    "otherExpenses": 0,
    "operatingExpenses": 6861053,
    "costAndExpenses": 6861053,
    "interestIncome": 0,
    "interestExpense": 0,
    "depreciationAndAmortization": -673949,
    "ebitda": -6861053,
    "ebitdaratio": 0,
    "operatingIncome": -6861053,
    "operatingIncomeRatio": 0,
    "totalOtherIncomeExpensesNet": 531432,
    "incomeBeforeTax": -6329621,
    "incomeBeforeTaxRatio": 0,
    "incomeTaxExpense": 0,
    "netIncome": -6329621,
    "netIncomeRatio": 0,
    "eps": -0.0624,
    "epsdiluted": -0.0624,
    "weightedAverageShsOut": 101417728,
    "weightedAverageShsOutDil": 101417728,
    "link": "https://www.sec.gov/Archives/edgar/data/1093557/000110465905051537/0001104659-05-051537-index.htm",
    "finalLink": "https://www.sec.gov/Archives/edgar/data/1093557/000110465905051537/a05-18318_110q.htm"
  },
  {
    "date": "2005-06-30",
    "symbol": "DXCM",
    "reportedCurrency": "USD",
    "cik": "0001093557",
    "fillingDate": "2005-08-02",
    "acceptedDate": "2005-08-02 16:04:37",
    "calendarYear": "2005",
    "period": "Q2",
    "revenue": 0,
    "costOfRevenue": 0,
    "grossProfit": 0,
    "grossProfitRatio": 0,
    "researchAndDevelopmentExpenses": 4978718,
    "generalAndAdministrativeExpenses": 0,
    "sellingAndMarketingExpenses": 0,
    "sellingGeneralAndAdministrativeExpenses": 1863508,
    "otherExpenses": 0,
    "operatingExpenses": 6842226,
    "costAndExpenses": 6842226,
    "interestIncome": 0,
    "interestExpense": 0,
    "depreciationAndAmortization": 610588,
    "ebitda": -6231638,
    "ebitdaratio": 0,
    "operatingIncome": -6842226,
    "operatingIncomeRatio": 0,
    "totalOtherIncomeExpensesNet": 442736,
    "incomeBeforeTax": -6399490,
    "incomeBeforeTaxRatio": 0,
    "incomeTaxExpense": -15242,
    "netIncome": -6384248,
    "netIncomeRatio": 0,
    "eps": -0.0721,
    "epsdiluted": -0.0721,
    "weightedAverageShsOut": 88560596,
    "weightedAverageShsOutDil": 88560596,
    "link": "https://www.sec.gov/Archives/edgar/data/1093557/000110465905035678/0001104659-05-035678-index.htm",
    "finalLink": "https://www.sec.gov/Archives/edgar/data/1093557/000110465905035678/a05-13052_110q.htm"
  },
  {
    "date": "2005-03-31",
    "symbol": "DXCM",
    "reportedCurrency": "USD",
    "cik": "0001093557",
    "fillingDate": "2005-05-04",
    "acceptedDate": "2005-05-04 06:01:03",
    "calendarYear": "2005",
    "period": "Q1",
    "revenue": 0,
    "costOfRevenue": 0,
    "grossProfit": 0,
    "grossProfitRatio": 0,
    "researchAndDevelopmentExpenses": 5435077,
    "generalAndAdministrativeExpenses": 0,
    "sellingAndMarketingExpenses": 0,
    "sellingGeneralAndAdministrativeExpenses": 686595,
    "otherExpenses": 0,
    "operatingExpenses": 6121672,
    "costAndExpenses": 6121672,
    "interestIncome": 0,
    "interestExpense": 0,
    "depreciationAndAmortization": 728729,
    "ebitda": -5392943,
    "ebitdaratio": 0,
    "operatingIncome": -6121672,
    "operatingIncomeRatio": 0,
    "totalOtherIncomeExpensesNet": 28747,
    "incomeBeforeTax": -6092925,
    "incomeBeforeTaxRatio": 0,
    "incomeTaxExpense": -106990,
    "netIncome": -5985935,
    "netIncomeRatio": 0,
    "eps": -0.58,
    "epsdiluted": -0.58,
    "weightedAverageShsOut": 10310576,
    "weightedAverageShsOutDil": 10310576,
    "link": "https://www.sec.gov/Archives/edgar/data/1093557/000110465905020107/0001104659-05-020107-index.htm",
    "finalLink": "https://www.sec.gov/Archives/edgar/data/1093557/000110465905020107/a05-8566_110q.htm"
  }
]