[
  {
    "date": "2025-06-30",
    "symbol": "EA",
    "reportedCurrency": "USD",
    "cik": "0000712515",
    "fillingDate": "2025-08-01",
    "acceptedDate": "2025-08-01 16:08:06",
    "calendarYear": "2026",
    "period": "Q1",
    "revenue": 1671000000,
    "costOfRevenue": 279000000,
    "grossProfit": 1392000000,
    "grossProfitRatio": 0.8330341113,
    "researchAndDevelopmentExpenses": 706000000,
    "generalAndAdministrativeExpenses": 184000000,
    "sellingAndMarketingExpenses": 214000000,
    "sellingGeneralAndAdministrativeExpenses": 398000000,
    "otherExpenses": 17000000,
    "operatingExpenses": 1121000000,
    "costAndExpenses": 1400000000,
    "interestIncome": 0,
    "interestExpense": 2000000,
    "depreciationAndAmortization": 79000000,
    "ebitda": 350000000,
    "ebitdaratio": 0.2094554159,
    "operatingIncome": 271000000,
    "operatingIncomeRatio": 0.1621783363,
    "totalOtherIncomeExpensesNet": 2000000,
    "incomeBeforeTax": 273000000,
    "incomeBeforeTaxRatio": 0.1633752244,
    "incomeTaxExpense": 72000000,
    "netIncome": 201000000,
    "netIncomeRatio": 0.1202872531,
    "eps": 0.8,
    "epsdiluted": 0.79,
    "weightedAverageShsOut": 251000000,
    "weightedAverageShsOutDil": 254000000,
    "link": "https://www.sec.gov/Archives/edgar/data/712515/000071251525000030/0000712515-25-000030-index.htm",
    "finalLink": "https://www.sec.gov/Archives/edgar/data/712515/000071251525000030/ea-20250630.htm"
  },
  {
    "date": "2025-03-31",
    "symbol": "EA",
    "reportedCurrency": "USD",
    "cik": "0000712515",
    "fillingDate": "2025-05-13",
    "acceptedDate": "2025-05-13 16:05:21",
    "calendarYear": "2025",
    "period": "Q4",
    "revenue": 1895000000,
    "costOfRevenue": 368000000,
    "grossProfit": 1527000000,
    "grossProfitRatio": 0.8058047493,
    "researchAndDevelopmentExpenses": 686000000,
    "generalAndAdministrativeExpenses": 192000000,
    "sellingAndMarketingExpenses": 234000000,
    "sellingGeneralAndAdministrativeExpenses": 426000000,
    "otherExpenses": 20000000,
    "operatingExpenses": 1132000000,
    "costAndExpenses": 1500000000,
    "interestIncome": 8000000,
    "interestExpense": 14000000,
    "depreciationAndAmortization": 79000000,
    "ebitda": 501000000,
    "ebitdaratio": 0.2643799472,
    "operatingIncome": 395000000,
    "operatingIncomeRatio": 0.2084432718,
    "totalOtherIncomeExpensesNet": 12000000,
    "incomeBeforeTax": 407000000,
    "incomeBeforeTaxRatio": 0.2147757256,
    "incomeTaxExpense": 153000000,
    "netIncome": 254000000,
    "netIncomeRatio": 0.1340369393,
    "eps": 0.97,
    "epsdiluted": 0.96,
    "weightedAverageShsOut": 262000000,
    "weightedAverageShsOutDil": 265000000,
    "link": "https://www.sec.gov/Archives/edgar/data/712515/000071251525000022/0000712515-25-000022-index.htm",
    "finalLink": "https://www.sec.gov/Archives/edgar/data/712515/000071251525000022/ea-20250331.htm"
  },
  {
    "date": "2024-12-31",
    "symbol": "EA",
    "reportedCurrency": "USD",
    "cik": "0000712515",
    "fillingDate": "2025-02-05",
    "acceptedDate": "2025-02-05 16:22:02",
    "calendarYear": "2025",
    "period": "Q3",
    "revenue": 1883000000,
    "costOfRevenue": 456000000,
    "grossProfit": 1427000000,
    "grossProfitRatio": 0.7578332448,
    "researchAndDevelopmentExpenses": 606000000,
    "generalAndAdministrativeExpenses": 176000000,
    "sellingAndMarketingExpenses": 251000000,
    "sellingGeneralAndAdministrativeExpenses": 427000000,
    "otherExpenses": 17000000,
    "operatingExpenses": 1050000000,
    "costAndExpenses": 1506000000,
    "interestIncome": 43000000,
    "interestExpense": 15000000,
    "depreciationAndAmortization": 75000000,
    "ebitda": 495000000,
    "ebitdaratio": 0.2628783856,
    "operatingIncome": 377000000,
    "operatingIncomeRatio": 0.200212427,
    "totalOtherIncomeExpensesNet": 28000000,
    "incomeBeforeTax": 405000000,
    "incomeBeforeTaxRatio": 0.2150823155,
    "incomeTaxExpense": 112000000,
    "netIncome": 293000000,
    "netIncomeRatio": 0.1556027616,
    "eps": 1.12,
    "epsdiluted": 1.11,
    "weightedAverageShsOut": 262000000,
    "weightedAverageShsOutDil": 265000000,
    "link": "https://www.sec.gov/Archives/edgar/data/712515/000071251525000015/0000712515-25-000015-index.htm",
    "finalLink": "https://www.sec.gov/Archives/edgar/data/712515/000071251525000015/ea-20241231.htm"
  },
  {
    "date": "2024-09-30",
    "symbol": "EA",
    "reportedCurrency": "USD",
    "cik": "0000712515",
    "fillingDate": "2024-11-01",
    "acceptedDate": "2024-11-01 16:07:26",
    "calendarYear": "2025",
    "period": "Q2",
    "revenue": 2025000000,
    "costOfRevenue": 456000000,
    "grossProfit": 1569000000,
    "grossProfitRatio": 0.7748148148,
    "researchAndDevelopmentExpenses": 648000000,
    "generalAndAdministrativeExpenses": 197000000,
    "sellingAndMarketingExpenses": 272000000,
    "sellingGeneralAndAdministrativeExpenses": 469000000,
    "otherExpenses": 68000000,
    "operatingExpenses": 1185000000,
    "costAndExpenses": 1641000000,
    "interestIncome": 0,
    "interestExpense": 14000000,
    "depreciationAndAmortization": 122000000,
    "ebitda": 535000000,
    "ebitdaratio": 0.2641975309,
    "operatingIncome": 384000000,
    "operatingIncomeRatio": 0.1896296296,
    "totalOtherIncomeExpensesNet": 15000000,
    "incomeBeforeTax": 399000000,
    "incomeBeforeTaxRatio": 0.197037037,
    "incomeTaxExpense": 105000000,
    "netIncome": 294000000,
    "netIncomeRatio": 0.1451851852,
    "eps": 1.11,
    "epsdiluted": 1.11,
    "weightedAverageShsOut": 264000000,
    "weightedAverageShsOutDil": 266000000,
    "link": "https://www.sec.gov/Archives/edgar/data/712515/000071251524000048/0000712515-24-000048-index.htm",
    "finalLink": "https://www.sec.gov/Archives/edgar/data/712515/000071251524000048/ea-20240930.htm"
  },
  {
    "date": "2024-06-30",
    "symbol": "EA",
    "reportedCurrency": "USD",
    "cik": "0000712515",
    "fillingDate": "2024-08-02",
    "acceptedDate": "2024-08-02 17:28:04",
    "calendarYear": "2025",
    "period": "Q1",
    "revenue": 1660000000,
    "costOfRevenue": 263000000,
    "grossProfit": 1397000000,
    "grossProfitRatio": 0.8415662651,
    "researchAndDevelopmentExpenses": 629000000,
    "generalAndAdministrativeExpenses": 180000000,
    "sellingAndMarketingExpenses": 205000000,
    "sellingGeneralAndAdministrativeExpenses": 385000000,
    "otherExpenses": 19000000,
    "operatingExpenses": 1033000000,
    "costAndExpenses": 1296000000,
    "interestIncome": 0,
    "interestExpense": 30000000,
    "depreciationAndAmortization": 80000000,
    "ebitda": 446000000,
    "ebitdaratio": 0.2686746988,
    "operatingIncome": 364000000,
    "operatingIncomeRatio": 0.2192771084,
    "totalOtherIncomeExpensesNet": 30000000,
    "incomeBeforeTax": 394000000,
    "incomeBeforeTaxRatio": 0.2373493976,
    "incomeTaxExpense": 114000000,
    "netIncome": 280000000,
    "netIncomeRatio": 0.1686746988,
    "eps": 1.05,
    "epsdiluted": 1.04,
    "weightedAverageShsOut": 266000000,
    "weightedAverageShsOutDil": 268000000,
    "link": "https://www.sec.gov/Archives/edgar/data/712515/000071251524000039/0000712515-24-000039-index.htm",
    "finalLink": "https://www.sec.gov/Archives/edgar/data/712515/000071251524000039/ea-20240630.htm"
  },
  {
    "date": "2024-03-31",
    "symbol": "EA",
    "reportedCurrency": "USD",
    "cik": "0000712515",
    "fillingDate": "2024-05-22",
    "acceptedDate": "2024-05-22 16:12:19",
    "calendarYear": "2024",
    "period": "Q4",
    "revenue": 1779000000,
    "costOfRevenue": 357000000,
    "grossProfit": 1422000000,
    "grossProfitRatio": 0.7993254637,
    "researchAndDevelopmentExpenses": 638000000,
    "generalAndAdministrativeExpenses": 185000000,
    "sellingAndMarketingExpenses": 234000000,
    "sellingGeneralAndAdministrativeExpenses": 419000000,
    "otherExpenses": 131000000,
    "operatingExpenses": 1188000000,
    "costAndExpenses": 1545000000,
    "interestIncome": 37000000,
    "interestExpense": 26000000,
    "depreciationAndAmortization": 149000000,
    "ebitda": 424000000,
    "ebitdaratio": 0.2383361439,
    "operatingIncome": 234000000,
    "operatingIncomeRatio": 0.13153457,
    "totalOtherIncomeExpensesNet": 26000000,
    "incomeBeforeTax": 260000000,
    "incomeBeforeTaxRatio": 0.1461495222,
    "incomeTaxExpense": 78000000,
    "netIncome": 182000000,
    "netIncomeRatio": 0.1023046655,
    "eps": 0.68,
    "epsdiluted": 0.67,
    "weightedAverageShsOut": 267000000,
    "weightedAverageShsOutDil": 270000000,
    "link": "https://www.sec.gov/Archives/edgar/data/712515/000071251524000023/0000712515-24-000023-index.htm",
    "finalLink": "https://www.sec.gov/Archives/edgar/data/712515/000071251524000023/ea-20240331.htm"
  },
  {
    "date": "2023-12-31",
    "symbol": "EA",
    "reportedCurrency": "USD",
    "cik": "0000712515",
    "fillingDate": "2024-02-06",
    "acceptedDate": "2024-02-06 16:14:15",
    "calendarYear": "2024",
    "period": "Q3",
    "revenue": 1945000000,
    "costOfRevenue": 529000000,
    "grossProfit": 1416000000,
    "grossProfitRatio": 0.7280205656,
    "researchAndDevelopmentExpenses": 584000000,
    "generalAndAdministrativeExpenses": 170000000,
    "sellingAndMarketingExpenses": 276000000,
    "sellingGeneralAndAdministrativeExpenses": 446000000,
    "otherExpenses": 21000000,
    "operatingExpenses": 1051000000,
    "costAndExpenses": 1580000000,
    "interestIncome": 32000000,
    "interestExpense": 15000000,
    "depreciationAndAmortization": 82000000,
    "ebitda": 479000000,
    "ebitdaratio": 0.2462724936,
    "operatingIncome": 365000000,
    "operatingIncomeRatio": 0.1876606684,
    "totalOtherIncomeExpensesNet": 17000000,
    "incomeBeforeTax": 382000000,
    "incomeBeforeTaxRatio": 0.1964010283,
    "incomeTaxExpense": 92000000,
    "netIncome": 290000000,
    "netIncomeRatio": 0.1491002571,
    "eps": 1.08,
    "epsdiluted": 1.07,
    "weightedAverageShsOut": 269000000,
    "weightedAverageShsOutDil": 271000000,
    "link": "https://www.sec.gov/Archives/edgar/data/712515/000071251524000007/0000712515-24-000007-index.htm",
    "finalLink": "https://www.sec.gov/Archives/edgar/data/712515/000071251524000007/ea-20231231.htm"
  },
  {
    "date": "2023-09-30",
    "symbol": "EA",
    "reportedCurrency": "USD",
    "cik": "0000712515",
    "fillingDate": "2023-11-07",
    "acceptedDate": "2023-11-07 16:13:44",
    "calendarYear": "2024",
    "period": "Q2",
    "revenue": 1914000000,
    "costOfRevenue": 456000000,
    "grossProfit": 1458000000,
    "grossProfitRatio": 0.7617554859,
    "researchAndDevelopmentExpenses": 602000000,
    "generalAndAdministrativeExpenses": 173000000,
    "sellingAndMarketingExpenses": 280000000,
    "sellingGeneralAndAdministrativeExpenses": 453000000,
    "otherExpenses": 26000000,
    "operatingExpenses": 1081000000,
    "costAndExpenses": 1537000000,
    "interestIncome": 0,
    "interestExpense": 14000000,
    "depreciationAndAmortization": 85000000,
    "ebitda": 490000000,
    "ebitdaratio": 0.2560083595,
    "operatingIncome": 377000000,
    "operatingIncomeRatio": 0.196969697,
    "totalOtherIncomeExpensesNet": 14000000,
    "incomeBeforeTax": 391000000,
    "incomeBeforeTaxRatio": 0.2042842215,
    "incomeTaxExpense": -8000000,
    "netIncome": 399000000,
    "netIncomeRatio": 0.2084639498,
    "eps": 1.47,
    "epsdiluted": 1.47,
    "weightedAverageShsOut": 271000000,
    "weightedAverageShsOutDil": 272000000,
    "link": "https://www.sec.gov/Archives/edgar/data/712515/000071251523000048/0000712515-23-000048-index.htm",
    "finalLink": "https://www.sec.gov/Archives/edgar/data/712515/000071251523000048/ea-20230930.htm"
  },
  {
    "date": "2023-06-30",
    "symbol": "EA",
    "reportedCurrency": "USD",
    "cik": "0000712515",
    "fillingDate": "2023-08-08",
    "acceptedDate": "2023-08-08 16:08:56",
    "calendarYear": "2024",
    "period": "Q1",
    "revenue": 1924000000,
    "costOfRevenue": 368000000,
    "grossProfit": 1556000000,
    "grossProfitRatio": 0.8087318087,
    "researchAndDevelopmentExpenses": 596000000,
    "generalAndAdministrativeExpenses": 163000000,
    "sellingAndMarketingExpenses": 229000000,
    "sellingGeneralAndAdministrativeExpenses": 392000000,
    "otherExpenses": 26000000,
    "operatingExpenses": 1014000000,
    "costAndExpenses": 1382000000,
    "interestIncome": 15000000,
    "interestExpense": 14000000,
    "depreciationAndAmortization": 88000000,
    "ebitda": 631000000,
    "ebitdaratio": 0.327962578,
    "operatingIncome": 542000000,
    "operatingIncomeRatio": 0.2817047817,
    "totalOtherIncomeExpensesNet": 14000000,
    "incomeBeforeTax": 556000000,
    "incomeBeforeTaxRatio": 0.288981289,
    "incomeTaxExpense": 154000000,
    "netIncome": 402000000,
    "netIncomeRatio": 0.2089397089,
    "eps": 1.48,
    "epsdiluted": 1.47,
    "weightedAverageShsOut": 272000000,
    "weightedAverageShsOutDil": 274000000,
    "link": "https://www.sec.gov/Archives/edgar/data/712515/000071251523000037/0000712515-23-000037-index.htm",
    "finalLink": "https://www.sec.gov/Archives/edgar/data/712515/000071251523000037/ea-20230630.htm"
  },
  {
    "date": "2023-03-31",
    "symbol": "EA",
    "reportedCurrency": "USD",
    "cik": "0000712515",
    "fillingDate": "2023-05-24",
    "acceptedDate": "2023-05-24 16:19:51",
    "calendarYear": "2023",
    "period": "Q4",
    "revenue": 1874000000,
    "costOfRevenue": 448000000,
    "grossProfit": 1426000000,
    "grossProfitRatio": 0.7609391676,
    "researchAndDevelopmentExpenses": 635000000,
    "generalAndAdministrativeExpenses": 224000000,
    "sellingAndMarketingExpenses": 255000000,
    "sellingGeneralAndAdministrativeExpenses": 479000000,
    "otherExpenses": 137000000,
    "operatingExpenses": 1251000000,
    "costAndExpenses": 1699000000,
    "interestIncome": 35000000,
    "interestExpense": 6000000,
    "depreciationAndAmortization": 173000000,
    "ebitda": 371000000,
    "ebitdaratio": 0.1979722519,
    "operatingIncome": 175000000,
    "operatingIncomeRatio": 0.0933831377,
    "totalOtherIncomeExpensesNet": 6000000,
    "incomeBeforeTax": 181000000,
    "incomeBeforeTaxRatio": 0.0965848453,
    "incomeTaxExpense": 193000000,
    "netIncome": -12000000,
    "netIncomeRatio": -0.0064034152,
    "eps": -0.0438,
    "epsdiluted": -0.0438,
    "weightedAverageShsOut": 274000000,
    "weightedAverageShsOutDil": 274000000,
    "link": "https://www.sec.gov/Archives/edgar/data/712515/000071251523000028/0000712515-23-000028-index.htm",
    "finalLink": "https://www.sec.gov/Archives/edgar/data/712515/000071251523000028/ea-20230331.htm"
  },
  {
    "date": "2022-12-31",
    "symbol": "EA",
    "reportedCurrency": "USD",
    "cik": "0000712515",
    "fillingDate": "2023-02-07",
    "acceptedDate": "2023-02-07 16:06:17",
    "calendarYear": "2023",
    "period": "Q3",
    "revenue": 1881000000,
    "costOfRevenue": 568000000,
    "grossProfit": 1313000000,
    "grossProfitRatio": 0.6980329612,
    "researchAndDevelopmentExpenses": 556000000,
    "generalAndAdministrativeExpenses": 162000000,
    "sellingAndMarketingExpenses": 256000000,
    "sellingGeneralAndAdministrativeExpenses": 418000000,
    "otherExpenses": 50000000,
    "operatingExpenses": 1024000000,
    "costAndExpenses": 1592000000,
    "interestIncome": 7000000,
    "interestExpense": 7000000,
    "depreciationAndAmortization": 122000000,
    "ebitda": 417000000,
    "ebitdaratio": 0.2216905901,
    "operatingIncome": 289000000,
    "operatingIncomeRatio": 0.15364168,
    "totalOtherIncomeExpensesNet": -7000000,
    "incomeBeforeTax": 282000000,
    "incomeBeforeTaxRatio": 0.1499202552,
    "incomeTaxExpense": 78000000,
    "netIncome": 204000000,
    "netIncomeRatio": 0.1084529506,
    "eps": 0.74,
    "epsdiluted": 0.73,
    "weightedAverageShsOut": 276000000,
    "weightedAverageShsOutDil": 278000000,
    "link": "https://www.sec.gov/Archives/edgar/data/712515/000071251523000008/0000712515-23-000008-index.htm",
    "finalLink": "https://www.sec.gov/Archives/edgar/data/712515/000071251523000008/ea-20221231.htm"
  },
  {
    "date": "2022-09-30",
    "symbol": "EA",
    "reportedCurrency": "USD",
    "cik": "0000712515",
    "fillingDate": "2022-11-08",
    "acceptedDate": "2022-11-08 16:07:11",
    "calendarYear": "2023",
    "period": "Q2",
    "revenue": 1904000000,
    "costOfRevenue": 462000000,
    "grossProfit": 1442000000,
    "grossProfitRatio": 0.7573529412,
    "researchAndDevelopmentExpenses": 565000000,
    "generalAndAdministrativeExpenses": 174000000,
    "sellingAndMarketingExpenses": 233000000,
    "sellingGeneralAndAdministrativeExpenses": 407000000,
    "otherExpenses": 43000000,
    "operatingExpenses": 1015000000,
    "costAndExpenses": 1477000000,
    "interestIncome": 14000000,
    "interestExpense": 14000000,
    "depreciationAndAmortization": 127000000,
    "ebitda": 568000000,
    "ebitdaratio": 0.2983193277,
    "operatingIncome": 427000000,
    "operatingIncomeRatio": 0.2242647059,
    "totalOtherIncomeExpensesNet": 0,
    "incomeBeforeTax": 427000000,
    "incomeBeforeTaxRatio": 0.2242647059,
    "incomeTaxExpense": 128000000,
    "netIncome": 299000000,
    "netIncomeRatio": 0.1570378151,
    "eps": 1.08,
    "epsdiluted": 1.07,
    "weightedAverageShsOut": 278000000,
    "weightedAverageShsOutDil": 279000000,
    "link": "https://www.sec.gov/Archives/edgar/data/712515/000071251522000068/0000712515-22-000068-index.htm",
    "finalLink": "https://www.sec.gov/Archives/edgar/data/712515/000071251522000068/ea-20220930.htm"
  },
  {
    "date": "2022-06-30",
    "symbol": "EA",
    "reportedCurrency": "USD",
    "cik": "0000712515",
    "fillingDate": "2022-08-09",
    "acceptedDate": "2022-08-09 16:14:26",
    "calendarYear": "2023",
    "period": "Q1",
    "revenue": 1767000000,
    "costOfRevenue": 314000000,
    "grossProfit": 1453000000,
    "grossProfitRatio": 0.8222976797,
    "researchAndDevelopmentExpenses": 572000000,
    "generalAndAdministrativeExpenses": 167000000,
    "sellingAndMarketingExpenses": 234000000,
    "sellingGeneralAndAdministrativeExpenses": 401000000,
    "otherExpenses": 39000000,
    "operatingExpenses": 1012000000,
    "costAndExpenses": 1326000000,
    "interestIncome": 0,
    "interestExpense": 5000000,
    "depreciationAndAmortization": 114000000,
    "ebitda": 555000000,
    "ebitdaratio": 0.3140916808,
    "operatingIncome": 441000000,
    "operatingIncomeRatio": 0.2495755518,
    "totalOtherIncomeExpensesNet": -5000000,
    "incomeBeforeTax": 436000000,
    "incomeBeforeTaxRatio": 0.246745897,
    "incomeTaxExpense": 125000000,
    "netIncome": 311000000,
    "netIncomeRatio": 0.1760045274,
    "eps": 1.11,
    "epsdiluted": 1.11,
    "weightedAverageShsOut": 279000000,
    "weightedAverageShsOutDil": 281000000,
    "link": "https://www.sec.gov/Archives/edgar/data/712515/000071251522000036/0000712515-22-000036-index.htm",
    "finalLink": "https://www.sec.gov/Archives/edgar/data/712515/000071251522000036/ea-20220630.htm"
  },
  {
    "date": "2022-03-31",
    "symbol": "EA",
    "reportedCurrency": "USD",
    "cik": "0000712515",
    "fillingDate": "2022-05-25",
    "acceptedDate": "2022-05-25 16:15:24",
    "calendarYear": "2022",
    "period": "Q4",
    "revenue": 1825000000,
    "costOfRevenue": 419000000,
    "grossProfit": 1406000000,
    "grossProfitRatio": 0.7704109589,
    "researchAndDevelopmentExpenses": 579000000,
    "generalAndAdministrativeExpenses": 165000000,
    "sellingAndMarketingExpenses": 245000000,
    "sellingGeneralAndAdministrativeExpenses": 410000000,
    "otherExpenses": 52000000,
    "operatingExpenses": 1041000000,
    "costAndExpenses": 1460000000,
    "interestIncome": 4000000,
    "interestExpense": 17000000,
    "depreciationAndAmortization": 141000000,
    "ebitda": 514000000,
    "ebitdaratio": 0.2816438356,
    "operatingIncome": 365000000,
    "operatingIncomeRatio": 0.2,
    "totalOtherIncomeExpensesNet": -9000000,
    "incomeBeforeTax": 356000000,
    "incomeBeforeTaxRatio": 0.1950684932,
    "incomeTaxExpense": 131000000,
    "netIncome": 225000000,
    "netIncomeRatio": 0.1232876712,
    "eps": 0.8,
    "epsdiluted": 0.8,
    "weightedAverageShsOut": 281000000,
    "weightedAverageShsOutDil": 283000000,
    "link": "https://www.sec.gov/Archives/edgar/data/712515/000071251522000011/0000712515-22-000011-index.htm",
    "finalLink": "https://www.sec.gov/Archives/edgar/data/712515/000071251522000011/ea-20220331.htm"
  },
  {
    "date": "2021-12-31",
    "symbol": "EA",
    "reportedCurrency": "USD",
    "cik": "0000712515",
    "fillingDate": "2022-02-08",
    "acceptedDate": "2022-02-08 16:06:54",
    "calendarYear": "2022",
    "period": "Q3",
    "revenue": 1789000000,
    "costOfRevenue": 631000000,
    "grossProfit": 1158000000,
    "grossProfitRatio": 0.6472889883,
    "researchAndDevelopmentExpenses": 539000000,
    "generalAndAdministrativeExpenses": 163000000,
    "sellingAndMarketingExpenses": 293000000,
    "sellingGeneralAndAdministrativeExpenses": 456000000,
    "otherExpenses": 61000000,
    "operatingExpenses": 1056000000,
    "costAndExpenses": 1687000000,
    "interestIncome": 0,
    "interestExpense": 13000000,
    "depreciationAndAmortization": 146000000,
    "ebitda": 250000000,
    "ebitdaratio": 0.1397428731,
    "operatingIncome": 102000000,
    "operatingIncomeRatio": 0.0570150922,
    "totalOtherIncomeExpensesNet": -11000000,
    "incomeBeforeTax": 91000000,
    "incomeBeforeTaxRatio": 0.0508664058,
    "incomeTaxExpense": 25000000,
    "netIncome": 66000000,
    "netIncomeRatio": 0.0368921185,
    "eps": 0.23,
    "epsdiluted": 0.23,
    "weightedAverageShsOut": 283000000,
    "weightedAverageShsOutDil": 285000000,
    "link": "https://www.sec.gov/Archives/edgar/data/712515/000071251522000003/0000712515-22-000003-index.htm",
    "finalLink": "https://www.sec.gov/Archives/edgar/data/712515/000071251522000003/ea-20211231.htm"
  },
  {
    "date": "2021-09-30",
    "symbol": "EA",
    "reportedCurrency": "USD",
    "cik": "0000712515",
    "fillingDate": "2021-11-09",
    "acceptedDate": "2021-11-09 16:11:14",
    "calendarYear": "2022",
    "period": "Q2",
    "revenue": 1826000000,
    "costOfRevenue": 494000000,
    "grossProfit": 1332000000,
    "grossProfitRatio": 0.7294633078,
    "researchAndDevelopmentExpenses": 553000000,
    "generalAndAdministrativeExpenses": 176000000,
    "sellingAndMarketingExpenses": 233000000,
    "sellingGeneralAndAdministrativeExpenses": 409000000,
    "otherExpenses": 30000000,
    "operatingExpenses": 992000000,
    "costAndExpenses": 1486000000,
    "interestIncome": 0,
    "interestExpense": 14000000,
    "depreciationAndAmortization": 94000000,
    "ebitda": 434000000,
    "ebitdaratio": 0.2376779847,
    "operatingIncome": 340000000,
    "operatingIncomeRatio": 0.1861993428,
    "totalOtherIncomeExpensesNet": -14000000,
    "incomeBeforeTax": 326000000,
    "incomeBeforeTaxRatio": 0.1785323111,
    "incomeTaxExpense": 32000000,
    "netIncome": 294000000,
    "netIncomeRatio": 0.161007667,
    "eps": 1.03,
    "epsdiluted": 1.02,
    "weightedAverageShsOut": 285000000,
    "weightedAverageShsOutDil": 287000000,
    "link": "https://www.sec.gov/Archives/edgar/data/712515/000071251521000148/0000712515-21-000148-index.htm",
    "finalLink": "https://www.sec.gov/Archives/edgar/data/712515/000071251521000148/ea-20210930.htm"
  },
  {
    "date": "2021-06-30",
    "symbol": "EA",
    "reportedCurrency": "USD",
    "cik": "0000712515",
    "fillingDate": "2021-08-10",
    "acceptedDate": "2021-08-10 16:08:36",
    "calendarYear": "2022",
    "period": "Q1",
    "revenue": 1551000000,
    "costOfRevenue": 315000000,
    "grossProfit": 1236000000,
    "grossProfitRatio": 0.7969052224,
    "researchAndDevelopmentExpenses": 515000000,
    "generalAndAdministrativeExpenses": 169000000,
    "sellingAndMarketingExpenses": 190000000,
    "sellingGeneralAndAdministrativeExpenses": 359000000,
    "otherExpenses": 40000000,
    "operatingExpenses": 914000000,
    "costAndExpenses": 1229000000,
    "interestIncome": 0,
    "interestExpense": 14000000,
    "depreciationAndAmortization": 105000000,
    "ebitda": 427000000,
    "ebitdaratio": 0.275306254,
    "operatingIncome": 322000000,
    "operatingIncomeRatio": 0.2076079948,
    "totalOtherIncomeExpensesNet": -14000000,
    "incomeBeforeTax": 308000000,
    "incomeBeforeTaxRatio": 0.1985815603,
    "incomeTaxExpense": 104000000,
    "netIncome": 204000000,
    "netIncomeRatio": 0.1315280464,
    "eps": 0.71,
    "epsdiluted": 0.71,
    "weightedAverageShsOut": 286000000,
    "weightedAverageShsOutDil": 289000000,
    "link": "https://www.sec.gov/Archives/edgar/data/712515/000071251521000118/0000712515-21-000118-index.htm",
    "finalLink": "https://www.sec.gov/Archives/edgar/data/712515/000071251521000118/ea-20210630.htm"
  },
  {
    "date": "2021-03-31",
    "symbol": "EA",
    "reportedCurrency": "USD",
    "cik": "0000712515",
    "fillingDate": "2021-05-26",
    "acceptedDate": "2021-05-26 16:16:45",
    "calendarYear": "2021",
    "period": "Q4",
    "revenue": 1346000000,
    "costOfRevenue": 319000000,
    "grossProfit": 1027000000,
    "grossProfitRatio": 0.7630014859,
    "researchAndDevelopmentExpenses": 468000000,
    "generalAndAdministrativeExpenses": 174000000,
    "sellingAndMarketingExpenses": 196000000,
    "sellingGeneralAndAdministrativeExpenses": 370000000,
    "otherExpenses": 14000000,
    "operatingExpenses": 852000000,
    "costAndExpenses": 1171000000,
    "interestIncome": 24000000,
    "interestExpense": 12000000,
    "depreciationAndAmortization": 58000000,
    "ebitda": 235000000,
    "ebitdaratio": 0.1745913819,
    "operatingIncome": 175000000,
    "operatingIncomeRatio": 0.1300148588,
    "totalOtherIncomeExpensesNet": -10000000,
    "incomeBeforeTax": 165000000,
    "incomeBeforeTaxRatio": 0.1225854383,
    "incomeTaxExpense": 89000000,
    "netIncome": 76000000,
    "netIncomeRatio": 0.0564635958,
    "eps": 0.26,
    "epsdiluted": 0.26,
    "weightedAverageShsOut": 288000000,
    "weightedAverageShsOutDil": 290000000,
    "link": "https://www.sec.gov/Archives/edgar/data/712515/000071251521000064/0000712515-21-000064-index.htm",
    "finalLink": "https://www.sec.gov/Archives/edgar/data/712515/000071251521000064/ea-20210331.htm"
  },
  {
    "date": "2020-12-31",
    "symbol": "EA",
    "reportedCurrency": "USD",
    "cik": "0000712515",
    "fillingDate": "2021-02-08",
    "acceptedDate": "2021-02-08 17:02:57",
    "calendarYear": "2021",
    "period": "Q3",
    "revenue": 1673000000,
    "costOfRevenue": 601000000,
    "grossProfit": 1072000000,
    "grossProfitRatio": 0.6407650926,
    "researchAndDevelopmentExpenses": 451000000,
    "generalAndAdministrativeExpenses": 149000000,
    "sellingAndMarketingExpenses": 216000000,
    "sellingGeneralAndAdministrativeExpenses": 365000000,
    "otherExpenses": 5000000,
    "operatingExpenses": 821000000,
    "costAndExpenses": 1422000000,
    "interestIncome": 0,
    "interestExpense": 10000000,
    "depreciationAndAmortization": 46000000,
    "ebitda": 301000000,
    "ebitdaratio": 0.179916318,
    "operatingIncome": 251000000,
    "operatingIncomeRatio": 0.1500298864,
    "totalOtherIncomeExpensesNet": -6000000,
    "incomeBeforeTax": 245000000,
    "incomeBeforeTaxRatio": 0.1464435146,
    "incomeTaxExpense": 34000000,
    "netIncome": 211000000,
    "netIncomeRatio": 0.1261207412,
    "eps": 0.73,
    "epsdiluted": 0.72,
    "weightedAverageShsOut": 290000000,
    "weightedAverageShsOutDil": 292000000,
    "link": "https://www.sec.gov/Archives/edgar/data/712515/000071251521000016/0000712515-21-000016-index.htm",
    "finalLink": "https://www.sec.gov/Archives/edgar/data/712515/000071251521000016/ea-20201231.htm"
  },
  {
    "date": "2020-09-30",
    "symbol": "EA",
    "reportedCurrency": "USD",
    "cik": "0000712515",
    "fillingDate": "2020-11-10",
    "acceptedDate": "2020-11-10 16:17:44",
    "calendarYear": "2021",
    "period": "Q2",
    "revenue": 1151000000,
    "costOfRevenue": 286000000,
    "grossProfit": 865000000,
    "grossProfitRatio": 0.751520417,
    "researchAndDevelopmentExpenses": 421000000,
    "generalAndAdministrativeExpenses": 133000000,
    "sellingAndMarketingExpenses": 156000000,
    "sellingGeneralAndAdministrativeExpenses": 289000000,
    "otherExpenses": 6000000,
    "operatingExpenses": 716000000,
    "costAndExpenses": 1002000000,
    "interestIncome": 0,
    "interestExpense": 11000000,
    "depreciationAndAmortization": 40000000,
    "ebitda": 190000000,
    "ebitdaratio": 0.1650738488,
    "operatingIncome": 149000000,
    "operatingIncomeRatio": 0.1294526499,
    "totalOtherIncomeExpensesNet": -10000000,
    "incomeBeforeTax": 139000000,
    "incomeBeforeTaxRatio": 0.1207645526,
    "incomeTaxExpense": -46000000,
    "netIncome": 185000000,
    "netIncomeRatio": 0.1607298002,
    "eps": 0.64,
    "epsdiluted": 0.63,
    "weightedAverageShsOut": 289000000,
    "weightedAverageShsOutDil": 293000000,
    "link": "https://www.sec.gov/Archives/edgar/data/712515/000071251520000075/0000712515-20-000075-index.htm",
    "finalLink": "https://www.sec.gov/Archives/edgar/data/712515/000071251520000075/ea-20200930.htm"
  },
  {
    "date": "2020-06-30",
    "symbol": "EA",
    "reportedCurrency": "USD",
    "cik": "0000712515",
    "fillingDate": "2020-08-07",
    "acceptedDate": "2020-08-07 18:02:51",
    "calendarYear": "2021",
    "period": "Q1",
    "revenue": 1459000000,
    "costOfRevenue": 288000000,
    "grossProfit": 1171000000,
    "grossProfitRatio": 0.8026045236,
    "researchAndDevelopmentExpenses": 438000000,
    "generalAndAdministrativeExpenses": 136000000,
    "sellingAndMarketingExpenses": 121000000,
    "sellingGeneralAndAdministrativeExpenses": 257000000,
    "otherExpenses": 5000000,
    "operatingExpenses": 700000000,
    "costAndExpenses": 988000000,
    "interestIncome": 0,
    "interestExpense": 10000000,
    "depreciationAndAmortization": 37000000,
    "ebitda": 515000000,
    "ebitdaratio": 0.3529814942,
    "operatingIncome": 471000000,
    "operatingIncomeRatio": 0.322823852,
    "totalOtherIncomeExpensesNet": -3000000,
    "incomeBeforeTax": 468000000,
    "incomeBeforeTaxRatio": 0.3207676491,
    "incomeTaxExpense": 103000000,
    "netIncome": 365000000,
    "netIncomeRatio": 0.2501713502,
    "eps": 1.27,
    "epsdiluted": 1.25,
    "weightedAverageShsOut": 288000000,
    "weightedAverageShsOutDil": 292000000,
    "link": "https://www.sec.gov/Archives/edgar/data/712515/000071251520000068/0000712515-20-000068-index.htm",
    "finalLink": "https://www.sec.gov/Archives/edgar/data/712515/000071251520000068/ea-20200630.htm"
  },
  {
    "date": "2020-03-31",
    "symbol": "EA",
    "reportedCurrency": "USD",
    "cik": "0000712515",
    "fillingDate": "2020-05-20",
    "acceptedDate": "2020-05-20 16:37:16",
    "calendarYear": "2020",
    "period": "Q4",
    "revenue": 1387000000,
    "costOfRevenue": 269000000,
    "grossProfit": 1118000000,
    "grossProfitRatio": 0.8060562365,
    "researchAndDevelopmentExpenses": 402000000,
    "generalAndAdministrativeExpenses": 142000000,
    "sellingAndMarketingExpenses": 167000000,
    "sellingGeneralAndAdministrativeExpenses": 309000000,
    "otherExpenses": 6000000,
    "operatingExpenses": 717000000,
    "costAndExpenses": 986000000,
    "interestIncome": 0,
    "interestExpense": 12000000,
    "depreciationAndAmortization": 39000000,
    "ebitda": 464000000,
    "ebitdaratio": 0.3345349676,
    "operatingIncome": 401000000,
    "operatingIncomeRatio": 0.2891131939,
    "totalOtherIncomeExpensesNet": 13000000,
    "incomeBeforeTax": 414000000,
    "incomeBeforeTaxRatio": 0.2984859409,
    "incomeTaxExpense": -4000000,
    "netIncome": 418000000,
    "netIncomeRatio": 0.301369863,
    "eps": 1.44,
    "epsdiluted": 1.43,
    "weightedAverageShsOut": 290000000,
    "weightedAverageShsOutDil": 292000000,
    "link": "https://www.sec.gov/Archives/edgar/data/712515/000071251520000019/0000712515-20-000019-index.htm",
    "finalLink": "https://www.sec.gov/Archives/edgar/data/712515/000071251520000019/ea-20200331.htm"
  },
  {
    "date": "2019-12-31",
    "symbol": "EA",
    "reportedCurrency": "USD",
    "cik": "0000712515",
    "fillingDate": "2020-02-04",
    "acceptedDate": "2020-02-04 16:18:59",
    "calendarYear": "2020",
    "period": "Q3",
    "revenue": 1593000000,
    "costOfRevenue": 508000000,
    "grossProfit": 1085000000,
    "grossProfitRatio": 0.6811048336,
    "researchAndDevelopmentExpenses": 389000000,
    "generalAndAdministrativeExpenses": 126000000,
    "sellingAndMarketingExpenses": 202000000,
    "sellingGeneralAndAdministrativeExpenses": 328000000,
    "otherExpenses": 7000000,
    "operatingExpenses": 724000000,
    "costAndExpenses": 1232000000,
    "interestIncome": 0,
    "interestExpense": 10000000,
    "depreciationAndAmortization": 39000000,
    "ebitda": 423000000,
    "ebitdaratio": 0.2655367232,
    "operatingIncome": 361000000,
    "operatingIncomeRatio": 0.226616447,
    "totalOtherIncomeExpensesNet": 13000000,
    "incomeBeforeTax": 374000000,
    "incomeBeforeTaxRatio": 0.23477715,
    "incomeTaxExpense": 28000000,
    "netIncome": 346000000,
    "netIncomeRatio": 0.2172002511,
    "eps": 1.18,
    "epsdiluted": 1.18,
    "weightedAverageShsOut": 292000000,
    "weightedAverageShsOutDil": 294000000,
    "link": "https://www.sec.gov/Archives/edgar/data/712515/000071251520000006/0000712515-20-000006-index.htm",
    "finalLink": "https://www.sec.gov/Archives/edgar/data/712515/000071251520000006/ea12312019-q3fy2010qdoc.htm"
  },
  {
    "date": "2019-09-30",
    "symbol": "EA",
    "reportedCurrency": "USD",
    "cik": "0000712515",
    "fillingDate": "2019-11-06",
    "acceptedDate": "2019-11-05 19:28:23",
    "calendarYear": "2020",
    "period": "Q2",
    "revenue": 1348000000,
    "costOfRevenue": 405000000,
    "grossProfit": 943000000,
    "grossProfitRatio": 0.6995548961,
    "researchAndDevelopmentExpenses": 387000000,
    "generalAndAdministrativeExpenses": 128000000,
    "sellingAndMarketingExpenses": 152000000,
    "sellingGeneralAndAdministrativeExpenses": 280000000,
    "otherExpenses": 8000000,
    "operatingExpenses": 675000000,
    "costAndExpenses": 1080000000,
    "interestIncome": 0,
    "interestExpense": 11000000,
    "depreciationAndAmortization": 35000000,
    "ebitda": 330000000,
    "ebitdaratio": 0.2448071217,
    "operatingIncome": 268000000,
    "operatingIncomeRatio": 0.1988130564,
    "totalOtherIncomeExpensesNet": 16000000,
    "incomeBeforeTax": 284000000,
    "incomeBeforeTaxRatio": 0.2106824926,
    "incomeTaxExpense": -570000000,
    "netIncome": 854000000,
    "netIncomeRatio": 0.6335311573,
    "eps": 2.89,
    "epsdiluted": 2.89,
    "weightedAverageShsOut": 295000000,
    "weightedAverageShsOutDil": 296000000,
    "link": "https://www.sec.gov/Archives/edgar/data/712515/000071251519000129/0000712515-19-000129-index.htm",
    "finalLink": "https://www.sec.gov/Archives/edgar/data/712515/000071251519000129/ea9302019-q2fy2010qdoc.htm"
  },
  {
    "date": "2019-06-30",
    "symbol": "EA",
    "reportedCurrency": "USD",
    "cik": "0000712515",
    "fillingDate": "2019-08-06",
    "acceptedDate": "2019-08-06 16:18:08",
    "calendarYear": "2020",
    "period": "Q1",
    "revenue": 1209000000,
    "costOfRevenue": 187000000,
    "grossProfit": 1022000000,
    "grossProfitRatio": 0.8453267163,
    "researchAndDevelopmentExpenses": 381000000,
    "generalAndAdministrativeExpenses": 110000000,
    "sellingAndMarketingExpenses": 110000000,
    "sellingGeneralAndAdministrativeExpenses": 220000000,
    "otherExpenses": 6000000,
    "operatingExpenses": 607000000,
    "costAndExpenses": 794000000,
    "interestIncome": 0,
    "interestExpense": 11000000,
    "depreciationAndAmortization": 37000000,
    "ebitda": 483000000,
    "ebitdaratio": 0.3995037221,
    "operatingIncome": 415000000,
    "operatingIncomeRatio": 0.3432588916,
    "totalOtherIncomeExpensesNet": 21000000,
    "incomeBeforeTax": 436000000,
    "incomeBeforeTaxRatio": 0.3606286187,
    "incomeTaxExpense": -985000000,
    "netIncome": 1421000000,
    "netIncomeRatio": 1.1753515302,
    "eps": 4.78,
    "epsdiluted": 4.75,
    "weightedAverageShsOut": 297000000,
    "weightedAverageShsOutDil": 299000000,
    "link": "https://www.sec.gov/Archives/edgar/data/712515/000071251519000049/0000712515-19-000049-index.htm",
    "finalLink": "https://www.sec.gov/Archives/edgar/data/712515/000071251519000049/ea6302019-q1fy2010qdoc.htm"
  },
  {
    "date": "2019-03-31",
    "symbol": "EA",
    "reportedCurrency": "USD",
    "cik": "0000712515",
    "fillingDate": "2019-05-24",
    "acceptedDate": "2019-05-23 20:16:54",
    "calendarYear": "2019",
    "period": "Q4",
    "revenue": 1238000000,
    "costOfRevenue": 276000000,
    "grossProfit": 962000000,
    "grossProfitRatio": 0.7770597738,
    "researchAndDevelopmentExpenses": 398000000,
    "generalAndAdministrativeExpenses": 123000000,
    "sellingAndMarketingExpenses": 229000000,
    "sellingGeneralAndAdministrativeExpenses": 352000000,
    "otherExpenses": 16000000,
    "operatingExpenses": 766000000,
    "costAndExpenses": 1042000000,
    "interestIncome": 0,
    "interestExpense": 12000000,
    "depreciationAndAmortization": 37000000,
    "ebitda": 267000000,
    "ebitdaratio": 0.2156704362,
    "operatingIncome": 196000000,
    "operatingIncomeRatio": 0.1583198708,
    "totalOtherIncomeExpensesNet": 23000000,
    "incomeBeforeTax": 219000000,
    "incomeBeforeTaxRatio": 0.1768982229,
    "incomeTaxExpense": 10000000,
    "netIncome": 209000000,
    "netIncomeRatio": 0.1688206785,
    "eps": 0.7,
    "epsdiluted": 0.69,
    "weightedAverageShsOut": 299000000,
    "weightedAverageShsOutDil": 301000000,
    "link": "https://www.sec.gov/Archives/edgar/data/712515/000071251519000019/0000712515-19-000019-index.htm",
    "finalLink": "https://www.sec.gov/Archives/edgar/data/712515/000071251519000019/ea3312019-q410kdoc.htm"
  },
  {
    "date": "2018-12-31",
    "symbol": "EA",
    "reportedCurrency": "USD",
    "cik": "0000712515",
    "fillingDate": "2019-02-06",
    "acceptedDate": "2019-02-06 16:20:21",
    "calendarYear": "2019",
    "period": "Q3",
    "revenue": 1289000000,
    "costOfRevenue": 413000000,
    "grossProfit": 876000000,
    "grossProfitRatio": 0.6795965865,
    "researchAndDevelopmentExpenses": 334000000,
    "generalAndAdministrativeExpenses": 106000000,
    "sellingAndMarketingExpenses": 187000000,
    "sellingGeneralAndAdministrativeExpenses": 293000000,
    "otherExpenses": 7000000,
    "operatingExpenses": 634000000,
    "costAndExpenses": 1047000000,
    "interestIncome": 0,
    "interestExpense": 11000000,
    "depreciationAndAmortization": 34000000,
    "ebitda": 310000000,
    "ebitdaratio": 0.2404965089,
    "operatingIncome": 242000000,
    "operatingIncomeRatio": 0.187742436,
    "totalOtherIncomeExpensesNet": 23000000,
    "incomeBeforeTax": 265000000,
    "incomeBeforeTaxRatio": 0.2055857254,
    "incomeTaxExpense": 3000000,
    "netIncome": 262000000,
    "netIncomeRatio": 0.2032583398,
    "eps": 0.87,
    "epsdiluted": 0.86,
    "weightedAverageShsOut": 302000000,
    "weightedAverageShsOutDil": 304000000,
    "link": "https://www.sec.gov/Archives/edgar/data/712515/000071251519000004/0000712515-19-000004-index.htm",
    "finalLink": "https://www.sec.gov/Archives/edgar/data/712515/000071251519000004/ea12312018-q3fy1910qdoc.htm"
  },
  {
    "date": "2018-09-30",
    "symbol": "EA",
    "reportedCurrency": "USD",
    "cik": "0000712515",
    "fillingDate": "2018-11-06",
    "acceptedDate": "2018-11-06 16:25:26",
    "calendarYear": "2019",
    "period": "Q2",
    "revenue": 1286000000,
    "costOfRevenue": 418000000,
    "grossProfit": 868000000,
    "grossProfitRatio": 0.6749611198,
    "researchAndDevelopmentExpenses": 339000000,
    "generalAndAdministrativeExpenses": 117000000,
    "sellingAndMarketingExpenses": 146000000,
    "sellingGeneralAndAdministrativeExpenses": 263000000,
    "otherExpenses": 8000000,
    "operatingExpenses": 610000000,
    "costAndExpenses": 1028000000,
    "interestIncome": 0,
    "interestExpense": 11000000,
    "depreciationAndAmortization": 36000000,
    "ebitda": 323000000,
    "ebitdaratio": 0.2511664075,
    "operatingIncome": 258000000,
    "operatingIncomeRatio": 0.200622084,
    "totalOtherIncomeExpensesNet": 18000000,
    "incomeBeforeTax": 276000000,
    "incomeBeforeTaxRatio": 0.2146189736,
    "incomeTaxExpense": 21000000,
    "netIncome": 255000000,
    "netIncomeRatio": 0.1982892691,
    "eps": 0.84,
    "epsdiluted": 0.83,
    "weightedAverageShsOut": 305000000,
    "weightedAverageShsOutDil": 307000000,
    "link": "https://www.sec.gov/Archives/edgar/data/712515/000071251518000059/0000712515-18-000059-index.htm",
    "finalLink": "https://www.sec.gov/Archives/edgar/data/712515/000071251518000059/ea9302018-q2fy1910qdoc.htm"
  },
  {
    "date": "2018-06-30",
    "symbol": "EA",
    "reportedCurrency": "USD",
    "cik": "0000712515",
    "fillingDate": "2018-08-08",
    "acceptedDate": "2018-08-07 19:03:30",
    "calendarYear": "2019",
    "period": "Q1",
    "revenue": 1137000000,
    "costOfRevenue": 215000000,
    "grossProfit": 922000000,
    "grossProfitRatio": 0.8109058927,
    "researchAndDevelopmentExpenses": 362000000,
    "generalAndAdministrativeExpenses": 114000000,
    "sellingAndMarketingExpenses": 140000000,
    "sellingGeneralAndAdministrativeExpenses": 254000000,
    "otherExpenses": 6000000,
    "operatingExpenses": 622000000,
    "costAndExpenses": 837000000,
    "interestIncome": 0,
    "interestExpense": 11000000,
    "depreciationAndAmortization": 38000000,
    "ebitda": 367000000,
    "ebitdaratio": 0.3227792436,
    "operatingIncome": 300000000,
    "operatingIncomeRatio": 0.2638522427,
    "totalOtherIncomeExpensesNet": 19000000,
    "incomeBeforeTax": 319000000,
    "incomeBeforeTaxRatio": 0.2805628848,
    "incomeTaxExpense": 26000000,
    "netIncome": 293000000,
    "netIncomeRatio": 0.2576956904,
    "eps": 0.96,
    "epsdiluted": 0.95,
    "weightedAverageShsOut": 306000000,
    "weightedAverageShsOutDil": 310000000,
    "link": "https://www.sec.gov/Archives/edgar/data/712515/000071251518000045/0000712515-18-000045-index.htm",
    "finalLink": "https://www.sec.gov/Archives/edgar/data/712515/000071251518000045/ea6302018-q1fy1910qdoc.htm"
  },
  {
    "date": "2018-03-31",
    "symbol": "EA",
    "reportedCurrency": "USD",
    "cik": "0000712515",
    "fillingDate": "2018-05-23",
    "acceptedDate": "2018-05-23 16:34:06",
    "calendarYear": "2018",
    "period": "Q4",
    "revenue": 1582000000,
    "costOfRevenue": 233000000,
    "grossProfit": 1349000000,
    "grossProfitRatio": 0.8527180784,
    "researchAndDevelopmentExpenses": 335000000,
    "generalAndAdministrativeExpenses": 126000000,
    "sellingAndMarketingExpenses": 130000000,
    "sellingGeneralAndAdministrativeExpenses": 256000000,
    "otherExpenses": 5000000,
    "operatingExpenses": 596000000,
    "costAndExpenses": 829000000,
    "interestIncome": 0,
    "interestExpense": 12000000,
    "depreciationAndAmortization": 39000000,
    "ebitda": 804000000,
    "ebitdaratio": 0.5082174463,
    "operatingIncome": 753000000,
    "operatingIncomeRatio": 0.4759797724,
    "totalOtherIncomeExpensesNet": 1000000,
    "incomeBeforeTax": 754000000,
    "incomeBeforeTaxRatio": 0.4766118837,
    "incomeTaxExpense": 147000000,
    "netIncome": 607000000,
    "netIncomeRatio": 0.3836915297,
    "eps": 1.98,
    "epsdiluted": 1.95,
    "weightedAverageShsOut": 307000000,
    "weightedAverageShsOutDil": 311000000,
    "link": "https://www.sec.gov/Archives/edgar/data/712515/000071251518000024/0000712515-18-000024-index.htm",
    "finalLink": "https://www.sec.gov/Archives/edgar/data/712515/000071251518000024/ea3312018-q410kdoc.htm"
  },
  {
    "date": "2017-12-31",
    "symbol": "EA",
    "reportedCurrency": "USD",
    "cik": "0000712515",
    "fillingDate": "2018-02-06",
    "acceptedDate": "2018-02-06 16:22:20",
    "calendarYear": "2018",
    "period": "Q3",
    "revenue": 1160000000,
    "costOfRevenue": 501000000,
    "grossProfit": 659000000,
    "grossProfitRatio": 0.5681034483,
    "researchAndDevelopmentExpenses": 329000000,
    "generalAndAdministrativeExpenses": 120000000,
    "sellingAndMarketingExpenses": 230000000,
    "sellingGeneralAndAdministrativeExpenses": 350000000,
    "otherExpenses": 1000000,
    "operatingExpenses": 680000000,
    "costAndExpenses": 1181000000,
    "interestIncome": 0,
    "interestExpense": 10000000,
    "depreciationAndAmortization": 34000000,
    "ebitda": 28000000,
    "ebitdaratio": 0.024137931,
    "operatingIncome": -21000000,
    "operatingIncomeRatio": -0.0181034483,
    "totalOtherIncomeExpensesNet": 5000000,
    "incomeBeforeTax": -16000000,
    "incomeBeforeTaxRatio": -0.0137931034,
    "incomeTaxExpense": 170000000,
    "netIncome": -186000000,
    "netIncomeRatio": -0.1603448276,
    "eps": -0.6,
    "epsdiluted": -0.6,
    "weightedAverageShsOut": 308000000,
    "weightedAverageShsOutDil": 308000000,
    "link": "https://www.sec.gov/Archives/edgar/data/712515/000071251518000008/0000712515-18-000008-index.htm",
    "finalLink": "https://www.sec.gov/Archives/edgar/data/712515/000071251518000008/ea12312017-q3fy1810qdoc.htm"
  },
  {
    "date": "2017-09-30",
    "symbol": "EA",
    "reportedCurrency": "USD",
    "cik": "0000712515",
    "fillingDate": "2017-11-07",
    "acceptedDate": "2017-11-06 17:56:32",
    "calendarYear": "2018",
    "period": "Q2",
    "revenue": 959000000,
    "costOfRevenue": 389000000,
    "grossProfit": 570000000,
    "grossProfitRatio": 0.5943691345,
    "researchAndDevelopmentExpenses": 331000000,
    "generalAndAdministrativeExpenses": 118000000,
    "sellingAndMarketingExpenses": 160000000,
    "sellingGeneralAndAdministrativeExpenses": 278000000,
    "otherExpenses": 2000000,
    "operatingExpenses": 611000000,
    "costAndExpenses": 1000000000,
    "interestIncome": 0,
    "interestExpense": 11000000,
    "depreciationAndAmortization": 32000000,
    "ebitda": 5000000,
    "ebitdaratio": 0.0052137643,
    "operatingIncome": -41000000,
    "operatingIncomeRatio": -0.0427528676,
    "totalOtherIncomeExpensesNet": 3000000,
    "incomeBeforeTax": -38000000,
    "incomeBeforeTaxRatio": -0.039624609,
    "incomeTaxExpense": -16000000,
    "netIncome": -22000000,
    "netIncomeRatio": -0.0229405631,
    "eps": -0.0712,
    "epsdiluted": -0.0712,
    "weightedAverageShsOut": 309000000,
    "weightedAverageShsOutDil": 309000000,
    "link": "https://www.sec.gov/Archives/edgar/data/712515/000071251517000078/0000712515-17-000078-index.htm",
    "finalLink": "https://www.sec.gov/Archives/edgar/data/712515/000071251517000078/ea9302017-q2fy1810qdoc.htm"
  },
  {
    "date": "2017-06-30",
    "symbol": "EA",
    "reportedCurrency": "USD",
    "cik": "0000712515",
    "fillingDate": "2017-08-08",
    "acceptedDate": "2017-08-08 17:05:57",
    "calendarYear": "2018",
    "period": "Q1",
    "revenue": 1449000000,
    "costOfRevenue": 154000000,
    "grossProfit": 1295000000,
    "grossProfitRatio": 0.8937198068,
    "researchAndDevelopmentExpenses": 325000000,
    "generalAndAdministrativeExpenses": 105000000,
    "sellingAndMarketingExpenses": 121000000,
    "sellingGeneralAndAdministrativeExpenses": 226000000,
    "otherExpenses": 1000000,
    "operatingExpenses": 552000000,
    "costAndExpenses": 706000000,
    "interestIncome": 0,
    "interestExpense": 11000000,
    "depreciationAndAmortization": 31000000,
    "ebitda": 790000000,
    "ebitdaratio": 0.5452035887,
    "operatingIncome": 743000000,
    "operatingIncomeRatio": 0.5127674258,
    "totalOtherIncomeExpensesNet": 6000000,
    "incomeBeforeTax": 749000000,
    "incomeBeforeTaxRatio": 0.5169082126,
    "incomeTaxExpense": 105000000,
    "netIncome": 644000000,
    "netIncomeRatio": 0.4444444444,
    "eps": 2.08,
    "epsdiluted": 2.06,
    "weightedAverageShsOut": 309000000,
    "weightedAverageShsOutDil": 313000000,
    "link": "https://www.sec.gov/Archives/edgar/data/712515/000071251517000063/0000712515-17-000063-index.htm",
    "finalLink": "https://www.sec.gov/Archives/edgar/data/712515/000071251517000063/ea6302017-q1fy1810qdoc.htm"
  },
  {
    "date": "2017-03-31",
    "symbol": "EA",
    "reportedCurrency": "USD",
    "cik": "0000712515",
    "fillingDate": "2017-05-24",
    "acceptedDate": "2017-05-24 16:41:12",
    "calendarYear": "2017",
    "period": "Q4",
    "revenue": 1527000000,
    "costOfRevenue": 202000000,
    "grossProfit": 1325000000,
    "grossProfitRatio": 0.8677144728,
    "researchAndDevelopmentExpenses": 335000000,
    "generalAndAdministrativeExpenses": 110000000,
    "sellingAndMarketingExpenses": 162000000,
    "sellingGeneralAndAdministrativeExpenses": 272000000,
    "otherExpenses": 1000000,
    "operatingExpenses": 608000000,
    "costAndExpenses": 810000000,
    "interestIncome": 25000000,
    "interestExpense": 11000000,
    "depreciationAndAmortization": 32000000,
    "ebitda": 759000000,
    "ebitdaratio": 0.4970530452,
    "operatingIncome": 717000000,
    "operatingIncomeRatio": 0.4695481336,
    "totalOtherIncomeExpensesNet": -1000000,
    "incomeBeforeTax": 716000000,
    "incomeBeforeTaxRatio": 0.4688932547,
    "incomeTaxExpense": 150000000,
    "netIncome": 566000000,
    "netIncomeRatio": 0.3706614276,
    "eps": 1.84,
    "epsdiluted": 1.81,
    "weightedAverageShsOut": 308000000,
    "weightedAverageShsOutDil": 312000000,
    "link": "https://www.sec.gov/Archives/edgar/data/712515/000071251517000035/0000712515-17-000035-index.htm",
    "finalLink": "https://www.sec.gov/Archives/edgar/data/712515/000071251517000035/ea3312017-q410kdoc.htm"
  },
  {
    "date": "2016-12-31",
    "symbol": "EA",
    "reportedCurrency": "USD",
    "cik": "0000712515",
    "fillingDate": "2017-02-07",
    "acceptedDate": "2017-02-07 16:18:51",
    "calendarYear": "2017",
    "period": "Q3",
    "revenue": 1149000000,
    "costOfRevenue": 516000000,
    "grossProfit": 633000000,
    "grossProfitRatio": 0.5509138381,
    "researchAndDevelopmentExpenses": 285000000,
    "generalAndAdministrativeExpenses": 110000000,
    "sellingAndMarketingExpenses": 240000000,
    "sellingGeneralAndAdministrativeExpenses": 350000000,
    "otherExpenses": 2000000,
    "operatingExpenses": 637000000,
    "costAndExpenses": 1153000000,
    "interestIncome": 0,
    "interestExpense": 12000000,
    "depreciationAndAmortization": 49000000,
    "ebitda": 54000000,
    "ebitdaratio": 0.046997389,
    "operatingIncome": -4000000,
    "operatingIncomeRatio": -0.0034812881,
    "totalOtherIncomeExpensesNet": -2000000,
    "incomeBeforeTax": -6000000,
    "incomeBeforeTaxRatio": -0.0052219321,
    "incomeTaxExpense": -5000000,
    "netIncome": -1000000,
    "netIncomeRatio": -0.000870322,
    "eps": -0.0033,
    "epsdiluted": -0.0033,
    "weightedAverageShsOut": 303000000,
    "weightedAverageShsOutDil": 303000000,
    "link": "https://www.sec.gov/Archives/edgar/data/712515/000071251517000010/0000712515-17-000010-index.htm",
    "finalLink": "https://www.sec.gov/Archives/edgar/data/712515/000071251517000010/ea12312016-q3fy1710qdoc.htm"
  },
  {
    "date": "2016-09-30",
    "symbol": "EA",
    "reportedCurrency": "USD",
    "cik": "0000712515",
    "fillingDate": "2016-11-08",
    "acceptedDate": "2016-11-08 16:23:47",
    "calendarYear": "2017",
    "period": "Q2",
    "revenue": 898000000,
    "costOfRevenue": 401000000,
    "grossProfit": 497000000,
    "grossProfitRatio": 0.5534521158,
    "researchAndDevelopmentExpenses": 291000000,
    "generalAndAdministrativeExpenses": 111000000,
    "sellingAndMarketingExpenses": 143000000,
    "sellingGeneralAndAdministrativeExpenses": 254000000,
    "otherExpenses": 1000000,
    "operatingExpenses": 546000000,
    "costAndExpenses": 947000000,
    "interestIncome": 0,
    "interestExpense": 11000000,
    "depreciationAndAmortization": 45000000,
    "ebitda": 4000000,
    "ebitdaratio": 0.004454343,
    "operatingIncome": -49000000,
    "operatingIncomeRatio": -0.0545657016,
    "totalOtherIncomeExpensesNet": -3000000,
    "incomeBeforeTax": -52000000,
    "incomeBeforeTaxRatio": -0.0579064588,
    "incomeTaxExpense": -14000000,
    "netIncome": -38000000,
    "netIncomeRatio": -0.0423162584,
    "eps": -0.13,
    "epsdiluted": -0.13,
    "weightedAverageShsOut": 292307692,
    "weightedAverageShsOutDil": 301000000,
    "link": "https://www.sec.gov/Archives/edgar/data/712515/000071251516000149/0000712515-16-000149-index.htm",
    "finalLink": "https://www.sec.gov/Archives/edgar/data/712515/000071251516000149/ea9302016-q2fy1710qdoc.htm"
  },
  {
    "date": "2016-06-30",
    "symbol": "EA",
    "reportedCurrency": "USD",
    "cik": "0000712515",
    "fillingDate": "2016-08-09",
    "acceptedDate": "2016-08-09 16:25:47",
    "calendarYear": "2017",
    "period": "Q1",
    "revenue": 1271000000,
    "costOfRevenue": 179000000,
    "grossProfit": 1092000000,
    "grossProfitRatio": 0.859166011,
    "researchAndDevelopmentExpenses": 294000000,
    "generalAndAdministrativeExpenses": 108000000,
    "sellingAndMarketingExpenses": 128000000,
    "sellingGeneralAndAdministrativeExpenses": 236000000,
    "otherExpenses": 2000000,
    "operatingExpenses": 532000000,
    "costAndExpenses": 711000000,
    "interestIncome": 0,
    "interestExpense": 7000000,
    "depreciationAndAmortization": 46000000,
    "ebitda": 610000000,
    "ebitdaratio": 0.4799370574,
    "operatingIncome": 560000000,
    "operatingIncomeRatio": 0.4405979544,
    "totalOtherIncomeExpensesNet": -8000000,
    "incomeBeforeTax": 552000000,
    "incomeBeforeTaxRatio": 0.4343036979,
    "incomeTaxExpense": 112000000,
    "netIncome": 440000000,
    "netIncomeRatio": 0.346184107,
    "eps": 1.46,
    "epsdiluted": 1.4,
    "weightedAverageShsOut": 301000000,
    "weightedAverageShsOutDil": 315000000,
    "link": "https://www.sec.gov/Archives/edgar/data/712515/000071251516000138/0000712515-16-000138-index.htm",
    "finalLink": "https://www.sec.gov/Archives/edgar/data/712515/000071251516000138/ea6302016-q1fy1710qdoc.htm"
  },
  {
    "date": "2016-03-31",
    "symbol": "EA",
    "reportedCurrency": "USD",
    "cik": "0000712515",
    "fillingDate": "2016-05-27",
    "acceptedDate": "2016-05-26 19:43:40",
    "calendarYear": "2016",
    "period": "Q4",
    "revenue": 1308000000,
    "costOfRevenue": 226000000,
    "grossProfit": 1082000000,
    "grossProfitRatio": 0.8272171254,
    "researchAndDevelopmentExpenses": 282000000,
    "generalAndAdministrativeExpenses": 110000000,
    "sellingAndMarketingExpenses": 153000000,
    "sellingGeneralAndAdministrativeExpenses": 263000000,
    "otherExpenses": 1000000,
    "operatingExpenses": 546000000,
    "costAndExpenses": 772000000,
    "interestIncome": 0,
    "interestExpense": -10000000,
    "depreciationAndAmortization": 48000000,
    "ebitda": 591000000,
    "ebitdaratio": 0.4518348624,
    "operatingIncome": 536000000,
    "operatingIncomeRatio": 0.4097859327,
    "totalOtherIncomeExpensesNet": -10000000,
    "incomeBeforeTax": 526000000,
    "incomeBeforeTaxRatio": 0.4021406728,
    "incomeTaxExpense": -373000000,
    "netIncome": 899000000,
    "netIncomeRatio": 0.6873088685,
    "eps": 2.93,
    "epsdiluted": 2.79,
    "weightedAverageShsOut": 307000000,
    "weightedAverageShsOutDil": 322000000,
    "link": "https://www.sec.gov/Archives/edgar/data/712515/000071251516000111/0000712515-16-000111-index.htm",
    "finalLink": "https://www.sec.gov/Archives/edgar/data/712515/000071251516000111/ea3312016-q410kdoc.htm"
  },
  {
    "date": "2015-12-31",
    "symbol": "EA",
    "reportedCurrency": "USD",
    "cik": "0000712515",
    "fillingDate": "2016-02-08",
    "acceptedDate": "2016-02-08 16:33:45",
    "calendarYear": "2016",
    "period": "Q3",
    "revenue": 1070000000,
    "costOfRevenue": 546000000,
    "grossProfit": 524000000,
    "grossProfitRatio": 0.4897196262,
    "researchAndDevelopmentExpenses": 266000000,
    "generalAndAdministrativeExpenses": 97000000,
    "sellingAndMarketingExpenses": 190000000,
    "sellingGeneralAndAdministrativeExpenses": 287000000,
    "otherExpenses": 2000000,
    "operatingExpenses": 555000000,
    "costAndExpenses": 1101000000,
    "interestIncome": 0,
    "interestExpense": 5000000,
    "depreciationAndAmortization": 50000000,
    "ebitda": 24000000,
    "ebitdaratio": 0.0224299065,
    "operatingIncome": -31000000,
    "operatingIncomeRatio": -0.0289719626,
    "totalOtherIncomeExpensesNet": 1000000,
    "incomeBeforeTax": -30000000,
    "incomeBeforeTaxRatio": -0.0280373832,
    "incomeTaxExpense": 15000000,
    "netIncome": -45000000,
    "netIncomeRatio": -0.0420560748,
    "eps": -0.14,
    "epsdiluted": -0.14,
    "weightedAverageShsOut": 311000000,
    "weightedAverageShsOutDil": 311000000,
    "link": "https://www.sec.gov/Archives/edgar/data/712515/000071251516000086/0000712515-16-000086-index.htm",
    "finalLink": "https://www.sec.gov/Archives/edgar/data/712515/000071251516000086/ea12312015-q3fy1610qdoc.htm"
  },
  {
    "date": "2015-09-30",
    "symbol": "EA",
    "reportedCurrency": "USD",
    "cik": "0000712515",
    "fillingDate": "2015-11-10",
    "acceptedDate": "2015-11-10 16:36:09",
    "calendarYear": "2016",
    "period": "Q2",
    "revenue": 815000000,
    "costOfRevenue": 409000000,
    "grossProfit": 406000000,
    "grossProfitRatio": 0.4981595092,
    "researchAndDevelopmentExpenses": 265000000,
    "generalAndAdministrativeExpenses": 101000000,
    "sellingAndMarketingExpenses": 156000000,
    "sellingGeneralAndAdministrativeExpenses": 257000000,
    "otherExpenses": 3000000,
    "operatingExpenses": 525000000,
    "costAndExpenses": 934000000,
    "interestIncome": 0,
    "interestExpense": 6000000,
    "depreciationAndAmortization": 50000000,
    "ebitda": -72000000,
    "ebitdaratio": -0.0883435583,
    "operatingIncome": -119000000,
    "operatingIncomeRatio": -0.1460122699,
    "totalOtherIncomeExpensesNet": -9000000,
    "incomeBeforeTax": -128000000,
    "incomeBeforeTaxRatio": -0.1570552147,
    "incomeTaxExpense": 12000000,
    "netIncome": -140000000,
    "netIncomeRatio": -0.1717791411,
    "eps": -0.45,
    "epsdiluted": -0.45,
    "weightedAverageShsOut": 311111111,
    "weightedAverageShsOutDil": 312000000,
    "link": "https://www.sec.gov/Archives/edgar/data/712515/000071251515000070/0000712515-15-000070-index.htm",
    "finalLink": "https://www.sec.gov/Archives/edgar/data/712515/000071251515000070/ea9302015-q2fy1610qdoc.htm"
  },
  {
    "date": "2015-06-30",
    "symbol": "EA",
    "reportedCurrency": "USD",
    "cik": "0000712515",
    "fillingDate": "2015-08-11",
    "acceptedDate": "2015-08-11 16:44:02",
    "calendarYear": "2016",
    "period": "Q1",
    "revenue": 1203000000,
    "costOfRevenue": 173000000,
    "grossProfit": 1030000000,
    "grossProfitRatio": 0.8561928512,
    "researchAndDevelopmentExpenses": 296000000,
    "generalAndAdministrativeExpenses": 98000000,
    "sellingAndMarketingExpenses": 123000000,
    "sellingGeneralAndAdministrativeExpenses": 221000000,
    "otherExpenses": 1000000,
    "operatingExpenses": 518000000,
    "costAndExpenses": 691000000,
    "interestIncome": 0,
    "interestExpense": -3000000,
    "depreciationAndAmortization": 49000000,
    "ebitda": 561000000,
    "ebitdaratio": 0.4663341646,
    "operatingIncome": 512000000,
    "operatingIncomeRatio": 0.42560266,
    "totalOtherIncomeExpensesNet": -3000000,
    "incomeBeforeTax": 509000000,
    "incomeBeforeTaxRatio": 0.4231088944,
    "incomeTaxExpense": 67000000,
    "netIncome": 442000000,
    "netIncomeRatio": 0.3674147963,
    "eps": 1.42,
    "epsdiluted": 1.32,
    "weightedAverageShsOut": 311000000,
    "weightedAverageShsOutDil": 335000000,
    "link": "https://www.sec.gov/Archives/edgar/data/712515/000071251515000053/0000712515-15-000053-index.htm",
    "finalLink": "https://www.sec.gov/Archives/edgar/data/712515/000071251515000053/ea6302015-q1fy1610qdoc.htm"
  },
  {
    "date": "2015-03-31",
    "symbol": "EA",
    "reportedCurrency": "USD",
    "cik": "0000712515",
    "fillingDate": "2015-05-21",
    "acceptedDate": "2015-05-21 16:46:28",
    "calendarYear": "2015",
    "period": "Q4",
    "revenue": 1185000000,
    "costOfRevenue": 234000000,
    "grossProfit": 951000000,
    "grossProfitRatio": 0.8025316456,
    "researchAndDevelopmentExpenses": 285000000,
    "generalAndAdministrativeExpenses": 99000000,
    "sellingAndMarketingExpenses": 165000000,
    "sellingGeneralAndAdministrativeExpenses": 264000000,
    "otherExpenses": 2000000,
    "operatingExpenses": 551000000,
    "costAndExpenses": 785000000,
    "interestIncome": 0,
    "interestExpense": 8000000,
    "depreciationAndAmortization": 55000000,
    "ebitda": 461000000,
    "ebitdaratio": 0.3890295359,
    "operatingIncome": 400000000,
    "operatingIncomeRatio": 0.3375527426,
    "totalOtherIncomeExpensesNet": -3000000,
    "incomeBeforeTax": 397000000,
    "incomeBeforeTaxRatio": 0.335021097,
    "incomeTaxExpense": 2000000,
    "netIncome": 395000000,
    "netIncomeRatio": 0.3333333333,
    "eps": 1.27,
    "epsdiluted": 1.19,
    "weightedAverageShsOut": 310000000,
    "weightedAverageShsOutDil": 332000000,
    "link": "https://www.sec.gov/Archives/edgar/data/712515/000071251515000033/0000712515-15-000033-index.htm",
    "finalLink": "https://www.sec.gov/Archives/edgar/data/712515/000071251515000033/ea3312015-q410kdoc.htm"
  },
  {
    "date": "2014-12-31",
    "symbol": "EA",
    "reportedCurrency": "USD",
    "cik": "0000712515",
    "fillingDate": "2015-02-04",
    "acceptedDate": "2015-02-04 16:32:58",
    "calendarYear": "2015",
    "period": "Q3",
    "revenue": 1126000000,
    "costOfRevenue": 401000000,
    "grossProfit": 725000000,
    "grossProfitRatio": 0.6438721137,
    "researchAndDevelopmentExpenses": 283000000,
    "generalAndAdministrativeExpenses": 107000000,
    "sellingAndMarketingExpenses": 169000000,
    "sellingGeneralAndAdministrativeExpenses": 276000000,
    "otherExpenses": 4000000,
    "operatingExpenses": 563000000,
    "costAndExpenses": 964000000,
    "interestIncome": 2000000,
    "interestExpense": 8000000,
    "depreciationAndAmortization": 53000000,
    "ebitda": 215000000,
    "ebitdaratio": 0.1909413854,
    "operatingIncome": 162000000,
    "operatingIncomeRatio": 0.1438721137,
    "totalOtherIncomeExpensesNet": -6000000,
    "incomeBeforeTax": 156000000,
    "incomeBeforeTaxRatio": 0.1385435169,
    "incomeTaxExpense": 14000000,
    "netIncome": 142000000,
    "netIncomeRatio": 0.1261101243,
    "eps": 0.46,
    "epsdiluted": 0.44,
    "weightedAverageShsOut": 311000000,
    "weightedAverageShsOutDil": 323000000,
    "link": "https://www.sec.gov/Archives/edgar/data/712515/000071251515000012/0000712515-15-000012-index.htm",
    "finalLink": "https://www.sec.gov/Archives/edgar/data/712515/000071251515000012/ea12312014-q3fy1510qdoc.htm"
  },
  {
    "date": "2014-09-30",
    "symbol": "EA",
    "reportedCurrency": "USD",
    "cik": "0000712515",
    "fillingDate": "2014-11-04",
    "acceptedDate": "2014-11-04 16:44:43",
    "calendarYear": "2015",
    "period": "Q2",
    "revenue": 990000000,
    "costOfRevenue": 427000000,
    "grossProfit": 563000000,
    "grossProfitRatio": 0.5686868687,
    "researchAndDevelopmentExpenses": 261000000,
    "generalAndAdministrativeExpenses": 92000000,
    "sellingAndMarketingExpenses": 183000000,
    "sellingGeneralAndAdministrativeExpenses": 275000000,
    "otherExpenses": 3000000,
    "operatingExpenses": 539000000,
    "costAndExpenses": 966000000,
    "interestIncome": 1000000,
    "interestExpense": 7000000,
    "depreciationAndAmortization": 56000000,
    "ebitda": 79000000,
    "ebitdaratio": 0.0797979798,
    "operatingIncome": 24000000,
    "operatingIncomeRatio": 0.0242424242,
    "totalOtherIncomeExpensesNet": -6000000,
    "incomeBeforeTax": 18000000,
    "incomeBeforeTaxRatio": 0.0181818182,
    "incomeTaxExpense": 15000000,
    "netIncome": 3000000,
    "netIncomeRatio": 0.003030303,
    "eps": 0.01,
    "epsdiluted": 0.01,
    "weightedAverageShsOut": 313000000,
    "weightedAverageShsOutDil": 322000000,
    "link": "https://www.sec.gov/Archives/edgar/data/712515/000071251514000063/0000712515-14-000063-index.htm",
    "finalLink": "https://www.sec.gov/Archives/edgar/data/712515/000071251514000063/ea9302014-q2fy1510qdoc.htm"
  },
  {
    "date": "2014-06-30",
    "symbol": "EA",
    "reportedCurrency": "USD",
    "cik": "0000712515",
    "fillingDate": "2014-08-05",
    "acceptedDate": "2014-08-05 16:33:24",
    "calendarYear": "2015",
    "period": "Q1",
    "revenue": 1214000000,
    "costOfRevenue": 367000000,
    "grossProfit": 847000000,
    "grossProfitRatio": 0.697693575,
    "researchAndDevelopmentExpenses": 265000000,
    "generalAndAdministrativeExpenses": 88000000,
    "sellingAndMarketingExpenses": 130000000,
    "sellingGeneralAndAdministrativeExpenses": 218000000,
    "otherExpenses": 2000000,
    "operatingExpenses": 485000000,
    "costAndExpenses": 852000000,
    "interestIncome": 0,
    "interestExpense": 8000000,
    "depreciationAndAmortization": 56000000,
    "ebitda": 417000000,
    "ebitdaratio": 0.3434925865,
    "operatingIncome": 362000000,
    "operatingIncomeRatio": 0.2981878089,
    "totalOtherIncomeExpensesNet": -8000000,
    "incomeBeforeTax": 354000000,
    "incomeBeforeTaxRatio": 0.2915980231,
    "incomeTaxExpense": 19000000,
    "netIncome": 335000000,
    "netIncomeRatio": 0.2759472817,
    "eps": 1.07,
    "epsdiluted": 1.04,
    "weightedAverageShsOut": 313000000,
    "weightedAverageShsOutDil": 322000000,
    "link": "https://www.sec.gov/Archives/edgar/data/712515/000071251514000039/0000712515-14-000039-index.htm",
    "finalLink": "https://www.sec.gov/Archives/edgar/data/712515/000071251514000039/ea6302014-q1fy1510qdoc.htm"
  },
  {
    "date": "2014-03-31",
    "symbol": "EA",
    "reportedCurrency": "USD",
    "cik": "0000712515",
    "fillingDate": "2014-05-21",
    "acceptedDate": "2014-05-21 16:38:47",
    "calendarYear": "2014",
    "period": "Q4",
    "revenue": 1123000000,
    "costOfRevenue": 223000000,
    "grossProfit": 900000000,
    "grossProfitRatio": 0.8014247551,
    "researchAndDevelopmentExpenses": 289000000,
    "generalAndAdministrativeExpenses": 105000000,
    "sellingAndMarketingExpenses": 155000000,
    "sellingGeneralAndAdministrativeExpenses": 260000000,
    "otherExpenses": 7000000,
    "operatingExpenses": 556000000,
    "costAndExpenses": 779000000,
    "interestIncome": 0,
    "interestExpense": 10000000,
    "depreciationAndAmortization": 57000000,
    "ebitda": 404000000,
    "ebitdaratio": 0.3597506679,
    "operatingIncome": 344000000,
    "operatingIncomeRatio": 0.3063223508,
    "totalOtherIncomeExpensesNet": -7000000,
    "incomeBeforeTax": 337000000,
    "incomeBeforeTaxRatio": 0.3000890472,
    "incomeTaxExpense": -30000000,
    "netIncome": 367000000,
    "netIncomeRatio": 0.3268032057,
    "eps": 1.18,
    "epsdiluted": 1.15,
    "weightedAverageShsOut": 310000000,
    "weightedAverageShsOutDil": 319000000,
    "link": "https://www.sec.gov/Archives/edgar/data/712515/000071251514000024/0000712515-14-000024-index.htm",
    "finalLink": "https://www.sec.gov/Archives/edgar/data/712515/000071251514000024/ea3312014-q410kdoc.htm"
  },
  {
    "date": "2013-12-31",
    "symbol": "EA",
    "reportedCurrency": "USD",
    "cik": "0000712515",
    "fillingDate": "2014-02-04",
    "acceptedDate": "2014-02-04 16:48:25",
    "calendarYear": "2014",
    "period": "Q3",
    "revenue": 808000000,
    "costOfRevenue": 517000000,
    "grossProfit": 291000000,
    "grossProfitRatio": 0.3601485149,
    "researchAndDevelopmentExpenses": 275000000,
    "generalAndAdministrativeExpenses": 91000000,
    "sellingAndMarketingExpenses": 214000000,
    "sellingGeneralAndAdministrativeExpenses": 305000000,
    "otherExpenses": 3000000,
    "operatingExpenses": 583000000,
    "costAndExpenses": 1100000000,
    "interestIncome": 0,
    "interestExpense": 7000000,
    "depreciationAndAmortization": 58000000,
    "ebitda": -233000000,
    "ebitdaratio": -0.2883663366,
    "operatingIncome": -292000000,
    "operatingIncomeRatio": -0.3613861386,
    "totalOtherIncomeExpensesNet": -6000000,
    "incomeBeforeTax": -298000000,
    "incomeBeforeTaxRatio": -0.3688118812,
    "incomeTaxExpense": 10000000,
    "netIncome": -308000000,
    "netIncomeRatio": -0.3811881188,
    "eps": -1,
    "epsdiluted": -1,
    "weightedAverageShsOut": 308000000,
    "weightedAverageShsOutDil": 309000000,
    "link": "https://www.sec.gov/Archives/edgar/data/712515/000071251514000009/0000712515-14-000009-index.htm",
    "finalLink": "https://www.sec.gov/Archives/edgar/data/712515/000071251514000009/ea12312013-q3fy1410qdoc.htm"
  },
  {
    "date": "2013-09-30",
    "symbol": "EA",
    "reportedCurrency": "USD",
    "cik": "0000712515",
    "fillingDate": "2013-11-05",
    "acceptedDate": "2013-11-05 16:36:58",
    "calendarYear": "2014",
    "period": "Q2",
    "revenue": 695000000,
    "costOfRevenue": 413000000,
    "grossProfit": 282000000,
    "grossProfitRatio": 0.4057553957,
    "researchAndDevelopmentExpenses": 283000000,
    "generalAndAdministrativeExpenses": 129000000,
    "sellingAndMarketingExpenses": 164000000,
    "sellingGeneralAndAdministrativeExpenses": 293000000,
    "otherExpenses": -42000000,
    "operatingExpenses": 534000000,
    "costAndExpenses": 947000000,
    "interestIncome": 0,
    "interestExpense": 3000000,
    "depreciationAndAmortization": 56000000,
    "ebitda": -197000000,
    "ebitdaratio": -0.2834532374,
    "operatingIncome": -252000000,
    "operatingIncomeRatio": -0.3625899281,
    "totalOtherIncomeExpensesNet": -8000000,
    "incomeBeforeTax": -260000000,
    "incomeBeforeTaxRatio": -0.3741007194,
    "incomeTaxExpense": 13000000,
    "netIncome": -273000000,
    "netIncomeRatio": -0.3928057554,
    "eps": -0.89,
    "epsdiluted": -0.89,
    "weightedAverageShsOut": 306741573,
    "weightedAverageShsOutDil": 308000000,
    "link": "https://www.sec.gov/Archives/edgar/data/712515/000071251513000042/0000712515-13-000042-index.htm",
    "finalLink": "https://www.sec.gov/Archives/edgar/data/712515/000071251513000042/ea09302013-q2fy1410qdoc.htm"
  },
  {
    "date": "2013-06-30",
    "symbol": "EA",
    "reportedCurrency": "USD",
    "cik": "0000712515",
    "fillingDate": "2013-08-02",
    "acceptedDate": "2013-08-02 16:30:41",
    "calendarYear": "2014",
    "period": "Q1",
    "revenue": 949000000,
    "costOfRevenue": 194000000,
    "grossProfit": 755000000,
    "grossProfitRatio": 0.7955742887,
    "researchAndDevelopmentExpenses": 278000000,
    "generalAndAdministrativeExpenses": 85000000,
    "sellingAndMarketingExpenses": 147000000,
    "sellingGeneralAndAdministrativeExpenses": 232000000,
    "otherExpenses": 12000000,
    "operatingExpenses": 522000000,
    "costAndExpenses": 716000000,
    "interestIncome": 0,
    "interestExpense": 6000000,
    "depreciationAndAmortization": 56000000,
    "ebitda": 291000000,
    "ebitdaratio": 0.3066385669,
    "operatingIncome": 233000000,
    "operatingIncomeRatio": 0.2455216017,
    "totalOtherIncomeExpensesNet": -5000000,
    "incomeBeforeTax": 228000000,
    "incomeBeforeTaxRatio": 0.2402528978,
    "incomeTaxExpense": 6000000,
    "netIncome": 222000000,
    "netIncomeRatio": 0.2339304531,
    "eps": 0.73,
    "epsdiluted": 0.71,
    "weightedAverageShsOut": 304000000,
    "weightedAverageShsOutDil": 312000000,
    "link": "https://www.sec.gov/Archives/edgar/data/712515/000071251513000037/0000712515-13-000037-index.htm",
    "finalLink": "https://www.sec.gov/Archives/edgar/data/712515/000071251513000037/ea06302013-q1fy1410qdoc.htm"
  },
  {
    "date": "2013-03-31",
    "symbol": "EA",
    "reportedCurrency": "USD",
    "cik": "0000712515",
    "fillingDate": "2013-05-22",
    "acceptedDate": "2013-05-22 16:21:53",
    "calendarYear": "2013",
    "period": "Q4",
    "revenue": 1209000000,
    "costOfRevenue": 309000000,
    "grossProfit": 900000000,
    "grossProfitRatio": 0.7444168734,
    "researchAndDevelopmentExpenses": 263000000,
    "generalAndAdministrativeExpenses": 96000000,
    "sellingAndMarketingExpenses": 198000000,
    "sellingGeneralAndAdministrativeExpenses": 294000000,
    "otherExpenses": 10000000,
    "operatingExpenses": 591000000,
    "costAndExpenses": 900000000,
    "interestIncome": 0,
    "interestExpense": 10000000,
    "depreciationAndAmortization": 86000000,
    "ebitda": 426000000,
    "ebitdaratio": 0.3523573201,
    "operatingIncome": 309000000,
    "operatingIncomeRatio": 0.2555831266,
    "totalOtherIncomeExpensesNet": 21000000,
    "incomeBeforeTax": 330000000,
    "incomeBeforeTaxRatio": 0.2729528536,
    "incomeTaxExpense": 7000000,
    "netIncome": 323000000,
    "netIncomeRatio": 0.2671629446,
    "eps": 1.07,
    "epsdiluted": 1.05,
    "weightedAverageShsOut": 301000000,
    "weightedAverageShsOutDil": 307000000,
    "link": "https://www.sec.gov/Archives/edgar/data/712515/000071251513000022/0000712515-13-000022-index.htm",
    "finalLink": "https://www.sec.gov/Archives/edgar/data/712515/000071251513000022/ea20130331-10kdoc.htm"
  },
  {
    "date": "2012-12-31",
    "symbol": "EA",
    "reportedCurrency": "USD",
    "cik": "0000712515",
    "fillingDate": "2013-02-05",
    "acceptedDate": "2013-02-05 16:14:36",
    "calendarYear": "2013",
    "period": "Q3",
    "revenue": 922000000,
    "costOfRevenue": 429000000,
    "grossProfit": 493000000,
    "grossProfitRatio": 0.5347071584,
    "researchAndDevelopmentExpenses": 278000000,
    "generalAndAdministrativeExpenses": 68000000,
    "sellingAndMarketingExpenses": 214000000,
    "sellingGeneralAndAdministrativeExpenses": 282000000,
    "otherExpenses": -36000000,
    "operatingExpenses": 532000000,
    "costAndExpenses": 961000000,
    "interestIncome": 0,
    "interestExpense": 7000000,
    "depreciationAndAmortization": 66000000,
    "ebitda": 40000000,
    "ebitdaratio": 0.0433839479,
    "operatingIncome": -39000000,
    "operatingIncomeRatio": -0.0422993492,
    "totalOtherIncomeExpensesNet": 6000000,
    "incomeBeforeTax": -33000000,
    "incomeBeforeTaxRatio": -0.035791757,
    "incomeTaxExpense": 12000000,
    "netIncome": -45000000,
    "netIncomeRatio": -0.0488069414,
    "eps": -0.15,
    "epsdiluted": -0.15,
    "weightedAverageShsOut": 300000000,
    "weightedAverageShsOutDil": 304000000,
    "link": "https://www.sec.gov/Archives/edgar/data/712515/000071251513000007/0000712515-13-000007-index.htm",
    "finalLink": "https://www.sec.gov/Archives/edgar/data/712515/000071251513000007/ea12312012-10qdoc.htm"
  },
  {
    "date": "2012-09-30",
    "symbol": "EA",
    "reportedCurrency": "USD",
    "cik": "0000712515",
    "fillingDate": "2012-11-06",
    "acceptedDate": "2012-11-06 17:05:23",
    "calendarYear": "2013",
    "period": "Q2",
    "revenue": 711000000,
    "costOfRevenue": 445000000,
    "grossProfit": 266000000,
    "grossProfitRatio": 0.3741209564,
    "researchAndDevelopmentExpenses": 306000000,
    "generalAndAdministrativeExpenses": 99000000,
    "sellingAndMarketingExpenses": 212000000,
    "sellingGeneralAndAdministrativeExpenses": 311000000,
    "otherExpenses": 5000000,
    "operatingExpenses": 630000000,
    "costAndExpenses": 1075000000,
    "interestIncome": 2000000,
    "interestExpense": 0,
    "depreciationAndAmortization": 56000000,
    "ebitda": -306000000,
    "ebitdaratio": -0.4303797468,
    "operatingIncome": -364000000,
    "operatingIncomeRatio": -0.511954993,
    "totalOtherIncomeExpensesNet": -4000000,
    "incomeBeforeTax": -368000000,
    "incomeBeforeTaxRatio": -0.517580872,
    "incomeTaxExpense": 13000000,
    "netIncome": -381000000,
    "netIncomeRatio": -0.5358649789,
    "eps": -1.21,
    "epsdiluted": -1.21,
    "weightedAverageShsOut": 316000000,
    "weightedAverageShsOutDil": 316000000,
    "link": "https://www.sec.gov/Archives/edgar/data/712515/000071251512000010/0000712515-12-000010-index.htm",
    "finalLink": "https://www.sec.gov/Archives/edgar/data/712515/000071251512000010/ea09302012-10qdoc.htm"
  },
  {
    "date": "2012-06-30",
    "symbol": "EA",
    "reportedCurrency": "USD",
    "cik": "0000712515",
    "fillingDate": "2012-08-03",
    "acceptedDate": "2012-08-03 17:23:14",
    "calendarYear": "2013",
    "period": "Q1",
    "revenue": 955000000,
    "costOfRevenue": 205000000,
    "grossProfit": 750000000,
    "grossProfitRatio": 0.7853403141,
    "researchAndDevelopmentExpenses": 282000000,
    "generalAndAdministrativeExpenses": 86000000,
    "sellingAndMarketingExpenses": 145000000,
    "sellingGeneralAndAdministrativeExpenses": 231000000,
    "otherExpenses": 14000000,
    "operatingExpenses": 535000000,
    "costAndExpenses": 740000000,
    "interestIncome": -1000000,
    "interestExpense": 5000000,
    "depreciationAndAmortization": 56000000,
    "ebitda": 272000000,
    "ebitdaratio": 0.2848167539,
    "operatingIncome": 215000000,
    "operatingIncomeRatio": 0.2251308901,
    "totalOtherIncomeExpensesNet": -5000000,
    "incomeBeforeTax": 210000000,
    "incomeBeforeTaxRatio": 0.219895288,
    "incomeTaxExpense": 9000000,
    "netIncome": 201000000,
    "netIncomeRatio": 0.2104712042,
    "eps": 0.63,
    "epsdiluted": 0.63,
    "weightedAverageShsOut": 317000000,
    "weightedAverageShsOutDil": 320000000,
    "link": "https://www.sec.gov/Archives/edgar/data/712515/000071251512000004/0000712515-12-000004-index.htm",
    "finalLink": "https://www.sec.gov/Archives/edgar/data/712515/000071251512000004/ea06302012-10qdoc.htm"
  },
  {
    "date": "2012-03-31",
    "symbol": "EA",
    "reportedCurrency": "USD",
    "cik": "0000712515",
    "fillingDate": "2012-05-25",
    "acceptedDate": "2012-05-25 16:34:45",
    "calendarYear": "2012",
    "period": "Q4",
    "revenue": 1368000000,
    "costOfRevenue": 374000000,
    "grossProfit": 994000000,
    "grossProfitRatio": 0.7266081871,
    "researchAndDevelopmentExpenses": 284000000,
    "generalAndAdministrativeExpenses": 115000000,
    "sellingAndMarketingExpenses": 222000000,
    "sellingGeneralAndAdministrativeExpenses": 337000000,
    "otherExpenses": 8000000,
    "operatingExpenses": 629000000,
    "costAndExpenses": 1003000000,
    "interestIncome": 9000000,
    "interestExpense": 7000000,
    "depreciationAndAmortization": 68000000,
    "ebitda": 436000000,
    "ebitdaratio": 0.3187134503,
    "operatingIncome": 365000000,
    "operatingIncomeRatio": 0.2668128655,
    "totalOtherIncomeExpensesNet": -4000000,
    "incomeBeforeTax": 361000000,
    "incomeBeforeTaxRatio": 0.2638888889,
    "incomeTaxExpense": -39000000,
    "netIncome": 400000000,
    "netIncomeRatio": 0.2923976608,
    "eps": 1.26,
    "epsdiluted": 1.26,
    "weightedAverageShsOut": 317000000,
    "weightedAverageShsOutDil": 317000000,
    "link": "https://www.sec.gov/Archives/edgar/data/712515/000119312512249324/0001193125-12-249324-index.htm",
    "finalLink": "https://www.sec.gov/Archives/edgar/data/712515/000119312512249324/d318259d10k.htm"
  },
  {
    "date": "2011-12-31",
    "symbol": "EA",
    "reportedCurrency": "USD",
    "cik": "0000712515",
    "fillingDate": "2012-02-07",
    "acceptedDate": "2012-02-06 18:30:27",
    "calendarYear": "2012",
    "period": "Q3",
    "revenue": 1061000000,
    "costOfRevenue": 552000000,
    "grossProfit": 509000000,
    "grossProfitRatio": 0.479736098,
    "researchAndDevelopmentExpenses": 325000000,
    "generalAndAdministrativeExpenses": 98000000,
    "sellingAndMarketingExpenses": 269000000,
    "sellingGeneralAndAdministrativeExpenses": 367000000,
    "otherExpenses": 0,
    "operatingExpenses": 692000000,
    "costAndExpenses": 1244000000,
    "interestIncome": 0,
    "interestExpense": 10000000,
    "depreciationAndAmortization": 54000000,
    "ebitda": -132000000,
    "ebitdaratio": -0.1244109331,
    "operatingIncome": -183000000,
    "operatingIncomeRatio": -0.1724787936,
    "totalOtherIncomeExpensesNet": -10000000,
    "incomeBeforeTax": -193000000,
    "incomeBeforeTaxRatio": -0.1819038643,
    "incomeTaxExpense": 12000000,
    "netIncome": -205000000,
    "netIncomeRatio": -0.1932139491,
    "eps": -0.62,
    "epsdiluted": -0.62,
    "weightedAverageShsOut": 332000000,
    "weightedAverageShsOutDil": 332000000,
    "link": "https://www.sec.gov/Archives/edgar/data/712515/000119312512041653/0001193125-12-041653-index.htm",
    "finalLink": "https://www.sec.gov/Archives/edgar/data/712515/000119312512041653/d291203d10q.htm"
  },
  {
    "date": "2011-09-30",
    "symbol": "EA",
    "reportedCurrency": "USD",
    "cik": "0000712515",
    "fillingDate": "2011-11-08",
    "acceptedDate": "2011-11-08 16:43:19",
    "calendarYear": "2012",
    "period": "Q2",
    "revenue": 715000000,
    "costOfRevenue": 432000000,
    "grossProfit": 283000000,
    "grossProfitRatio": 0.3958041958,
    "researchAndDevelopmentExpenses": 318000000,
    "generalAndAdministrativeExpenses": 88000000,
    "sellingAndMarketingExpenses": 222000000,
    "sellingGeneralAndAdministrativeExpenses": 310000000,
    "otherExpenses": 29000000,
    "operatingExpenses": 657000000,
    "costAndExpenses": 1089000000,
    "interestIncome": 0,
    "interestExpense": 6000000,
    "depreciationAndAmortization": 51000000,
    "ebitda": -323000000,
    "ebitdaratio": -0.4517482517,
    "operatingIncome": -374000000,
    "operatingIncomeRatio": -0.5230769231,
    "totalOtherIncomeExpensesNet": -6000000,
    "incomeBeforeTax": -380000000,
    "incomeBeforeTaxRatio": -0.5314685315,
    "incomeTaxExpense": -40000000,
    "netIncome": -340000000,
    "netIncomeRatio": -0.4755244755,
    "eps": -1.03,
    "epsdiluted": -1.03,
    "weightedAverageShsOut": 331000000,
    "weightedAverageShsOutDil": 331000000,
    "link": "https://www.sec.gov/Archives/edgar/data/712515/000119312511302274/0001193125-11-302274-index.htm",
    "finalLink": "https://www.sec.gov/Archives/edgar/data/712515/000119312511302274/d249014d10q.htm"
  },
  {
    "date": "2011-06-30",
    "symbol": "EA",
    "reportedCurrency": "USD",
    "cik": "0000712515",
    "fillingDate": "2011-08-09",
    "acceptedDate": "2011-08-09 16:21:25",
    "calendarYear": "2012",
    "period": "Q1",
    "revenue": 999000000,
    "costOfRevenue": 240000000,
    "grossProfit": 759000000,
    "grossProfitRatio": 0.7597597598,
    "researchAndDevelopmentExpenses": 285000000,
    "generalAndAdministrativeExpenses": 74000000,
    "sellingAndMarketingExpenses": 140000000,
    "sellingGeneralAndAdministrativeExpenses": 214000000,
    "otherExpenses": 33000000,
    "operatingExpenses": 532000000,
    "costAndExpenses": 772000000,
    "interestIncome": 3000000,
    "interestExpense": 0,
    "depreciationAndAmortization": 43000000,
    "ebitda": 273000000,
    "ebitdaratio": 0.2732732733,
    "operatingIncome": 227000000,
    "operatingIncomeRatio": 0.2272272272,
    "totalOtherIncomeExpensesNet": 3000000,
    "incomeBeforeTax": 230000000,
    "incomeBeforeTaxRatio": 0.2302302302,
    "incomeTaxExpense": 9000000,
    "netIncome": 221000000,
    "netIncomeRatio": 0.2212212212,
    "eps": 0.67,
    "epsdiluted": 0.66,
    "weightedAverageShsOut": 331000000,
    "weightedAverageShsOutDil": 337000000,
    "link": "https://www.sec.gov/Archives/edgar/data/712515/000119312511216530/0001193125-11-216530-index.htm",
    "finalLink": "https://www.sec.gov/Archives/edgar/data/712515/000119312511216530/d10q.htm"
  },
  {
    "date": "2011-03-31",
    "symbol": "EA",
    "reportedCurrency": "USD",
    "cik": "0000712515",
    "fillingDate": "2011-05-24",
    "acceptedDate": "2011-05-24 16:56:02",
    "calendarYear": "2011",
    "period": "Q4",
    "revenue": 1090000000,
    "costOfRevenue": 328000000,
    "grossProfit": 762000000,
    "grossProfitRatio": 0.6990825688,
    "researchAndDevelopmentExpenses": 328000000,
    "generalAndAdministrativeExpenses": 75000000,
    "sellingAndMarketingExpenses": 194000000,
    "sellingGeneralAndAdministrativeExpenses": 269000000,
    "otherExpenses": 20000000,
    "operatingExpenses": 617000000,
    "costAndExpenses": 945000000,
    "interestIncome": 0,
    "interestExpense": 0,
    "depreciationAndAmortization": 42000000,
    "ebitda": 194000000,
    "ebitdaratio": 0.1779816514,
    "operatingIncome": 145000000,
    "operatingIncomeRatio": 0.1330275229,
    "totalOtherIncomeExpensesNet": 4000000,
    "incomeBeforeTax": 149000000,
    "incomeBeforeTaxRatio": 0.1366972477,
    "incomeTaxExpense": -2000000,
    "netIncome": 151000000,
    "netIncomeRatio": 0.1385321101,
    "eps": 0.46,
    "epsdiluted": 0.46,
    "weightedAverageShsOut": 330000000,
    "weightedAverageShsOutDil": 331000000,
    "link": "https://www.sec.gov/Archives/edgar/data/712515/000119312511149262/0001193125-11-149262-index.htm",
    "finalLink": "https://www.sec.gov/Archives/edgar/data/712515/000119312511149262/d10k.htm"
  },
  {
    "date": "2010-12-31",
    "symbol": "EA",
    "reportedCurrency": "USD",
    "cik": "0000712515",
    "fillingDate": "2011-02-07",
    "acceptedDate": "2011-02-07 17:25:41",
    "calendarYear": "2011",
    "period": "Q3",
    "revenue": 1053000000,
    "costOfRevenue": 586000000,
    "grossProfit": 467000000,
    "grossProfitRatio": 0.4434947768,
    "researchAndDevelopmentExpenses": 273000000,
    "generalAndAdministrativeExpenses": 75000000,
    "sellingAndMarketingExpenses": 253000000,
    "sellingGeneralAndAdministrativeExpenses": 328000000,
    "otherExpenses": 169000000,
    "operatingExpenses": 770000000,
    "costAndExpenses": 1356000000,
    "interestIncome": 0,
    "interestExpense": 0,
    "depreciationAndAmortization": 44000000,
    "ebitda": -259000000,
    "ebitdaratio": -0.2459639126,
    "operatingIncome": -303000000,
    "operatingIncomeRatio": -0.2877492877,
    "totalOtherIncomeExpensesNet": 0,
    "incomeBeforeTax": -303000000,
    "incomeBeforeTaxRatio": -0.2877492877,
    "incomeTaxExpense": 19000000,
    "netIncome": -322000000,
    "netIncomeRatio": -0.3057929725,
    "eps": -0.97,
    "epsdiluted": -0.97,
    "weightedAverageShsOut": 332000000,
    "weightedAverageShsOutDil": 332000000,
    "link": "https://www.sec.gov/Archives/edgar/data/712515/000119312511025954/0001193125-11-025954-index.htm",
    "finalLink": "https://www.sec.gov/Archives/edgar/data/712515/000119312511025954/d10q.htm"
  },
  {
    "date": "2010-09-30",
    "symbol": "EA",
    "reportedCurrency": "USD",
    "cik": "0000712515",
    "fillingDate": "2010-11-08",
    "acceptedDate": "2010-11-08 16:37:26",
    "calendarYear": "2011",
    "period": "Q2",
    "revenue": 631000000,
    "costOfRevenue": 363000000,
    "grossProfit": 268000000,
    "grossProfitRatio": 0.4247226624,
    "researchAndDevelopmentExpenses": 277000000,
    "generalAndAdministrativeExpenses": 77000000,
    "sellingAndMarketingExpenses": 173000000,
    "sellingGeneralAndAdministrativeExpenses": 250000000,
    "otherExpenses": -7000000,
    "operatingExpenses": 520000000,
    "costAndExpenses": 883000000,
    "interestIncome": 6000000,
    "interestExpense": 0,
    "depreciationAndAmortization": 46000000,
    "ebitda": -172000000,
    "ebitdaratio": -0.2725832013,
    "operatingIncome": -252000000,
    "operatingIncomeRatio": -0.3993660856,
    "totalOtherIncomeExpensesNet": 34000000,
    "incomeBeforeTax": -218000000,
    "incomeBeforeTaxRatio": -0.3454833597,
    "incomeTaxExpense": -17000000,
    "netIncome": -201000000,
    "netIncomeRatio": -0.3185419968,
    "eps": -0.61,
    "epsdiluted": -0.61,
    "weightedAverageShsOut": 329000000,
    "weightedAverageShsOutDil": 329000000,
    "link": "https://www.sec.gov/Archives/edgar/data/712515/000119312510252171/0001193125-10-252171-index.htm",
    "finalLink": "https://www.sec.gov/Archives/edgar/data/712515/000119312510252171/d10q.htm"
  },
  {
    "date": "2010-06-30",
    "symbol": "EA",
    "reportedCurrency": "USD",
    "cik": "0000712515",
    "fillingDate": "2010-08-09",
    "acceptedDate": "2010-08-09 16:37:26",
    "calendarYear": "2011",
    "period": "Q1",
    "revenue": 815000000,
    "costOfRevenue": 222000000,
    "grossProfit": 593000000,
    "grossProfitRatio": 0.727607362,
    "researchAndDevelopmentExpenses": 275000000,
    "generalAndAdministrativeExpenses": 74000000,
    "sellingAndMarketingExpenses": 127000000,
    "sellingGeneralAndAdministrativeExpenses": 201000000,
    "otherExpenses": 19000000,
    "operatingExpenses": 495000000,
    "costAndExpenses": 717000000,
    "interestIncome": 0,
    "interestExpense": 0,
    "depreciationAndAmortization": 48000000,
    "ebitda": 150000000,
    "ebitdaratio": 0.1840490798,
    "operatingIncome": 98000000,
    "operatingIncomeRatio": 0.1202453988,
    "totalOtherIncomeExpensesNet": -5000000,
    "incomeBeforeTax": 93000000,
    "incomeBeforeTaxRatio": 0.1141104294,
    "incomeTaxExpense": -3000000,
    "netIncome": 96000000,
    "netIncomeRatio": 0.117791411,
    "eps": 0.29,
    "epsdiluted": 0.29,
    "weightedAverageShsOut": 328000000,
    "weightedAverageShsOutDil": 332000000,
    "link": "https://www.sec.gov/Archives/edgar/data/712515/000119312510183448/0001193125-10-183448-index.htm",
    "finalLink": "https://www.sec.gov/Archives/edgar/data/712515/000119312510183448/d10q.htm"
  },
  {
    "date": "2010-03-31",
    "symbol": "EA",
    "reportedCurrency": "USD",
    "cik": "0000712515",
    "fillingDate": "2010-05-28",
    "acceptedDate": "2010-05-28 17:17:38",
    "calendarYear": "2010",
    "period": "Q4",
    "revenue": 979000000,
    "costOfRevenue": 298000000,
    "grossProfit": 681000000,
    "grossProfitRatio": 0.695607763,
    "researchAndDevelopmentExpenses": 311000000,
    "generalAndAdministrativeExpenses": 79000000,
    "sellingAndMarketingExpenses": 171000000,
    "sellingGeneralAndAdministrativeExpenses": 250000000,
    "otherExpenses": 37000000,
    "operatingExpenses": 598000000,
    "costAndExpenses": 896000000,
    "interestIncome": 0,
    "interestExpense": 2000000,
    "depreciationAndAmortization": 50000000,
    "ebitda": 155000000,
    "ebitdaratio": 0.1583248212,
    "operatingIncome": 83000000,
    "operatingIncomeRatio": 0.0847803882,
    "totalOtherIncomeExpensesNet": -3000000,
    "incomeBeforeTax": 80000000,
    "incomeBeforeTaxRatio": 0.0817160368,
    "incomeTaxExpense": 50000000,
    "netIncome": 30000000,
    "netIncomeRatio": 0.0306435138,
    "eps": 0.0915,
    "epsdiluted": 0.0915,
    "weightedAverageShsOut": 328000000,
    "weightedAverageShsOutDil": 328000000,
    "link": "https://www.sec.gov/Archives/edgar/data/712515/000095013010001579/0000950130-10-001579-index.htm",
    "finalLink": "https://www.sec.gov/Archives/edgar/data/712515/000095013010001579/d10k.htm"
  },
  {
    "date": "2009-12-31",
    "symbol": "EA",
    "reportedCurrency": "USD",
    "cik": "0000712515",
    "fillingDate": "2010-02-09",
    "acceptedDate": "2010-02-09 16:18:52",
    "calendarYear": "2010",
    "period": "Q3",
    "revenue": 1243000000,
    "costOfRevenue": 654000000,
    "grossProfit": 589000000,
    "grossProfitRatio": 0.47385358,
    "researchAndDevelopmentExpenses": 290000000,
    "generalAndAdministrativeExpenses": 84000000,
    "sellingAndMarketingExpenses": 208000000,
    "sellingGeneralAndAdministrativeExpenses": 292000000,
    "otherExpenses": 114000000,
    "operatingExpenses": 696000000,
    "costAndExpenses": 1350000000,
    "interestIncome": 0,
    "interestExpense": 0,
    "depreciationAndAmortization": 48000000,
    "ebitda": 41000000,
    "ebitdaratio": 0.0329847144,
    "operatingIncome": -107000000,
    "operatingIncomeRatio": -0.0860820595,
    "totalOtherIncomeExpensesNet": -3000000,
    "incomeBeforeTax": -110000000,
    "incomeBeforeTaxRatio": -0.0884955752,
    "incomeTaxExpense": -28000000,
    "netIncome": -82000000,
    "netIncomeRatio": -0.0659694288,
    "eps": -0.25,
    "epsdiluted": -0.25,
    "weightedAverageShsOut": 325000000,
    "weightedAverageShsOutDil": 325000000,
    "link": "https://www.sec.gov/Archives/edgar/data/712515/000119312510025856/0001193125-10-025856-index.htm",
    "finalLink": "https://www.sec.gov/Archives/edgar/data/712515/000119312510025856/d10q.htm"
  },
  {
    "date": "2009-09-30",
    "symbol": "EA",
    "reportedCurrency": "USD",
    "cik": "0000712515",
    "fillingDate": "2009-11-10",
    "acceptedDate": "2009-11-10 16:49:36",
    "calendarYear": "2010",
    "period": "Q2",
    "revenue": 788000000,
    "costOfRevenue": 593000000,
    "grossProfit": 195000000,
    "grossProfitRatio": 0.2474619289,
    "researchAndDevelopmentExpenses": 316000000,
    "generalAndAdministrativeExpenses": 91000000,
    "sellingAndMarketingExpenses": 187000000,
    "sellingGeneralAndAdministrativeExpenses": 278000000,
    "otherExpenses": 18000000,
    "operatingExpenses": 612000000,
    "costAndExpenses": 1205000000,
    "interestIncome": 0,
    "interestExpense": 0,
    "depreciationAndAmortization": 46000000,
    "ebitda": -365000000,
    "ebitdaratio": -0.4631979695,
    "operatingIncome": -417000000,
    "operatingIncomeRatio": -0.5291878173,
    "totalOtherIncomeExpensesNet": -1000000,
    "incomeBeforeTax": -418000000,
    "incomeBeforeTaxRatio": -0.5304568528,
    "incomeTaxExpense": -27000000,
    "netIncome": -391000000,
    "netIncomeRatio": -0.4961928934,
    "eps": -1.21,
    "epsdiluted": -1.21,
    "weightedAverageShsOut": 324000000,
    "weightedAverageShsOutDil": 324000000,
    "link": "https://www.sec.gov/Archives/edgar/data/712515/000119312509230789/0001193125-09-230789-index.htm",
    "finalLink": "https://www.sec.gov/Archives/edgar/data/712515/000119312509230789/d10q.htm"
  },
  {
    "date": "2009-06-30",
    "symbol": "EA",
    "reportedCurrency": "USD",
    "cik": "0000712515",
    "fillingDate": "2009-08-10",
    "acceptedDate": "2009-08-10 16:51:38",
    "calendarYear": "2010",
    "period": "Q1",
    "revenue": 644000000,
    "costOfRevenue": 321000000,
    "grossProfit": 323000000,
    "grossProfitRatio": 0.501552795,
    "researchAndDevelopmentExpenses": 312000000,
    "generalAndAdministrativeExpenses": 66000000,
    "sellingAndMarketingExpenses": 164000000,
    "sellingGeneralAndAdministrativeExpenses": 230000000,
    "otherExpenses": 26000000,
    "operatingExpenses": 568000000,
    "costAndExpenses": 889000000,
    "interestIncome": 0,
    "interestExpense": 0,
    "depreciationAndAmortization": 48000000,
    "ebitda": -183000000,
    "ebitdaratio": -0.2841614907,
    "operatingIncome": -245000000,
    "operatingIncomeRatio": -0.3804347826,
    "totalOtherIncomeExpensesNet": -13000000,
    "incomeBeforeTax": -258000000,
    "incomeBeforeTaxRatio": -0.400621118,
    "incomeTaxExpense": -24000000,
    "netIncome": -234000000,
    "netIncomeRatio": -0.3633540373,
    "eps": -0.72,
    "epsdiluted": -0.72,
    "weightedAverageShsOut": 323000000,
    "weightedAverageShsOutDil": 323000000,
    "link": "https://www.sec.gov/Archives/edgar/data/712515/000119312509170759/0001193125-09-170759-index.htm",
    "finalLink": "https://www.sec.gov/Archives/edgar/data/712515/000119312509170759/d10q.htm"
  },
  {
    "date": "2009-03-31",
    "symbol": "EA",
    "reportedCurrency": "USD",
    "cik": "0000712515",
    "fillingDate": "2009-05-22",
    "acceptedDate": "2009-05-21 20:58:42",
    "calendarYear": "2009",
    "period": "Q4",
    "revenue": 860000000,
    "costOfRevenue": 349000000,
    "grossProfit": 511000000,
    "grossProfitRatio": 0.5941860465,
    "researchAndDevelopmentExpenses": 332000000,
    "generalAndAdministrativeExpenses": 190000000,
    "sellingAndMarketingExpenses": 0,
    "sellingGeneralAndAdministrativeExpenses": 190000000,
    "otherExpenses": 51000000,
    "operatingExpenses": 573000000,
    "costAndExpenses": 922000000,
    "interestIncome": 0,
    "interestExpense": 0,
    "depreciationAndAmortization": 46000000,
    "ebitda": 412000000,
    "ebitdaratio": 0.4790697674,
    "operatingIncome": -62000000,
    "operatingIncomeRatio": -0.0720930233,
    "totalOtherIncomeExpensesNet": 3000000,
    "incomeBeforeTax": -59000000,
    "incomeBeforeTaxRatio": -0.0686046512,
    "incomeTaxExpense": -17000000,
    "netIncome": -42000000,
    "netIncomeRatio": -0.0488372093,
    "eps": -0.13,
    "epsdiluted": -0.13,
    "weightedAverageShsOut": 323000000,
    "weightedAverageShsOutDil": 323000000,
    "link": "https://www.sec.gov/Archives/edgar/data/712515/000119312509116895/0001193125-09-116895-index.htm",
    "finalLink": "https://www.sec.gov/Archives/edgar/data/712515/000119312509116895/d10k.htm"
  },
  {
    "date": "2008-12-31",
    "symbol": "EA",
    "reportedCurrency": "USD",
    "cik": "0000712515",
    "fillingDate": "2009-02-04",
    "acceptedDate": "2009-02-04 17:13:26",
    "calendarYear": "2009",
    "period": "Q3",
    "revenue": 1654000000,
    "costOfRevenue": 925000000,
    "grossProfit": 729000000,
    "grossProfitRatio": 0.4407496977,
    "researchAndDevelopmentExpenses": 299000000,
    "generalAndAdministrativeExpenses": 332000000,
    "sellingAndMarketingExpenses": 0,
    "sellingGeneralAndAdministrativeExpenses": 332000000,
    "otherExpenses": 402000000,
    "operatingExpenses": 1033000000,
    "costAndExpenses": 1958000000,
    "interestIncome": 0,
    "interestExpense": 0,
    "depreciationAndAmortization": 48000000,
    "ebitda": 131000000,
    "ebitdaratio": 0.0792019347,
    "operatingIncome": -304000000,
    "operatingIncomeRatio": -0.1837968561,
    "totalOtherIncomeExpensesNet": -13000000,
    "incomeBeforeTax": -317000000,
    "incomeBeforeTaxRatio": -0.1916565901,
    "incomeTaxExpense": 324000000,
    "netIncome": -641000000,
    "netIncomeRatio": -0.3875453446,
    "eps": -2,
    "epsdiluted": -2,
    "weightedAverageShsOut": 321000000,
    "weightedAverageShsOutDil": 321000000,
    "link": "https://www.sec.gov/Archives/edgar/data/712515/000119312509018921/0001193125-09-018921-index.htm",
    "finalLink": "https://www.sec.gov/Archives/edgar/data/712515/000119312509018921/d10q.htm"
  },
  {
    "date": "2008-09-30",
    "symbol": "EA",
    "reportedCurrency": "USD",
    "cik": "0000712515",
    "fillingDate": "2008-11-06",
    "acceptedDate": "2008-11-06 14:35:01",
    "calendarYear": "2009",
    "period": "Q2",
    "revenue": 894000000,
    "costOfRevenue": 557000000,
    "grossProfit": 337000000,
    "grossProfitRatio": 0.3769574944,
    "researchAndDevelopmentExpenses": 372000000,
    "generalAndAdministrativeExpenses": 289000000,
    "sellingAndMarketingExpenses": 0,
    "sellingGeneralAndAdministrativeExpenses": 289000000,
    "otherExpenses": 40000000,
    "operatingExpenses": 701000000,
    "costAndExpenses": 1258000000,
    "interestIncome": 0,
    "interestExpense": 0,
    "depreciationAndAmortization": 54000000,
    "ebitda": -286000000,
    "ebitdaratio": -0.3199105145,
    "operatingIncome": -364000000,
    "operatingIncomeRatio": -0.4071588367,
    "totalOtherIncomeExpensesNet": -27000000,
    "incomeBeforeTax": -391000000,
    "incomeBeforeTaxRatio": -0.437360179,
    "incomeTaxExpense": -81000000,
    "netIncome": -310000000,
    "netIncomeRatio": -0.3467561521,
    "eps": -0.97,
    "epsdiluted": -0.97,
    "weightedAverageShsOut": 319000000,
    "weightedAverageShsOutDil": 319000000,
    "link": "https://www.sec.gov/Archives/edgar/data/712515/000095013408019651/0000950134-08-019651-index.htm",
    "finalLink": "https://www.sec.gov/Archives/edgar/data/712515/000095013408019651/f50297e10vq.htm"
  },
  {
    "date": "2008-06-30",
    "symbol": "EA",
    "reportedCurrency": "USD",
    "cik": "0000712515",
    "fillingDate": "2008-08-04",
    "acceptedDate": "2008-08-04 17:16:19",
    "calendarYear": "2009",
    "period": "Q1",
    "revenue": 804000000,
    "costOfRevenue": 296000000,
    "grossProfit": 508000000,
    "grossProfitRatio": 0.631840796,
    "researchAndDevelopmentExpenses": 356000000,
    "generalAndAdministrativeExpenses": 212000000,
    "sellingAndMarketingExpenses": 0,
    "sellingGeneralAndAdministrativeExpenses": 212000000,
    "otherExpenses": 37000000,
    "operatingExpenses": 605000000,
    "costAndExpenses": 901000000,
    "interestIncome": 0,
    "interestExpense": 0,
    "depreciationAndAmortization": 50000000,
    "ebitda": -25000000,
    "ebitdaratio": -0.0310945274,
    "operatingIncome": -97000000,
    "operatingIncomeRatio": -0.1206467662,
    "totalOtherIncomeExpensesNet": 9000000,
    "incomeBeforeTax": -88000000,
    "incomeBeforeTaxRatio": -0.1094527363,
    "incomeTaxExpense": 7000000,
    "netIncome": -95000000,
    "netIncomeRatio": -0.118159204,
    "eps": -0.3,
    "epsdiluted": -0.3,
    "weightedAverageShsOut": 318000000,
    "weightedAverageShsOutDil": 318000000,
    "link": "https://www.sec.gov/Archives/edgar/data/712515/000095013408013991/0000950134-08-013991-index.htm",
    "finalLink": "https://www.sec.gov/Archives/edgar/data/712515/000095013408013991/f42085e10vq.htm"
  },
  {
    "date": "2008-03-31",
    "symbol": "EA",
    "reportedCurrency": "USD",
    "cik": "0000712515",
    "fillingDate": "2008-05-23",
    "acceptedDate": "2008-05-23 17:27:24",
    "calendarYear": "2008",
    "period": "Q4",
    "revenue": 1128000000,
    "costOfRevenue": 463000000,
    "grossProfit": 665000000,
    "grossProfitRatio": 0.5895390071,
    "researchAndDevelopmentExpenses": 316000000,
    "generalAndAdministrativeExpenses": 218000000,
    "sellingAndMarketingExpenses": 0,
    "sellingGeneralAndAdministrativeExpenses": 218000000,
    "otherExpenses": 169000000,
    "operatingExpenses": 703000000,
    "costAndExpenses": 1166000000,
    "interestIncome": 0,
    "interestExpense": 0,
    "depreciationAndAmortization": 49000000,
    "ebitda": 167000000,
    "ebitdaratio": 0.1480496454,
    "operatingIncome": -38000000,
    "operatingIncomeRatio": -0.0336879433,
    "totalOtherIncomeExpensesNet": -98000000,
    "incomeBeforeTax": -136000000,
    "incomeBeforeTaxRatio": -0.1205673759,
    "incomeTaxExpense": -43000000,
    "netIncome": -93000000,
    "netIncomeRatio": -0.0824468085,
    "eps": -0.29,
    "epsdiluted": -0.29,
    "weightedAverageShsOut": 317000000,
    "weightedAverageShsOutDil": 318000000,
    "link": "https://www.sec.gov/Archives/edgar/data/712515/000089161808000290/0000891618-08-000290-index.htm",
    "finalLink": "https://www.sec.gov/Archives/edgar/data/712515/000089161808000290/f40957e10vk.htm"
  },
  {
    "date": "2007-12-31",
    "symbol": "EA",
    "reportedCurrency": "USD",
    "cik": "0000712515",
    "fillingDate": "2008-02-05",
    "acceptedDate": "2008-02-04 18:38:12",
    "calendarYear": "2008",
    "period": "Q3",
    "revenue": 1503000000,
    "costOfRevenue": 782000000,
    "grossProfit": 721000000,
    "grossProfitRatio": 0.4797072522,
    "researchAndDevelopmentExpenses": 321000000,
    "generalAndAdministrativeExpenses": 308000000,
    "sellingAndMarketingExpenses": 0,
    "sellingGeneralAndAdministrativeExpenses": 308000000,
    "otherExpenses": 85000000,
    "operatingExpenses": 714000000,
    "costAndExpenses": 1496000000,
    "interestIncome": 0,
    "interestExpense": 0,
    "depreciationAndAmortization": 42000000,
    "ebitda": 127000000,
    "ebitdaratio": 0.0844976713,
    "operatingIncome": 7000000,
    "operatingIncomeRatio": 0.004657352,
    "totalOtherIncomeExpensesNet": 20000000,
    "incomeBeforeTax": 27000000,
    "incomeBeforeTaxRatio": 0.0179640719,
    "incomeTaxExpense": 60000000,
    "netIncome": -33000000,
    "netIncomeRatio": -0.0219560878,
    "eps": -0.1,
    "epsdiluted": -0.1,
    "weightedAverageShsOut": 315000000,
    "weightedAverageShsOutDil": 315000000,
    "link": "https://www.sec.gov/Archives/edgar/data/712515/000089161808000071/0000891618-08-000071-index.htm",
    "finalLink": "https://www.sec.gov/Archives/edgar/data/712515/000089161808000071/f37468e10vq.htm"
  },
  {
    "date": "2007-09-30",
    "symbol": "EA",
    "reportedCurrency": "USD",
    "cik": "0000712515",
    "fillingDate": "2007-11-06",
    "acceptedDate": "2007-11-06 16:41:08",
    "calendarYear": "2008",
    "period": "Q2",
    "revenue": 640000000,
    "costOfRevenue": 395000000,
    "grossProfit": 245000000,
    "grossProfitRatio": 0.3828125,
    "researchAndDevelopmentExpenses": 259000000,
    "generalAndAdministrativeExpenses": 248000000,
    "sellingAndMarketingExpenses": 0,
    "sellingGeneralAndAdministrativeExpenses": 248000000,
    "otherExpenses": 12000000,
    "operatingExpenses": 519000000,
    "costAndExpenses": 914000000,
    "interestIncome": 0,
    "interestExpense": 0,
    "depreciationAndAmortization": 37000000,
    "ebitda": -232000000,
    "ebitdaratio": -0.3625,
    "operatingIncome": -274000000,
    "operatingIncomeRatio": -0.428125,
    "totalOtherIncomeExpensesNet": 32000000,
    "incomeBeforeTax": -242000000,
    "incomeBeforeTaxRatio": -0.378125,
    "incomeTaxExpense": -47000000,
    "netIncome": -195000000,
    "netIncomeRatio": -0.3046875,
    "eps": -0.62,
    "epsdiluted": -0.62,
    "weightedAverageShsOut": 313000000,
    "weightedAverageShsOutDil": 313000000,
    "link": "https://www.sec.gov/Archives/edgar/data/712515/000095013407023005/0000950134-07-023005-index.htm",
    "finalLink": "https://www.sec.gov/Archives/edgar/data/712515/000095013407023005/f35027e10vq.htm"
  },
  {
    "date": "2007-06-30",
    "symbol": "EA",
    "reportedCurrency": "USD",
    "cik": "0000712515",
    "fillingDate": "2007-08-06",
    "acceptedDate": "2007-08-06 16:47:12",
    "calendarYear": "2008",
    "period": "Q1",
    "revenue": 395000000,
    "costOfRevenue": 166000000,
    "grossProfit": 229000000,
    "grossProfitRatio": 0.5797468354,
    "researchAndDevelopmentExpenses": 250000000,
    "generalAndAdministrativeExpenses": 153000000,
    "sellingAndMarketingExpenses": 0,
    "sellingGeneralAndAdministrativeExpenses": 153000000,
    "otherExpenses": 9000000,
    "operatingExpenses": 412000000,
    "costAndExpenses": 578000000,
    "interestIncome": 0,
    "interestExpense": 0,
    "depreciationAndAmortization": 36000000,
    "ebitda": -145000000,
    "ebitdaratio": -0.3670886076,
    "operatingIncome": -183000000,
    "operatingIncomeRatio": -0.4632911392,
    "totalOtherIncomeExpensesNet": 27000000,
    "incomeBeforeTax": -156000000,
    "incomeBeforeTaxRatio": -0.3949367089,
    "incomeTaxExpense": -24000000,
    "netIncome": -132000000,
    "netIncomeRatio": -0.3341772152,
    "eps": -0.42,
    "epsdiluted": -0.42,
    "weightedAverageShsOut": 311000000,
    "weightedAverageShsOutDil": 311000000,
    "link": "https://www.sec.gov/Archives/edgar/data/712515/000095013407016995/0000950134-07-016995-index.htm",
    "finalLink": "https://www.sec.gov/Archives/edgar/data/712515/000095013407016995/f31042e10vq.htm"
  },
  {
    "date": "2007-03-31",
    "symbol": "EA",
    "reportedCurrency": "USD",
    "cik": "0000712515",
    "fillingDate": "2007-05-30",
    "acceptedDate": "2007-05-29 21:26:07",
    "calendarYear": "2007",
    "period": "Q4",
    "revenue": 613000000,
    "costOfRevenue": 235000000,
    "grossProfit": 378000000,
    "grossProfitRatio": 0.616639478,
    "researchAndDevelopmentExpenses": 258000000,
    "generalAndAdministrativeExpenses": 7000000,
    "sellingAndMarketingExpenses": 81000000,
    "sellingGeneralAndAdministrativeExpenses": 182000000,
    "otherExpenses": 10000000,
    "operatingExpenses": 450000000,
    "costAndExpenses": 685000000,
    "interestIncome": 0,
    "interestExpense": 0,
    "depreciationAndAmortization": 37000000,
    "ebitda": -32000000,
    "ebitdaratio": -0.0522022838,
    "operatingIncome": -72000000,
    "operatingIncomeRatio": -0.1174551387,
    "totalOtherIncomeExpensesNet": 30000000,
    "incomeBeforeTax": -42000000,
    "incomeBeforeTaxRatio": -0.0685154976,
    "incomeTaxExpense": -17000000,
    "netIncome": -25000000,
    "netIncomeRatio": -0.0407830343,
    "eps": -0.0809,
    "epsdiluted": -0.0809,
    "weightedAverageShsOut": 309000000,
    "weightedAverageShsOutDil": 309000000,
    "link": "https://www.sec.gov/Archives/edgar/data/712515/000095013407012528/0000950134-07-012528-index.htm",
    "finalLink": "https://www.sec.gov/Archives/edgar/data/712515/000095013407012528/f29286e10vk.htm"
  },
  {
    "date": "2006-12-31",
    "symbol": "EA",
    "reportedCurrency": "USD",
    "cik": "0000712515",
    "fillingDate": "2007-02-06",
    "acceptedDate": "2007-02-06 14:48:23",
    "calendarYear": "2007",
    "period": "Q3",
    "revenue": 1281000000,
    "costOfRevenue": 470000000,
    "grossProfit": 811000000,
    "grossProfitRatio": 0.6330991413,
    "researchAndDevelopmentExpenses": 330000000,
    "generalAndAdministrativeExpenses": 91000000,
    "sellingAndMarketingExpenses": 165000000,
    "sellingGeneralAndAdministrativeExpenses": 256000000,
    "otherExpenses": 10000000,
    "operatingExpenses": 596000000,
    "costAndExpenses": 1066000000,
    "interestIncome": 0,
    "interestExpense": 0,
    "depreciationAndAmortization": 38000000,
    "ebitda": 256000000,
    "ebitdaratio": 0.199843872,
    "operatingIncome": 215000000,
    "operatingIncomeRatio": 0.1678376269,
    "totalOtherIncomeExpensesNet": 25000000,
    "incomeBeforeTax": 240000000,
    "incomeBeforeTaxRatio": 0.18735363,
    "incomeTaxExpense": 84000000,
    "netIncome": 160000000,
    "netIncomeRatio": 0.12490242,
    "eps": 0.52,
    "epsdiluted": 0.5,
    "weightedAverageShsOut": 309000000,
    "weightedAverageShsOutDil": 319000000,
    "link": "https://www.sec.gov/Archives/edgar/data/712515/000095013407002137/0000950134-07-002137-index.htm",
    "finalLink": "https://www.sec.gov/Archives/edgar/data/712515/000095013407002137/f26691e10vq.htm"
  },
  {
    "date": "2006-09-30",
    "symbol": "EA",
    "reportedCurrency": "USD",
    "cik": "0000712515",
    "fillingDate": "2006-11-07",
    "acceptedDate": "2006-11-06 21:43:18",
    "calendarYear": "2007",
    "period": "Q2",
    "revenue": 784000000,
    "costOfRevenue": 339000000,
    "grossProfit": 445000000,
    "grossProfitRatio": 0.5676020408,
    "researchAndDevelopmentExpenses": 238000000,
    "generalAndAdministrativeExpenses": 72000000,
    "sellingAndMarketingExpenses": 108000000,
    "sellingGeneralAndAdministrativeExpenses": 180000000,
    "otherExpenses": 13000000,
    "operatingExpenses": 431000000,
    "costAndExpenses": 770000000,
    "interestIncome": 0,
    "interestExpense": 0,
    "depreciationAndAmortization": 37000000,
    "ebitda": 57000000,
    "ebitdaratio": 0.0727040816,
    "operatingIncome": 14000000,
    "operatingIncomeRatio": 0.0178571429,
    "totalOtherIncomeExpensesNet": 24000000,
    "incomeBeforeTax": 38000000,
    "incomeBeforeTaxRatio": 0.0484693878,
    "incomeTaxExpense": 16000000,
    "netIncome": 22000000,
    "netIncomeRatio": 0.0280612245,
    "eps": 0.07,
    "epsdiluted": 0.07,
    "weightedAverageShsOut": 307000000,
    "weightedAverageShsOutDil": 315000000,
    "link": "https://www.sec.gov/Archives/edgar/data/712515/000095013406020626/0000950134-06-020626-index.htm",
    "finalLink": "https://www.sec.gov/Archives/edgar/data/712515/000095013406020626/f24791e10vq.htm"
  },
  {
    "date": "2006-06-30",
    "symbol": "EA",
    "reportedCurrency": "USD",
    "cik": "0000712515",
    "fillingDate": "2006-08-08",
    "acceptedDate": "2006-08-08 16:44:02",
    "calendarYear": "2007",
    "period": "Q1",
    "revenue": 413000000,
    "costOfRevenue": 168000000,
    "grossProfit": 245000000,
    "grossProfitRatio": 0.593220339,
    "researchAndDevelopmentExpenses": 216000000,
    "generalAndAdministrativeExpenses": 59000000,
    "sellingAndMarketingExpenses": 77000000,
    "sellingGeneralAndAdministrativeExpenses": 136000000,
    "otherExpenses": 12000000,
    "operatingExpenses": 364000000,
    "costAndExpenses": 532000000,
    "interestIncome": 0,
    "interestExpense": 0,
    "depreciationAndAmortization": 35000000,
    "ebitda": -78000000,
    "ebitdaratio": -0.1888619855,
    "operatingIncome": -119000000,
    "operatingIncomeRatio": -0.2881355932,
    "totalOtherIncomeExpensesNet": 21000000,
    "incomeBeforeTax": -98000000,
    "incomeBeforeTaxRatio": -0.2372881356,
    "incomeTaxExpense": -17000000,
    "netIncome": -81000000,
    "netIncomeRatio": -0.196125908,
    "eps": -0.26,
    "epsdiluted": -0.26,
    "weightedAverageShsOut": 306000000,
    "weightedAverageShsOutDil": 306000000,
    "link": "https://www.sec.gov/Archives/edgar/data/712515/000095013406015291/0000950134-06-015291-index.htm",
    "finalLink": "https://www.sec.gov/Archives/edgar/data/712515/000095013406015291/f22606e10vq.htm"
  },
  {
    "date": "2006-03-31",
    "symbol": "EA",
    "reportedCurrency": "USD",
    "cik": "0000712515",
    "fillingDate": "2006-06-12",
    "acceptedDate": "2006-06-09 21:44:02",
    "calendarYear": "2006",
    "period": "Q4",
    "revenue": 641000000,
    "costOfRevenue": 244000000,
    "grossProfit": 397000000,
    "grossProfitRatio": 0.6193447738,
    "researchAndDevelopmentExpenses": 187000000,
    "generalAndAdministrativeExpenses": 157000000,
    "sellingAndMarketingExpenses": 0,
    "sellingGeneralAndAdministrativeExpenses": 157000000,
    "otherExpenses": 29000000,
    "operatingExpenses": 373000000,
    "costAndExpenses": 617000000,
    "interestIncome": 0,
    "interestExpense": 0,
    "depreciationAndAmortization": 27000000,
    "ebitda": 76000000,
    "ebitdaratio": 0.1185647426,
    "operatingIncome": 24000000,
    "operatingIncomeRatio": 0.0374414977,
    "totalOtherIncomeExpensesNet": 15000000,
    "incomeBeforeTax": 39000000,
    "incomeBeforeTaxRatio": 0.0608424337,
    "incomeTaxExpense": 54000000,
    "netIncome": -16000000,
    "netIncomeRatio": -0.0249609984,
    "eps": -0.0526,
    "epsdiluted": -0.0523,
    "weightedAverageShsOut": 304000000,
    "weightedAverageShsOutDil": 306000000,
    "link": "https://www.sec.gov/Archives/edgar/data/712515/000095013406011401/0000950134-06-011401-index.htm",
    "finalLink": "https://www.sec.gov/Archives/edgar/data/712515/000095013406011401/f21019e10vk.htm"
  },
  {
    "date": "2005-12-31",
    "symbol": "EA",
    "reportedCurrency": "USD",
    "cik": "0000712515",
    "fillingDate": "2006-02-08",
    "acceptedDate": "2006-02-07 19:07:41",
    "calendarYear": "2006",
    "period": "Q3",
    "revenue": 1270000000,
    "costOfRevenue": 502000000,
    "grossProfit": 768000000,
    "grossProfitRatio": 0.6047244094,
    "researchAndDevelopmentExpenses": 206000000,
    "generalAndAdministrativeExpenses": 205000000,
    "sellingAndMarketingExpenses": 0,
    "sellingGeneralAndAdministrativeExpenses": 205000000,
    "otherExpenses": 10000000,
    "operatingExpenses": 421000000,
    "costAndExpenses": 923000000,
    "interestIncome": 0,
    "interestExpense": 0,
    "depreciationAndAmortization": 22000000,
    "ebitda": 378000000,
    "ebitdaratio": 0.2976377953,
    "operatingIncome": 347000000,
    "operatingIncomeRatio": 0.2732283465,
    "totalOtherIncomeExpensesNet": 20000000,
    "incomeBeforeTax": 367000000,
    "incomeBeforeTaxRatio": 0.288976378,
    "incomeTaxExpense": 106000000,
    "netIncome": 259000000,
    "netIncomeRatio": 0.2039370079,
    "eps": 0.86,
    "epsdiluted": 0.83,
    "weightedAverageShsOut": 301000000,
    "weightedAverageShsOutDil": 311000000,
    "link": "https://www.sec.gov/Archives/edgar/data/712515/000095013406002079/0000950134-06-002079-index.htm",
    "finalLink": "https://www.sec.gov/Archives/edgar/data/712515/000095013406002079/f16210e10vq.htm"
  },
  {
    "date": "2005-09-30",
    "symbol": "EA",
    "reportedCurrency": "USD",
    "cik": "0000712515",
    "fillingDate": "2005-11-10",
    "acceptedDate": "2005-11-10 15:49:20",
    "calendarYear": "2006",
    "period": "Q2",
    "revenue": 675000000,
    "costOfRevenue": 284000000,
    "grossProfit": 391000000,
    "grossProfitRatio": 0.5792592593,
    "researchAndDevelopmentExpenses": 182000000,
    "generalAndAdministrativeExpenses": 159000000,
    "sellingAndMarketingExpenses": 0,
    "sellingGeneralAndAdministrativeExpenses": 159000000,
    "otherExpenses": 1000000,
    "operatingExpenses": 342000000,
    "costAndExpenses": 626000000,
    "interestIncome": 0,
    "interestExpense": 0,
    "depreciationAndAmortization": 23000000,
    "ebitda": 72000000,
    "ebitdaratio": 0.1066666667,
    "operatingIncome": 49000000,
    "operatingIncomeRatio": 0.0725925926,
    "totalOtherIncomeExpensesNet": 13000000,
    "incomeBeforeTax": 62000000,
    "incomeBeforeTaxRatio": 0.0918518519,
    "incomeTaxExpense": 9000000,
    "netIncome": 51000000,
    "netIncomeRatio": 0.0755555556,
    "eps": 0.17,
    "epsdiluted": 0.16,
    "weightedAverageShsOut": 302000000,
    "weightedAverageShsOutDil": 314000000,
    "link": "https://www.sec.gov/Archives/edgar/data/712515/000089161805000853/0000891618-05-000853-index.htm",
    "finalLink": "https://www.sec.gov/Archives/edgar/data/712515/000089161805000853/f13701e10vq.htm"
  },
  {
    "date": "2005-06-30",
    "symbol": "EA",
    "reportedCurrency": "USD",
    "cik": "0000712515",
    "fillingDate": "2005-08-03",
    "acceptedDate": "2005-08-03 16:31:20",
    "calendarYear": "2006",
    "period": "Q1",
    "revenue": 365000000,
    "costOfRevenue": 151000000,
    "grossProfit": 214000000,
    "grossProfitRatio": 0.5863013699,
    "researchAndDevelopmentExpenses": 183000000,
    "generalAndAdministrativeExpenses": 126000000,
    "sellingAndMarketingExpenses": 0,
    "sellingGeneralAndAdministrativeExpenses": 126000000,
    "otherExpenses": 1000000,
    "operatingExpenses": 310000000,
    "costAndExpenses": 461000000,
    "interestIncome": 0,
    "interestExpense": 0,
    "depreciationAndAmortization": 23000000,
    "ebitda": -73000000,
    "ebitdaratio": -0.2,
    "operatingIncome": -96000000,
    "operatingIncomeRatio": -0.2630136986,
    "totalOtherIncomeExpensesNet": 17000000,
    "incomeBeforeTax": -79000000,
    "incomeBeforeTaxRatio": -0.2164383562,
    "incomeTaxExpense": -23000000,
    "netIncome": -58000000,
    "netIncomeRatio": -0.1589041096,
    "eps": -0.19,
    "epsdiluted": -0.19,
    "weightedAverageShsOut": 308000000,
    "weightedAverageShsOutDil": 308000000,
    "link": "https://www.sec.gov/Archives/edgar/data/712515/000089161805000546/0000891618-05-000546-index.htm",
    "finalLink": "https://www.sec.gov/Archives/edgar/data/712515/000089161805000546/f11135e10vq.htm"
  },
  {
    "date": "2005-03-31",
    "symbol": "EA",
    "reportedCurrency": "USD",
    "cik": "0000712515",
    "fillingDate": "2005-06-07",
    "acceptedDate": "2005-06-07 15:51:28",
    "calendarYear": "2005",
    "period": "Q4",
    "revenue": 553780000,
    "costOfRevenue": 233571000,
    "grossProfit": 320209000,
    "grossProfitRatio": 0.5782242046,
    "researchAndDevelopmentExpenses": 160364000,
    "generalAndAdministrativeExpenses": 153745000,
    "sellingAndMarketingExpenses": 0,
    "sellingGeneralAndAdministrativeExpenses": 153745000,
    "otherExpenses": 6137000,
    "operatingExpenses": 320246000,
    "costAndExpenses": 553817000,
    "interestIncome": 0,
    "interestExpense": 0,
    "depreciationAndAmortization": 22089000,
    "ebitda": 27264000,
    "ebitdaratio": 0.0492325472,
    "operatingIncome": -37000,
    "operatingIncomeRatio": -0.0000668135,
    "totalOtherIncomeExpensesNet": 12009000,
    "incomeBeforeTax": 11972000,
    "incomeBeforeTaxRatio": 0.0216186933,
    "incomeTaxExpense": 4550000,
    "netIncome": 7422000,
    "netIncomeRatio": 0.0134024342,
    "eps": 0.0241,
    "epsdiluted": 0.0241,
    "weightedAverageShsOut": 308000000,
    "weightedAverageShsOutDil": 308000000,
    "link": "https://www.sec.gov/Archives/edgar/data/712515/000089161805000406/0000891618-05-000406-index.htm",
    "finalLink": "https://www.sec.gov/Archives/edgar/data/712515/000089161805000406/f07713e10vk.htm"
  },
  {
    "date": "2004-12-31",
    "symbol": "EA",
    "reportedCurrency": "USD",
    "cik": "0000712515",
    "fillingDate": "2005-02-02",
    "acceptedDate": "2005-02-02 16:51:15",
    "calendarYear": "2005",
    "period": "Q3",
    "revenue": 1428000000,
    "costOfRevenue": 503000000,
    "grossProfit": 925000000,
    "grossProfitRatio": 0.6477591036,
    "researchAndDevelopmentExpenses": 185000000,
    "generalAndAdministrativeExpenses": 210420000,
    "sellingAndMarketingExpenses": 0,
    "sellingGeneralAndAdministrativeExpenses": 210420000,
    "otherExpenses": 11000000,
    "operatingExpenses": 406000000,
    "costAndExpenses": 909000000,
    "interestIncome": 0,
    "interestExpense": 0,
    "depreciationAndAmortization": 19833000,
    "ebitda": 547833000,
    "ebitdaratio": 0.3836365546,
    "operatingIncome": 519000000,
    "operatingIncomeRatio": 0.3634453782,
    "totalOtherIncomeExpensesNet": 23000000,
    "incomeBeforeTax": 541932000,
    "incomeBeforeTaxRatio": 0.3795042017,
    "incomeTaxExpense": 166832000,
    "netIncome": 375000000,
    "netIncomeRatio": 0.262605042,
    "eps": 1.23,
    "epsdiluted": 1.18,
    "weightedAverageShsOut": 306000000,
    "weightedAverageShsOutDil": 317000000,
    "link": "https://www.sec.gov/Archives/edgar/data/712515/000095013405001913/0000950134-05-001913-index.htm",
    "finalLink": "https://www.sec.gov/Archives/edgar/data/712515/000095013405001913/f04993e10vq.htm"
  },
  {
    "date": "2004-09-30",
    "symbol": "EA",
    "reportedCurrency": "USD",
    "cik": "0000712515",
    "fillingDate": "2004-11-03",
    "acceptedDate": "2004-11-03 16:46:12",
    "calendarYear": "2005",
    "period": "Q2",
    "revenue": 715728000,
    "costOfRevenue": 283911000,
    "grossProfit": 431817000,
    "grossProfitRatio": 0.603325565,
    "researchAndDevelopmentExpenses": 156839000,
    "generalAndAdministrativeExpenses": 149561000,
    "sellingAndMarketingExpenses": 0,
    "sellingGeneralAndAdministrativeExpenses": 149561000,
    "otherExpenses": 623000,
    "operatingExpenses": 307023000,
    "costAndExpenses": 590934000,
    "interestIncome": 0,
    "interestExpense": 0,
    "depreciationAndAmortization": 16960000,
    "ebitda": 141754000,
    "ebitdaratio": 0.198055686,
    "operatingIncome": 124794000,
    "operatingIncomeRatio": 0.1743595332,
    "totalOtherIncomeExpensesNet": 12183000,
    "incomeBeforeTax": 136977000,
    "incomeBeforeTaxRatio": 0.1913813628,
    "incomeTaxExpense": 39724000,
    "netIncome": 97253000,
    "netIncomeRatio": 0.1358798314,
    "eps": 0.32,
    "epsdiluted": 0.31,
    "weightedAverageShsOut": 304076000,
    "weightedAverageShsOutDil": 316049000,
    "link": "https://www.sec.gov/Archives/edgar/data/712515/000095013404016270/0000950134-04-016270-index.htm",
    "finalLink": "https://www.sec.gov/Archives/edgar/data/712515/000095013404016270/f02072e10vq.htm"
  },
  {
    "date": "2004-06-30",
    "symbol": "EA",
    "reportedCurrency": "USD",
    "cik": "0000712515",
    "fillingDate": "2004-08-03",
    "acceptedDate": "2004-08-03 13:33:15",
    "calendarYear": "2005",
    "period": "Q1",
    "revenue": 431641000,
    "costOfRevenue": 176755000,
    "grossProfit": 254886000,
    "grossProfitRatio": 0.5905046092,
    "researchAndDevelopmentExpenses": 130642000,
    "generalAndAdministrativeExpenses": 98274000,
    "sellingAndMarketingExpenses": 0,
    "sellingGeneralAndAdministrativeExpenses": 98274000,
    "otherExpenses": 1010000,
    "operatingExpenses": 229926000,
    "costAndExpenses": 406681000,
    "interestIncome": 0,
    "interestExpense": 0,
    "depreciationAndAmortization": 16207000,
    "ebitda": 41555000,
    "ebitdaratio": 0.0962721336,
    "operatingIncome": 24960000,
    "operatingIncomeRatio": 0.0578258321,
    "totalOtherIncomeExpensesNet": 9159000,
    "incomeBeforeTax": 34119000,
    "incomeBeforeTaxRatio": 0.0790448544,
    "incomeTaxExpense": 9894000,
    "netIncome": 24225000,
    "netIncomeRatio": 0.0561230282,
    "eps": 0.08,
    "epsdiluted": 0.08,
    "weightedAverageShsOut": 302238000,
    "weightedAverageShsOutDil": 315576000,
    "link": "https://www.sec.gov/Archives/edgar/data/712515/000095013404011124/0000950134-04-011124-index.htm",
    "finalLink": "https://www.sec.gov/Archives/edgar/data/712515/000095013404011124/f99984e10vq.htm"
  },
  {
    "date": "2004-03-31",
    "symbol": "EA",
    "reportedCurrency": "USD",
    "cik": "0000712515",
    "fillingDate": "2004-06-04",
    "acceptedDate": "2004-06-04 17:21:03",
    "calendarYear": "2004",
    "period": "Q4",
    "revenue": 598432000,
    "costOfRevenue": 225970000,
    "grossProfit": 372462000,
    "grossProfitRatio": 0.6223965296,
    "researchAndDevelopmentExpenses": 155068000,
    "generalAndAdministrativeExpenses": 113210000,
    "sellingAndMarketingExpenses": 0,
    "sellingGeneralAndAdministrativeExpenses": 113210000,
    "otherExpenses": 9734000,
    "operatingExpenses": 278012000,
    "costAndExpenses": 503982000,
    "interestIncome": 0,
    "interestExpense": 0,
    "depreciationAndAmortization": 17598000,
    "ebitda": 121160000,
    "ebitdaratio": 0.2024624352,
    "operatingIncome": 94450000,
    "operatingIncomeRatio": 0.1578291268,
    "totalOtherIncomeExpensesNet": 6036000,
    "incomeBeforeTax": 100486000,
    "incomeBeforeTaxRatio": 0.1679154858,
    "incomeTaxExpense": 10446000,
    "netIncome": 90040000,
    "netIncomeRatio": 0.1504598685,
    "eps": 0.3,
    "epsdiluted": 0.3,
    "weightedAverageShsOut": 297997000,
    "weightedAverageShsOutDil": 302238000,
    "link": "https://www.sec.gov/Archives/edgar/data/712515/000089161804001046/0000891618-04-001046-index.htm",
    "finalLink": "https://www.sec.gov/Archives/edgar/data/712515/000089161804001046/f98039e10vk.htm"
  },
  {
    "date": "2003-12-31",
    "symbol": "EA",
    "reportedCurrency": "USD",
    "cik": "0000712515",
    "fillingDate": "2004-02-10",
    "acceptedDate": "2004-02-10 13:56:28",
    "calendarYear": "2004",
    "period": "Q3",
    "revenue": 1475323000,
    "costOfRevenue": 513255000,
    "grossProfit": 962068000,
    "grossProfitRatio": 0.6521066912,
    "researchAndDevelopmentExpenses": 151175000,
    "generalAndAdministrativeExpenses": 252166000,
    "sellingAndMarketingExpenses": 0,
    "sellingGeneralAndAdministrativeExpenses": 252166000,
    "otherExpenses": 1219000,
    "operatingExpenses": 404560000,
    "costAndExpenses": 917815000,
    "interestIncome": 0,
    "interestExpense": 948000,
    "depreciationAndAmortization": 29068000,
    "ebitda": 587172000,
    "ebitdaratio": 0.3979955576,
    "operatingIncome": 557508000,
    "operatingIncomeRatio": 0.3778887742,
    "totalOtherIncomeExpensesNet": 948000,
    "incomeBeforeTax": 558456000,
    "incomeBeforeTaxRatio": 0.3785313453,
    "incomeTaxExpense": 166160000,
    "netIncome": 392296000,
    "netIncomeRatio": 0.2659051611,
    "eps": 1.32,
    "epsdiluted": 1.26,
    "weightedAverageShsOut": 297787000,
    "weightedAverageShsOutDil": 311463000,
    "link": "https://www.sec.gov/Archives/edgar/data/712515/000089161804000523/0000891618-04-000523-index.htm",
    "finalLink": "https://www.sec.gov/Archives/edgar/data/712515/000089161804000523/f95509e10vq.htm"
  },
  {
    "date": "2003-09-30",
    "symbol": "EA",
    "reportedCurrency": "USD",
    "cik": "0000712515",
    "fillingDate": "2003-11-07",
    "acceptedDate": "2003-11-07 15:31:05",
    "calendarYear": "2004",
    "period": "Q2",
    "revenue": 530005000,
    "costOfRevenue": 213762000,
    "grossProfit": 316243000,
    "grossProfitRatio": 0.5966792766,
    "researchAndDevelopmentExpenses": 113493000,
    "generalAndAdministrativeExpenses": 100073000,
    "sellingAndMarketingExpenses": 0,
    "sellingGeneralAndAdministrativeExpenses": 100073000,
    "otherExpenses": 810000,
    "operatingExpenses": 214376000,
    "costAndExpenses": 428138000,
    "interestIncome": 0,
    "interestExpense": 0,
    "depreciationAndAmortization": 17624000,
    "ebitda": 119491000,
    "ebitdaratio": 0.2254525901,
    "operatingIncome": 101867000,
    "operatingIncomeRatio": 0.1922000736,
    "totalOtherIncomeExpensesNet": 9130000,
    "incomeBeforeTax": 110997000,
    "incomeBeforeTaxRatio": 0.2094263262,
    "incomeTaxExpense": 34409000,
    "netIncome": 76588000,
    "netIncomeRatio": 0.1445042971,
    "eps": 0.26,
    "epsdiluted": 0.25,
    "weightedAverageShsOut": 294836000,
    "weightedAverageShsOutDil": 307779000,
    "link": "https://www.sec.gov/Archives/edgar/data/712515/000089161803005745/0000891618-03-005745-index.htm",
    "finalLink": "https://www.sec.gov/Archives/edgar/data/712515/000089161803005745/f94137e10vq.htm"
  },
  {
    "date": "2003-06-30",
    "symbol": "EA",
    "reportedCurrency": "USD",
    "cik": "0000712515",
    "fillingDate": "2003-08-11",
    "acceptedDate": "2003-08-11 14:06:47",
    "calendarYear": "2004",
    "period": "Q1",
    "revenue": 353381000,
    "costOfRevenue": 149963000,
    "grossProfit": 203418000,
    "grossProfitRatio": 0.5756336645,
    "researchAndDevelopmentExpenses": 91122000,
    "generalAndAdministrativeExpenses": 89844000,
    "sellingAndMarketingExpenses": 0,
    "sellingGeneralAndAdministrativeExpenses": 89844000,
    "otherExpenses": 680000,
    "operatingExpenses": 181646000,
    "costAndExpenses": 331609000,
    "interestIncome": 0,
    "interestExpense": 0,
    "depreciationAndAmortization": 13223000,
    "ebitda": 34995000,
    "ebitdaratio": 0.0990290932,
    "operatingIncome": 21772000,
    "operatingIncomeRatio": 0.0616105563,
    "totalOtherIncomeExpensesNet": 4849000,
    "incomeBeforeTax": 26621000,
    "incomeBeforeTaxRatio": 0.0753322901,
    "incomeTaxExpense": 8253000,
    "netIncome": 18368000,
    "netIncomeRatio": 0.0519778935,
    "eps": 0.065,
    "epsdiluted": 0.06,
    "weightedAverageShsOut": 289910000,
    "weightedAverageShsOutDil": 299632000,
    "link": "https://www.sec.gov/Archives/edgar/data/712515/000089161803004257/0000891618-03-004257-index.htm",
    "finalLink": "https://www.sec.gov/Archives/edgar/data/712515/000089161803004257/f92123e10vq.htm"
  },
  {
    "date": "2003-03-31",
    "symbol": "EA",
    "reportedCurrency": "USD",
    "cik": "0000712515",
    "fillingDate": "2003-06-10",
    "acceptedDate": "2003-06-10 17:15:58",
    "calendarYear": "2003",
    "period": "Q4",
    "revenue": 463130000,
    "costOfRevenue": 173866000,
    "grossProfit": 289264000,
    "grossProfitRatio": 0.6245848898,
    "researchAndDevelopmentExpenses": 99323000,
    "generalAndAdministrativeExpenses": 107566000,
    "sellingAndMarketingExpenses": 0,
    "sellingGeneralAndAdministrativeExpenses": 107566000,
    "otherExpenses": 72799000,
    "operatingExpenses": 279688000,
    "costAndExpenses": 453554000,
    "interestIncome": 0,
    "interestExpense": 9891000,
    "depreciationAndAmortization": 17310000,
    "ebitda": 32610000,
    "ebitdaratio": 0.0704121953,
    "operatingIncome": 9576000,
    "operatingIncomeRatio": 0.0206766998,
    "totalOtherIncomeExpensesNet": 4034000,
    "incomeBeforeTax": 13610000,
    "incomeBeforeTaxRatio": 0.0293869972,
    "incomeTaxExpense": 4623000,
    "netIncome": 9240000,
    "netIncomeRatio": 0.0199512016,
    "eps": 0.0319,
    "epsdiluted": 0.0319,
    "weightedAverageShsOut": 286842000,
    "weightedAverageShsOutDil": 289910000,
    "link": "https://www.sec.gov/Archives/edgar/data/712515/000089161803002939/0000891618-03-002939-index.htm",
    "finalLink": "https://www.sec.gov/Archives/edgar/data/712515/000089161803002939/f90122e10vk.htm"
  },
  {
    "date": "2002-12-31",
    "symbol": "EA",
    "reportedCurrency": "USD",
    "cik": "0000712515",
    "fillingDate": "2003-02-11",
    "acceptedDate": "2003-02-11 13:43:20",
    "calendarYear": "2003",
    "period": "Q3",
    "revenue": 1233726000,
    "costOfRevenue": 565111000,
    "grossProfit": 668615000,
    "grossProfitRatio": 0.5419477258,
    "researchAndDevelopmentExpenses": 106127000,
    "generalAndAdministrativeExpenses": 181742000,
    "sellingAndMarketingExpenses": 0,
    "sellingGeneralAndAdministrativeExpenses": 181742000,
    "otherExpenses": 11623000,
    "operatingExpenses": 299492000,
    "costAndExpenses": 864603000,
    "interestIncome": 0,
    "interestExpense": 0,
    "depreciationAndAmortization": 24956000,
    "ebitda": 403457000,
    "ebitdaratio": 0.3270231802,
    "operatingIncome": 369123000,
    "operatingIncomeRatio": 0.2991936621,
    "totalOtherIncomeExpensesNet": -4439000,
    "incomeBeforeTax": 364684000,
    "incomeBeforeTaxRatio": 0.2955956185,
    "incomeTaxExpense": 113052000,
    "netIncome": 250219000,
    "netIncomeRatio": 0.2028156981,
    "eps": 0.9,
    "epsdiluted": 0.85,
    "weightedAverageShsOut": 283777000,
    "weightedAverageShsOutDil": 296050000,
    "link": "https://www.sec.gov/Archives/edgar/data/712515/000089161803000693/0000891618-03-000693-index.htm",
    "finalLink": "https://www.sec.gov/Archives/edgar/data/712515/000089161803000693/f87407e10vq.htm"
  },
  {
    "date": "2002-09-30",
    "symbol": "EA",
    "reportedCurrency": "USD",
    "cik": "0000712515",
    "fillingDate": "2002-11-08",
    "acceptedDate": "2002-11-08 14:51:44",
    "calendarYear": "2003",
    "period": "Q2",
    "revenue": 453490000,
    "costOfRevenue": 198891000,
    "grossProfit": 254599000,
    "grossProfitRatio": 0.5614214205,
    "researchAndDevelopmentExpenses": 98140000,
    "generalAndAdministrativeExpenses": 82967000,
    "sellingAndMarketingExpenses": 0,
    "sellingGeneralAndAdministrativeExpenses": 82967000,
    "otherExpenses": 2246000,
    "operatingExpenses": 183353000,
    "costAndExpenses": 382244000,
    "interestIncome": 0,
    "interestExpense": 0,
    "depreciationAndAmortization": 25067000,
    "ebitda": 96313000,
    "ebitdaratio": 0.2123817504,
    "operatingIncome": 71246000,
    "operatingIncomeRatio": 0.1571060001,
    "totalOtherIncomeExpensesNet": 1177000,
    "incomeBeforeTax": 72423000,
    "incomeBeforeTaxRatio": 0.1597014267,
    "incomeTaxExpense": 22451000,
    "netIncome": 50234000,
    "netIncomeRatio": 0.1107720126,
    "eps": 0.19,
    "epsdiluted": 0.17,
    "weightedAverageShsOut": 279686000,
    "weightedAverageShsOutDil": 293238000,
    "link": "https://www.sec.gov/Archives/edgar/data/712515/000089161802004960/0000891618-02-004960-index.htm",
    "finalLink": "https://www.sec.gov/Archives/edgar/data/712515/000089161802004960/f85537e10vq.htm"
  },
  {
    "date": "2002-06-30",
    "symbol": "EA",
    "reportedCurrency": "USD",
    "cik": "0000712515",
    "fillingDate": "2002-08-13",
    "acceptedDate": "2002-08-13 19:25:08",
    "calendarYear": "2003",
    "period": "Q1",
    "revenue": 331898000,
    "costOfRevenue": 141365000,
    "grossProfit": 190533000,
    "grossProfitRatio": 0.5740709495,
    "researchAndDevelopmentExpenses": 90969000,
    "generalAndAdministrativeExpenses": 91037000,
    "sellingAndMarketingExpenses": 0,
    "sellingGeneralAndAdministrativeExpenses": 91037000,
    "otherExpenses": 2245000,
    "operatingExpenses": 184251000,
    "costAndExpenses": 325616000,
    "interestIncome": 0,
    "interestExpense": 0,
    "depreciationAndAmortization": 24306000,
    "ebitda": 30568000,
    "ebitdaratio": 0.0921005851,
    "operatingIncome": 6282000,
    "operatingIncomeRatio": 0.0189275018,
    "totalOtherIncomeExpensesNet": 3147000,
    "incomeBeforeTax": 9429000,
    "incomeBeforeTaxRatio": 0.0284093306,
    "incomeTaxExpense": 2923000,
    "netIncome": 7404000,
    "netIncomeRatio": 0.0223080585,
    "eps": 0.035,
    "epsdiluted": 0.025,
    "weightedAverageShsOut": 277496000,
    "weightedAverageShsOutDil": 290444000,
    "link": "https://www.sec.gov/Archives/edgar/data/712515/000102140802010724/0001021408-02-010724-index.htm",
    "finalLink": "https://www.sec.gov/Archives/edgar/data/712515/000102140802010724/d10q.htm"
  },
  {
    "date": "2002-03-31",
    "symbol": "EA",
    "reportedCurrency": "USD",
    "cik": "0000712515",
    "fillingDate": "2002-06-28",
    "acceptedDate": "2002-06-28 16:36:26",
    "calendarYear": "2002",
    "period": "Q4",
    "revenue": 469691000,
    "costOfRevenue": 199969000,
    "grossProfit": 269722000,
    "grossProfitRatio": 0.5742541373,
    "researchAndDevelopmentExpenses": 101970000,
    "generalAndAdministrativeExpenses": 88018000,
    "sellingAndMarketingExpenses": 0,
    "sellingGeneralAndAdministrativeExpenses": 88018000,
    "otherExpenses": 12361000,
    "operatingExpenses": 202349000,
    "costAndExpenses": 402318000,
    "interestIncome": 0,
    "interestExpense": 0,
    "depreciationAndAmortization": 27350000,
    "ebitda": 100975000,
    "ebitdaratio": 0.2149817646,
    "operatingIncome": 67373000,
    "operatingIncomeRatio": 0.1434411134,
    "totalOtherIncomeExpensesNet": 2556000,
    "incomeBeforeTax": 69929000,
    "incomeBeforeTaxRatio": 0.148882989,
    "incomeTaxExpense": 21678000,
    "netIncome": 47295000,
    "netIncomeRatio": 0.1006938604,
    "eps": 0.17,
    "epsdiluted": 0.17,
    "weightedAverageShsOut": 275914000,
    "weightedAverageShsOutDil": 277496000,
    "link": "https://www.sec.gov/Archives/edgar/data/712515/000101287002002877/0001012870-02-002877-index.htm",
    "finalLink": "https://www.sec.gov/Archives/edgar/data/712515/000101287002002877/d10k.txt"
  },
  {
    "date": "2001-12-31",
    "symbol": "EA",
    "reportedCurrency": "USD",
    "cik": "0000712515",
    "fillingDate": "2002-02-14",
    "acceptedDate": "2002-02-14 00:00:00",
    "calendarYear": "2002",
    "period": "Q3",
    "revenue": 832878000,
    "costOfRevenue": 400853000,
    "grossProfit": 432025000,
    "grossProfitRatio": 0.518713425,
    "researchAndDevelopmentExpenses": 97406000,
    "generalAndAdministrativeExpenses": 125708000,
    "sellingAndMarketingExpenses": 0,
    "sellingGeneralAndAdministrativeExpenses": 125708000,
    "otherExpenses": 20410000,
    "operatingExpenses": 243524000,
    "costAndExpenses": 644377000,
    "interestIncome": 0,
    "interestExpense": 0,
    "depreciationAndAmortization": 28257000,
    "ebitda": 230809000,
    "ebitdaratio": 0.2771222196,
    "operatingIncome": 188501000,
    "operatingIncomeRatio": 0.2263248639,
    "totalOtherIncomeExpensesNet": 3515000,
    "incomeBeforeTax": 192016000,
    "incomeBeforeTaxRatio": 0.2305451699,
    "incomeTaxExpense": 59525000,
    "netIncome": 132292000,
    "netIncomeRatio": 0.1588371886,
    "eps": 0.51,
    "epsdiluted": 0.46,
    "weightedAverageShsOut": 274206000,
    "weightedAverageShsOutDil": 286798000,
    "link": "https://www.sec.gov/Archives/edgar/data/712515/000101287002000689/0001012870-02-000689-index.htm",
    "finalLink": "https://www.sec.gov/Archives/edgar/data/712515/000101287002000689/d10q.txt"
  },
  {
    "date": "2001-09-30",
    "symbol": "EA",
    "reportedCurrency": "USD",
    "cik": "0000712515",
    "fillingDate": "2001-11-14",
    "acceptedDate": "2001-11-14 00:00:00",
    "calendarYear": "2002",
    "period": "Q2",
    "revenue": 240156000,
    "costOfRevenue": 117760000,
    "grossProfit": 122396000,
    "grossProfitRatio": 0.5096520595,
    "researchAndDevelopmentExpenses": 97555000,
    "generalAndAdministrativeExpenses": 70423000,
    "sellingAndMarketingExpenses": 0,
    "sellingGeneralAndAdministrativeExpenses": 70423000,
    "otherExpenses": 6475000,
    "operatingExpenses": 174453000,
    "costAndExpenses": 292213000,
    "interestIncome": 0,
    "interestExpense": 0,
    "depreciationAndAmortization": 27939000,
    "ebitda": -24118000,
    "ebitdaratio": -0.1004263895,
    "operatingIncome": -52057000,
    "operatingIncomeRatio": -0.2167632705,
    "totalOtherIncomeExpensesNet": 4060000,
    "incomeBeforeTax": -47997000,
    "incomeBeforeTaxRatio": -0.1998575926,
    "incomeTaxExpense": -14879000,
    "netIncome": -32824000,
    "netIncomeRatio": -0.1366778261,
    "eps": -0.12,
    "epsdiluted": -0.12,
    "weightedAverageShsOut": 273304000,
    "weightedAverageShsOutDil": 274608000,
    "link": "https://www.sec.gov/Archives/edgar/data/712515/000101287001502822/0001012870-01-502822-index.htm",
    "finalLink": "https://www.sec.gov/Archives/edgar/data/712515/000101287001502822/d10q.txt"
  },
  {
    "date": "2001-06-30",
    "symbol": "EA",
    "reportedCurrency": "USD",
    "cik": "0000712515",
    "fillingDate": "2001-08-14",
    "acceptedDate": "2001-08-14 00:00:00",
    "calendarYear": "2002",
    "period": "Q1",
    "revenue": 181950000,
    "costOfRevenue": 89029000,
    "grossProfit": 92921000,
    "grossProfitRatio": 0.5106952459,
    "researchAndDevelopmentExpenses": 90805000,
    "generalAndAdministrativeExpenses": 64019000,
    "sellingAndMarketingExpenses": 0,
    "sellingGeneralAndAdministrativeExpenses": 64019000,
    "otherExpenses": 6475000,
    "operatingExpenses": 161299000,
    "costAndExpenses": 250328000,
    "interestIncome": 0,
    "interestExpense": 0,
    "depreciationAndAmortization": 27355000,
    "ebitda": -41023000,
    "ebitdaratio": -0.2254630393,
    "operatingIncome": -68378000,
    "operatingIncomeRatio": -0.3758065403,
    "totalOtherIncomeExpensesNet": 2717000,
    "incomeBeforeTax": -65661000,
    "incomeBeforeTaxRatio": -0.3608738664,
    "incomeTaxExpense": -20355000,
    "netIncome": -45254000,
    "netIncomeRatio": -0.2487166804,
    "eps": -0.17,
    "epsdiluted": -0.17,
    "weightedAverageShsOut": 271460000,
    "weightedAverageShsOutDil": 272764000,
    "link": "https://www.sec.gov/Archives/edgar/data/712515/000101287001501611/0001012870-01-501611-index.htm",
    "finalLink": "https://www.sec.gov/Archives/edgar/data/712515/000101287001501611/d10q.txt"
  },
  {
    "date": "2001-03-31",
    "symbol": "EA",
    "reportedCurrency": "USD",
    "cik": "0000712515",
    "fillingDate": "2001-06-29",
    "acceptedDate": "2001-06-29 00:00:00",
    "calendarYear": "2001",
    "period": "Q4",
    "revenue": 307255000,
    "costOfRevenue": 115967000,
    "grossProfit": 191288000,
    "grossProfitRatio": 0.6225708288,
    "researchAndDevelopmentExpenses": 107457000,
    "generalAndAdministrativeExpenses": 73546000,
    "sellingAndMarketingExpenses": 0,
    "sellingGeneralAndAdministrativeExpenses": 73546000,
    "otherExpenses": 41438000,
    "operatingExpenses": 222441000,
    "costAndExpenses": 338408000,
    "interestIncome": 0,
    "interestExpense": 0,
    "depreciationAndAmortization": 19396000,
    "ebitda": 77234000,
    "ebitdaratio": 0.2513677564,
    "operatingIncome": -31153000,
    "operatingIncomeRatio": -0.1013913525,
    "totalOtherIncomeExpensesNet": 5556000,
    "incomeBeforeTax": -25597000,
    "incomeBeforeTaxRatio": -0.0833086524,
    "incomeTaxExpense": -7717000,
    "netIncome": -17880000,
    "netIncomeRatio": -0.0581927064,
    "eps": -0.0659,
    "epsdiluted": -0.0659,
    "weightedAverageShsOut": 271460000,
    "weightedAverageShsOutDil": 271460000,
    "link": "https://www.sec.gov/Archives/edgar/data/712515/000095000501500255/0000950005-01-500255-index.htm",
    "finalLink": "https://www.sec.gov/Archives/edgar/data/712515/000095000501500255/p13919-10k.txt"
  },
  {
    "date": "2000-12-31",
    "symbol": "EA",
    "reportedCurrency": "USD",
    "cik": "0000712515",
    "fillingDate": "2001-02-13",
    "acceptedDate": "2001-02-13 00:00:00",
    "calendarYear": "2001",
    "period": "Q3",
    "revenue": 640319000,
    "costOfRevenue": 292138000,
    "grossProfit": 348181000,
    "grossProfitRatio": 0.5437617812,
    "researchAndDevelopmentExpenses": 110250000,
    "generalAndAdministrativeExpenses": 93874000,
    "sellingAndMarketingExpenses": 0,
    "sellingGeneralAndAdministrativeExpenses": 93874000,
    "otherExpenses": 18689000,
    "operatingExpenses": 222813000,
    "costAndExpenses": 514951000,
    "interestIncome": 0,
    "interestExpense": 0,
    "depreciationAndAmortization": 18689000,
    "ebitda": 144057000,
    "ebitdaratio": 0.2249769256,
    "operatingIncome": 125368000,
    "operatingIncomeRatio": 0.195789911,
    "totalOtherIncomeExpensesNet": 2308000,
    "incomeBeforeTax": 127676000,
    "incomeBeforeTaxRatio": 0.1993943644,
    "incomeTaxExpense": 39698000,
    "netIncome": 87978000,
    "netIncomeRatio": 0.1373971411,
    "eps": 0.36,
    "epsdiluted": 0.32,
    "weightedAverageShsOut": 264678000,
    "weightedAverageShsOutDil": 277808000,
    "link": "https://www.sec.gov/Archives/edgar/data/712515/000095000501000141/0000950005-01-000141-index.htm",
    "finalLink": "https://www.sec.gov/Archives/edgar/data/712515/000095000501000141/0000950005-01-000141-0001.txt"
  },
  {
    "date": "2000-09-30",
    "symbol": "EA",
    "reportedCurrency": "USD",
    "cik": "0000712515",
    "fillingDate": "2000-11-14",
    "acceptedDate": "2000-11-14 00:00:00",
    "calendarYear": "2001",
    "period": "Q2",
    "revenue": 219900000,
    "costOfRevenue": 106932000,
    "grossProfit": 112968000,
    "grossProfitRatio": 0.5137244202,
    "researchAndDevelopmentExpenses": 92008000,
    "generalAndAdministrativeExpenses": 64555000,
    "sellingAndMarketingExpenses": 0,
    "sellingGeneralAndAdministrativeExpenses": 64555000,
    "otherExpenses": 16559000,
    "operatingExpenses": 173122000,
    "costAndExpenses": 280054000,
    "interestIncome": 0,
    "interestExpense": 0,
    "depreciationAndAmortization": 16559000,
    "ebitda": -43595000,
    "ebitdaratio": -0.1982492042,
    "operatingIncome": -60154000,
    "operatingIncomeRatio": -0.2735516144,
    "totalOtherIncomeExpensesNet": 3869000,
    "incomeBeforeTax": -56285000,
    "incomeBeforeTaxRatio": -0.2559572533,
    "incomeTaxExpense": -17376000,
    "netIncome": -38909000,
    "netIncomeRatio": -0.176939518,
    "eps": -0.15,
    "epsdiluted": -0.15,
    "weightedAverageShsOut": 261382000,
    "weightedAverageShsOutDil": 262686000,
    "link": "https://www.sec.gov/Archives/edgar/data/712515/000095000500001138/0000950005-00-001138-index.htm",
    "finalLink": "https://www.sec.gov/Archives/edgar/data/712515/000095000500001138/0000950005-00-001138-0001.txt"
  },
  {
    "date": "2000-06-30",
    "symbol": "EA",
    "reportedCurrency": "USD",
    "cik": "0000712515",
    "fillingDate": "2000-08-14",
    "acceptedDate": "2000-08-14 00:00:00",
    "calendarYear": "2001",
    "period": "Q1",
    "revenue": 154799000,
    "costOfRevenue": 67537000,
    "grossProfit": 87262000,
    "grossProfitRatio": 0.5637116519,
    "researchAndDevelopmentExpenses": 79213000,
    "generalAndAdministrativeExpenses": 57402000,
    "sellingAndMarketingExpenses": 0,
    "sellingGeneralAndAdministrativeExpenses": 57402000,
    "otherExpenses": 15024000,
    "operatingExpenses": 151639000,
    "costAndExpenses": 219176000,
    "interestIncome": 0,
    "interestExpense": 0,
    "depreciationAndAmortization": 15024000,
    "ebitda": -49353000,
    "ebitdaratio": -0.318819889,
    "operatingIncome": -64377000,
    "operatingIncomeRatio": -0.4158747796,
    "totalOtherIncomeExpensesNet": 3338000,
    "incomeBeforeTax": -61039000,
    "incomeBeforeTaxRatio": -0.3943113328,
    "incomeTaxExpense": -18768000,
    "netIncome": -42271000,
    "netIncomeRatio": -0.2730702395,
    "eps": -0.16,
    "epsdiluted": -0.16,
    "weightedAverageShsOut": 258553528,
    "weightedAverageShsOutDil": 258553528,
    "link": "https://www.sec.gov/Archives/edgar/data/712515/000095000500000916/0000950005-00-000916-index.htm",
    "finalLink": "https://www.sec.gov/Archives/edgar/data/712515/000095000500000916/0000950005-00-000916-0001.txt"
  },
  {
    "date": "2000-03-31",
    "symbol": "EA",
    "reportedCurrency": "USD",
    "cik": "0000712515",
    "fillingDate": "2000-06-29",
    "acceptedDate": "2000-06-29 00:00:00",
    "calendarYear": "2000",
    "period": "Q4",
    "revenue": 294311000,
    "costOfRevenue": 131872000,
    "grossProfit": 162439000,
    "grossProfitRatio": 0.5519297614,
    "researchAndDevelopmentExpenses": 73759000,
    "generalAndAdministrativeExpenses": 65430000,
    "sellingAndMarketingExpenses": 0,
    "sellingGeneralAndAdministrativeExpenses": 65430000,
    "otherExpenses": 15325000,
    "operatingExpenses": 154514000,
    "costAndExpenses": 286386000,
    "interestIncome": 0,
    "interestExpense": 0,
    "depreciationAndAmortization": 15325000,
    "ebitda": 23250000,
    "ebitdaratio": 0.0789980667,
    "operatingIncome": 7925000,
    "operatingIncomeRatio": 0.026927298,
    "totalOtherIncomeExpensesNet": -2732000,
    "incomeBeforeTax": 5193000,
    "incomeBeforeTaxRatio": 0.0176446004,
    "incomeTaxExpense": 1742000,
    "netIncome": 3451000,
    "netIncomeRatio": 0.0117256915,
    "eps": 0.0133,
    "epsdiluted": 0.0133,
    "weightedAverageShsOut": 256600000,
    "weightedAverageShsOutDil": 258553528,
    "link": "https://www.sec.gov/Archives/edgar/data/712515/000095000500000777/0000950005-00-000777-index.htm",
    "finalLink": "https://www.sec.gov/Archives/edgar/data/712515/000095000500000777/0000950005-00-000777-0001.txt"
  },
  {
    "date": "1999-12-31",
    "symbol": "EA",
    "reportedCurrency": "USD",
    "cik": "0000712515",
    "fillingDate": "2000-02-14",
    "acceptedDate": "2000-02-14 00:00:00",
    "calendarYear": "2000",
    "period": "Q3",
    "revenue": 600700000,
    "costOfRevenue": 291300000,
    "grossProfit": 309400000,
    "grossProfitRatio": 0.5150657566,
    "researchAndDevelopmentExpenses": 73400000,
    "generalAndAdministrativeExpenses": 95700000,
    "sellingAndMarketingExpenses": 0,
    "sellingGeneralAndAdministrativeExpenses": 95700000,
    "otherExpenses": 10700000,
    "operatingExpenses": 179800000,
    "costAndExpenses": 471100000,
    "interestIncome": 0,
    "interestExpense": 0,
    "depreciationAndAmortization": 10700000,
    "ebitda": 140300000,
    "ebitdaratio": 0.2335608457,
    "operatingIncome": 129600000,
    "operatingIncomeRatio": 0.2157482937,
    "totalOtherIncomeExpensesNet": 4500000,
    "incomeBeforeTax": 134100000,
    "incomeBeforeTaxRatio": 0.2232395539,
    "incomeTaxExpense": 41200000,
    "netIncome": 92900000,
    "netIncomeRatio": 0.1546529049,
    "eps": 0.37,
    "epsdiluted": 0.35,
    "weightedAverageShsOut": 253304000,
    "weightedAverageShsOutDil": 269912000,
    "link": "https://www.sec.gov/Archives/edgar/data/712515/000095000500000342/0000950005-00-000342-index.html",
    "finalLink": "https://www.sec.gov/Archives/edgar/data/712515/000095000500000342/"
  },
  {
    "date": "1999-09-30",
    "symbol": "EA",
    "reportedCurrency": "USD",
    "cik": "0000712515",
    "fillingDate": "1999-11-15",
    "acceptedDate": "1999-11-15 00:00:00",
    "calendarYear": "2000",
    "period": "Q2",
    "revenue": 338900000,
    "costOfRevenue": 167900000,
    "grossProfit": 171000000,
    "grossProfitRatio": 0.5045736205,
    "researchAndDevelopmentExpenses": 68400000,
    "generalAndAdministrativeExpenses": 68100000,
    "sellingAndMarketingExpenses": 0,
    "sellingGeneralAndAdministrativeExpenses": 68100000,
    "otherExpenses": 10800000,
    "operatingExpenses": 147300000,
    "costAndExpenses": 315200000,
    "interestIncome": 0,
    "interestExpense": 0,
    "depreciationAndAmortization": 10800000,
    "ebitda": 34500000,
    "ebitdaratio": 0.101799941,
    "operatingIncome": 23700000,
    "operatingIncomeRatio": 0.0699321334,
    "totalOtherIncomeExpensesNet": 3000000,
    "incomeBeforeTax": 26700000,
    "incomeBeforeTaxRatio": 0.0787843022,
    "incomeTaxExpense": 8600000,
    "netIncome": 18100000,
    "netIncomeRatio": 0.053408085,
    "eps": 0.075,
    "epsdiluted": 0.07,
    "weightedAverageShsOut": 249668000,
    "weightedAverageShsOutDil": 262428000,
    "link": "https://www.sec.gov/Archives/edgar/data/712515/000095000599001001/0000950005-99-001001-index.html",
    "finalLink": "https://www.sec.gov/Archives/edgar/data/712515/000095000599001001/"
  },
  {
    "date": "1999-06-30",
    "symbol": "EA",
    "reportedCurrency": "USD",
    "cik": "0000712515",
    "fillingDate": "1999-08-12",
    "acceptedDate": "1999-08-12 00:00:00",
    "calendarYear": "2000",
    "period": "Q1",
    "revenue": 186120000,
    "costOfRevenue": 78200000,
    "grossProfit": 107920000,
    "grossProfitRatio": 0.5798409628,
    "researchAndDevelopmentExpenses": 47500000,
    "generalAndAdministrativeExpenses": 51400000,
    "sellingAndMarketingExpenses": 0,
    "sellingGeneralAndAdministrativeExpenses": 51400000,
    "otherExpenses": 9900000,
    "operatingExpenses": 108800000,
    "costAndExpenses": 187000000,
    "interestIncome": 0,
    "interestExpense": 0,
    "depreciationAndAmortization": 9900000,
    "ebitda": 9020000,
    "ebitdaratio": 0.048463357,
    "operatingIncome": -880000,
    "operatingIncomeRatio": -0.0047281324,
    "totalOtherIncomeExpensesNet": 4280000,
    "incomeBeforeTax": 3400000,
    "incomeBeforeTaxRatio": 0.0182677842,
    "incomeTaxExpense": 1100000,
    "netIncome": 2300000,
    "netIncomeRatio": 0.0123576187,
    "eps": 0.01,
    "epsdiluted": 0.01,
    "weightedAverageShsOut": 245820000,
    "weightedAverageShsOutDil": 256476000,
    "link": "https://www.sec.gov/Archives/edgar/data/712515/000095000599000745/0000950005-99-000745-index.html",
    "finalLink": "https://www.sec.gov/Archives/edgar/data/712515/000095000599000745/"
  },
  {
    "date": "1999-03-31",
    "symbol": "EA",
    "reportedCurrency": "USD",
    "cik": "0000712515",
    "fillingDate": "1999-06-29",
    "acceptedDate": "1999-06-29 00:00:00",
    "calendarYear": "1999",
    "period": "Q4",
    "revenue": 277800000,
    "costOfRevenue": 122900000,
    "grossProfit": 154900000,
    "grossProfitRatio": 0.5575953924,
    "researchAndDevelopmentExpenses": 55700000,
    "generalAndAdministrativeExpenses": 60400000,
    "sellingAndMarketingExpenses": 0,
    "sellingGeneralAndAdministrativeExpenses": 60400000,
    "otherExpenses": 9400000,
    "operatingExpenses": 125500000,
    "costAndExpenses": 248400000,
    "interestIncome": 0,
    "interestExpense": 0,
    "depreciationAndAmortization": 9400000,
    "ebitda": 38800000,
    "ebitdaratio": 0.1396688265,
    "operatingIncome": 29400000,
    "operatingIncomeRatio": 0.1058315335,
    "totalOtherIncomeExpensesNet": 2700000,
    "incomeBeforeTax": 32100000,
    "incomeBeforeTaxRatio": 0.1155507559,
    "incomeTaxExpense": 10200000,
    "netIncome": 21900000,
    "netIncomeRatio": 0.0788336933,
    "eps": 0.0891,
    "epsdiluted": 0.0891,
    "weightedAverageShsOut": 243396571,
    "weightedAverageShsOutDil": 245820000,
    "link": "https://www.sec.gov/Archives/edgar/data/712515/000095000599000599/0000950005-99-000599-index.html",
    "finalLink": "https://www.sec.gov/Archives/edgar/data/712515/000095000599000599/"
  },
  {
    "date": "1998-12-31",
    "symbol": "EA",
    "reportedCurrency": "USD",
    "cik": "0000712515",
    "fillingDate": "1999-02-16",
    "acceptedDate": "1999-02-16 00:00:00",
    "calendarYear": "1999",
    "period": "Q3",
    "revenue": 520200000,
    "costOfRevenue": 260900000,
    "grossProfit": 259300000,
    "grossProfitRatio": 0.49846213,
    "researchAndDevelopmentExpenses": 61800000,
    "generalAndAdministrativeExpenses": 79600000,
    "sellingAndMarketingExpenses": 0,
    "sellingGeneralAndAdministrativeExpenses": 79600000,
    "otherExpenses": 15400000,
    "operatingExpenses": 156800000,
    "costAndExpenses": 417700000,
    "interestIncome": 0,
    "interestExpense": 0,
    "depreciationAndAmortization": 15400000,
    "ebitda": 117900000,
    "ebitdaratio": 0.2266435986,
    "operatingIncome": 102500000,
    "operatingIncomeRatio": 0.1970396002,
    "totalOtherIncomeExpensesNet": 3800000,
    "incomeBeforeTax": 106300000,
    "incomeBeforeTaxRatio": 0.2043444829,
    "incomeTaxExpense": 33800000,
    "netIncome": 72500000,
    "netIncomeRatio": 0.1393694733,
    "eps": 0.3,
    "epsdiluted": 0.29,
    "weightedAverageShsOut": 241666667,
    "weightedAverageShsOutDil": 250000000,
    "link": "https://www.sec.gov/Archives/edgar/data/712515/000095000599000202/0000950005-99-000202-index.html",
    "finalLink": "https://www.sec.gov/Archives/edgar/data/712515/"
  },
  {
    "date": "1998-09-30",
    "symbol": "EA",
    "reportedCurrency": "USD",
    "cik": "0000712515",
    "fillingDate": "1998-11-13",
    "acceptedDate": "1998-11-13 00:00:00",
    "calendarYear": "1999",
    "period": "Q2",
    "revenue": 245800000,
    "costOfRevenue": 126900000,
    "grossProfit": 118900000,
    "grossProfitRatio": 0.483726607,
    "researchAndDevelopmentExpenses": 48300000,
    "generalAndAdministrativeExpenses": 49900000,
    "sellingAndMarketingExpenses": 0,
    "sellingGeneralAndAdministrativeExpenses": 49900000,
    "otherExpenses": 8300000,
    "operatingExpenses": 106500000,
    "costAndExpenses": 233400000,
    "interestIncome": 0,
    "interestExpense": 0,
    "depreciationAndAmortization": 8300000,
    "ebitda": 20700000,
    "ebitdaratio": 0.0842148088,
    "operatingIncome": 12400000,
    "operatingIncomeRatio": 0.0504475183,
    "totalOtherIncomeExpensesNet": -38300000,
    "incomeBeforeTax": -25900000,
    "incomeBeforeTaxRatio": -0.1053702197,
    "incomeTaxExpense": -600000,
    "netIncome": -25300000,
    "netIncomeRatio": -0.1029292107,
    "eps": -0.1,
    "epsdiluted": -0.1,
    "weightedAverageShsOut": 240952381,
    "weightedAverageShsOutDil": 240952381,
    "link": "https://www.sec.gov/Archives/edgar/data/712515/000095000598000895/0000950005-98-000895-index.html",
    "finalLink": "https://www.sec.gov/Archives/edgar/data/712515/"
  },
  {
    "date": "1998-06-30",
    "symbol": "EA",
    "reportedCurrency": "USD",
    "cik": "0000712515",
    "fillingDate": "1998-08-11",
    "acceptedDate": "1998-08-11 00:00:00",
    "calendarYear": "1999",
    "period": "Q1",
    "revenue": 178200000,
    "costOfRevenue": 80200000,
    "grossProfit": 98000000,
    "grossProfitRatio": 0.5499438833,
    "researchAndDevelopmentExpenses": 36200000,
    "generalAndAdministrativeExpenses": 49100000,
    "sellingAndMarketingExpenses": 0,
    "sellingGeneralAndAdministrativeExpenses": 49100000,
    "otherExpenses": 7400000,
    "operatingExpenses": 92700000,
    "costAndExpenses": 172900000,
    "interestIncome": 0,
    "interestExpense": 0,
    "depreciationAndAmortization": 7400000,
    "ebitda": 12700000,
    "ebitdaratio": 0.0712682379,
    "operatingIncome": 5300000,
    "operatingIncomeRatio": 0.0297418631,
    "totalOtherIncomeExpensesNet": 300000,
    "incomeBeforeTax": 5600000,
    "incomeBeforeTaxRatio": 0.0314253648,
    "incomeTaxExpense": 1900000,
    "netIncome": 3700000,
    "netIncomeRatio": 0.0207631874,
    "eps": 0.015,
    "epsdiluted": 0.015,
    "weightedAverageShsOut": 246666667,
    "weightedAverageShsOutDil": 246666667,
    "link": "https://www.sec.gov/Archives/edgar/data/712515/000095000598000667/0000950005-98-000667-index.html",
    "finalLink": "https://www.sec.gov/Archives/edgar/data/712515/"
  },
  {
    "date": "1998-03-31",
    "symbol": "EA",
    "reportedCurrency": "USD",
    "cik": "0000712515",
    "fillingDate": "1998-06-26",
    "acceptedDate": "1998-06-26 00:00:00",
    "calendarYear": "1998",
    "period": "Q4",
    "revenue": 204100000,
    "costOfRevenue": 97500000,
    "grossProfit": 106600000,
    "grossProfitRatio": 0.5222929936,
    "researchAndDevelopmentExpenses": 36900000,
    "generalAndAdministrativeExpenses": 42700000,
    "sellingAndMarketingExpenses": 0,
    "sellingGeneralAndAdministrativeExpenses": 42700000,
    "otherExpenses": 6500000,
    "operatingExpenses": 86100000,
    "costAndExpenses": 183600000,
    "interestIncome": 0,
    "interestExpense": 0,
    "depreciationAndAmortization": 6500000,
    "ebitda": 27000000,
    "ebitdaratio": 0.1322880941,
    "operatingIncome": 20500000,
    "operatingIncomeRatio": 0.1004409603,
    "totalOtherIncomeExpensesNet": 2500000,
    "incomeBeforeTax": 23000000,
    "incomeBeforeTaxRatio": 0.1126898579,
    "incomeTaxExpense": 7600000,
    "netIncome": 15400000,
    "netIncomeRatio": 0.0754532092,
    "eps": 0.0624,
    "epsdiluted": 0.0624,
    "weightedAverageShsOut": 241463837,
    "weightedAverageShsOutDil": 246666667,
    "link": "https://www.sec.gov/Archives/edgar/data/712515/000095000598000571/0000950005-98-000571-index.html",
    "finalLink": "https://www.sec.gov/Archives/edgar/data/712515/"
  },
  {
    "date": "1997-12-31",
    "symbol": "EA",
    "reportedCurrency": "USD",
    "cik": "0000712515",
    "fillingDate": "1998-02-17",
    "acceptedDate": "1998-02-17 00:00:00",
    "calendarYear": "1998",
    "period": "Q3",
    "revenue": 391200000,
    "costOfRevenue": 204200000,
    "grossProfit": 187000000,
    "grossProfitRatio": 0.4780163599,
    "researchAndDevelopmentExpenses": 45400000,
    "generalAndAdministrativeExpenses": 62600000,
    "sellingAndMarketingExpenses": 0,
    "sellingGeneralAndAdministrativeExpenses": 62600000,
    "otherExpenses": 6600000,
    "operatingExpenses": 114600000,
    "costAndExpenses": 318800000,
    "interestIncome": 0,
    "interestExpense": 0,
    "depreciationAndAmortization": 6600000,
    "ebitda": 79000000,
    "ebitdaratio": 0.2019427403,
    "operatingIncome": 72400000,
    "operatingIncomeRatio": 0.1850715746,
    "totalOtherIncomeExpensesNet": 15100000,
    "incomeBeforeTax": 87500000,
    "incomeBeforeTaxRatio": 0.2236707566,
    "incomeTaxExpense": 28900000,
    "netIncome": 58600000,
    "netIncomeRatio": 0.149795501,
    "eps": 0.25,
    "epsdiluted": 0.24,
    "weightedAverageShsOut": 234400000,
    "weightedAverageShsOutDil": 244166667,
    "link": "https://www.sec.gov/Archives/edgar/data/712515/000089843098000618/0000898430-98-000618-index.html",
    "finalLink": "https://www.sec.gov/Archives/edgar/data/712515/"
  },
  {
    "date": "1997-09-30",
    "symbol": "EA",
    "reportedCurrency": "USD",
    "cik": "0000712515",
    "fillingDate": "1997-11-14",
    "acceptedDate": "1997-11-14 00:00:00",
    "calendarYear": "1998",
    "period": "Q2",
    "revenue": 189800000,
    "costOfRevenue": 95300000,
    "grossProfit": 94500000,
    "grossProfitRatio": 0.4978925184,
    "researchAndDevelopmentExpenses": 36300000,
    "generalAndAdministrativeExpenses": 42200000,
    "sellingAndMarketingExpenses": 0,
    "sellingGeneralAndAdministrativeExpenses": 42200000,
    "otherExpenses": 8300000,
    "operatingExpenses": 86800000,
    "costAndExpenses": 182100000,
    "interestIncome": 0,
    "interestExpense": 0,
    "depreciationAndAmortization": 7800000,
    "ebitda": 16000000,
    "ebitdaratio": 0.0842992624,
    "operatingIncome": 7700000,
    "operatingIncomeRatio": 0.04056902,
    "totalOtherIncomeExpensesNet": 0,
    "incomeBeforeTax": 7700000,
    "incomeBeforeTaxRatio": 0.04056902,
    "incomeTaxExpense": 0,
    "netIncome": 7700000,
    "netIncomeRatio": 0.04056902,
    "eps": 0.034503773,
    "epsdiluted": 0.034503773,
    "weightedAverageShsOut": 223164000,
    "weightedAverageShsOutDil": 223164000,
    "link": "https://www.sec.gov/Archives/edgar/data/712515/000101287097002276/0001012870-97-002276-index.html",
    "finalLink": "https://www.sec.gov/Archives/edgar/data/712515/"
  },
  {
    "date": "1997-06-30",
    "symbol": "EA",
    "reportedCurrency": "USD",
    "cik": "0000712515",
    "fillingDate": "1997-08-08",
    "acceptedDate": "1997-08-08 00:00:00",
    "calendarYear": "1998",
    "period": "Q1",
    "revenue": 123700000,
    "costOfRevenue": 56300000,
    "grossProfit": 67400000,
    "grossProfitRatio": 0.5448666128,
    "researchAndDevelopmentExpenses": 27700000,
    "generalAndAdministrativeExpenses": 33600000,
    "sellingAndMarketingExpenses": 0,
    "sellingGeneralAndAdministrativeExpenses": 33600000,
    "otherExpenses": 6000000,
    "operatingExpenses": 72200000,
    "costAndExpenses": 128500000,
    "interestIncome": 0,
    "interestExpense": 0,
    "depreciationAndAmortization": 6000000,
    "ebitda": 1200000,
    "ebitdaratio": 0.0097008892,
    "operatingIncome": -4800000,
    "operatingIncomeRatio": -0.038803557,
    "totalOtherIncomeExpensesNet": 2500000,
    "incomeBeforeTax": 2200000,
    "incomeBeforeTaxRatio": 0.0177849636,
    "incomeTaxExpense": 700000,
    "netIncome": 1500000,
    "netIncomeRatio": 0.0121261116,
    "eps": 0.0069,
    "epsdiluted": 0.0069,
    "weightedAverageShsOut": 217288000,
    "weightedAverageShsOutDil": 217288000,
    "link": "https://www.sec.gov/Archives/edgar/data/712515/000101287097001488/0001012870-97-001488-index.html",
    "finalLink": "https://www.sec.gov/Archives/edgar/data/712515/"
  },
  {
    "date": "1997-03-31",
    "symbol": "EA",
    "reportedCurrency": "USD",
    "cik": "0000712515",
    "fillingDate": "1997-06-23",
    "acceptedDate": "1997-06-23 00:00:00",
    "calendarYear": "1997",
    "period": "Q4",
    "revenue": 143800000,
    "costOfRevenue": 66300000,
    "grossProfit": 77500000,
    "grossProfitRatio": 0.5389429764,
    "researchAndDevelopmentExpenses": 30300000,
    "generalAndAdministrativeExpenses": 28300000,
    "sellingAndMarketingExpenses": 0,
    "sellingGeneralAndAdministrativeExpenses": 28300000,
    "otherExpenses": 6400000,
    "operatingExpenses": 65000000,
    "costAndExpenses": 131300000,
    "interestIncome": 0,
    "interestExpense": 0,
    "depreciationAndAmortization": 6400000,
    "ebitda": 18900000,
    "ebitdaratio": 0.1314325452,
    "operatingIncome": 12500000,
    "operatingIncomeRatio": 0.0869262865,
    "totalOtherIncomeExpensesNet": 2900000,
    "incomeBeforeTax": 15400000,
    "incomeBeforeTaxRatio": 0.107093185,
    "incomeTaxExpense": 5000000,
    "netIncome": 10400000,
    "netIncomeRatio": 0.0723226704,
    "eps": 0.0466,
    "epsdiluted": 0.0466,
    "weightedAverageShsOut": 223164000,
    "weightedAverageShsOutDil": 223164000,
    "link": "https://www.sec.gov/Archives/edgar/data/712515/000101287097001195/0001012870-97-001195-index.html",
    "finalLink": "https://www.sec.gov/Archives/edgar/data/712515/"
  },
  {
    "date": "1996-12-31",
    "symbol": "EA",
    "reportedCurrency": "USD",
    "cik": "0000712515",
    "fillingDate": "1997-02-14",
    "acceptedDate": "1997-02-14 00:00:00",
    "calendarYear": "1997",
    "period": "Q3",
    "revenue": 271100000,
    "costOfRevenue": 130100000,
    "grossProfit": 141000000,
    "grossProfitRatio": 0.5201032829,
    "researchAndDevelopmentExpenses": 33800000,
    "generalAndAdministrativeExpenses": 46000000,
    "sellingAndMarketingExpenses": 0,
    "sellingGeneralAndAdministrativeExpenses": 46000000,
    "otherExpenses": 5400000,
    "operatingExpenses": 85200000,
    "costAndExpenses": 215300000,
    "interestIncome": 0,
    "interestExpense": 0,
    "depreciationAndAmortization": 5400000,
    "ebitda": 61200000,
    "ebitdaratio": 0.2257469568,
    "operatingIncome": 55800000,
    "operatingIncomeRatio": 0.2058281077,
    "totalOtherIncomeExpensesNet": 900000,
    "incomeBeforeTax": 56700000,
    "incomeBeforeTaxRatio": 0.2091479159,
    "incomeTaxExpense": 20000000,
    "netIncome": 36700000,
    "netIncomeRatio": 0.1353744006,
    "eps": 0.17,
    "epsdiluted": 0.17,
    "weightedAverageShsOut": 215882353,
    "weightedAverageShsOutDil": 222424242,
    "link": "https://www.sec.gov/Archives/edgar/data/712515/000095000597000277/0000950005-97-000277-index.html",
    "finalLink": "https://www.sec.gov/Archives/edgar/data/712515/"
  },
  {
    "date": "1996-09-30",
    "symbol": "EA",
    "reportedCurrency": "USD",
    "cik": "0000712515",
    "fillingDate": "1996-11-14",
    "acceptedDate": "1996-11-14 00:00:00",
    "calendarYear": "1997",
    "period": "Q2",
    "revenue": 129300000,
    "costOfRevenue": 59300000,
    "grossProfit": 70000000,
    "grossProfitRatio": 0.5413766435,
    "researchAndDevelopmentExpenses": 28700000,
    "generalAndAdministrativeExpenses": 30900000,
    "sellingAndMarketingExpenses": 0,
    "sellingGeneralAndAdministrativeExpenses": 30900000,
    "otherExpenses": 5200000,
    "operatingExpenses": 64800000,
    "costAndExpenses": 124100000,
    "interestIncome": 0,
    "interestExpense": 0,
    "depreciationAndAmortization": 5200000,
    "ebitda": 10400000,
    "ebitdaratio": 0.0804331013,
    "operatingIncome": 5200000,
    "operatingIncomeRatio": 0.0402165507,
    "totalOtherIncomeExpensesNet": 3000000,
    "incomeBeforeTax": 8200000,
    "incomeBeforeTaxRatio": 0.0634184068,
    "incomeTaxExpense": 2300000,
    "netIncome": 5900000,
    "netIncomeRatio": 0.0456303171,
    "eps": 0.015,
    "epsdiluted": 0.015,
    "weightedAverageShsOut": 219720000,
    "weightedAverageShsOutDil": 219720000,
    "link": "https://www.sec.gov/Archives/edgar/data/712515/000095000596000920/0000950005-96-000920-index.html",
    "finalLink": "https://www.sec.gov/Archives/edgar/data/712515/"
  },
  {
    "date": "1996-06-30",
    "symbol": "EA",
    "reportedCurrency": "USD",
    "cik": "0000712515",
    "fillingDate": "1996-08-14",
    "acceptedDate": "1996-08-14 00:00:00",
    "calendarYear": "1997",
    "period": "Q1",
    "revenue": 80600000,
    "costOfRevenue": 35000000,
    "grossProfit": 45600000,
    "grossProfitRatio": 0.5657568238,
    "researchAndDevelopmentExpenses": 25300000,
    "generalAndAdministrativeExpenses": 22100000,
    "sellingAndMarketingExpenses": 0,
    "sellingGeneralAndAdministrativeExpenses": 22100000,
    "otherExpenses": 4500000,
    "operatingExpenses": 51900000,
    "costAndExpenses": 86900000,
    "interestIncome": 0,
    "interestExpense": 0,
    "depreciationAndAmortization": 4500000,
    "ebitda": -1800000,
    "ebitdaratio": -0.0223325062,
    "operatingIncome": -6300000,
    "operatingIncomeRatio": -0.0781637717,
    "totalOtherIncomeExpensesNet": 0,
    "incomeBeforeTax": -200000,
    "incomeBeforeTaxRatio": -0.0024813896,
    "incomeTaxExpense": -100000,
    "netIncome": -100000,
    "netIncomeRatio": -0.0012406948,
    "eps": -0.0005,
    "epsdiluted": -0.0005,
    "weightedAverageShsOut": 212456000,
    "weightedAverageShsOutDil": 212456000,
    "link": "https://www.sec.gov/Archives/edgar/data/712515/000095000596000615/0000950005-96-000615-index.html",
    "finalLink": "https://www.sec.gov/Archives/edgar/data/712515/"
  },
  {
    "date": "1996-03-31",
    "symbol": "EA",
    "reportedCurrency": "USD",
    "cik": "0000712515",
    "fillingDate": "1996-07-01",
    "acceptedDate": "1996-07-01 00:00:00",
    "calendarYear": "1996",
    "period": "Q4",
    "revenue": 118500000,
    "costOfRevenue": 50700000,
    "grossProfit": 67800000,
    "grossProfitRatio": 0.5721518987,
    "researchAndDevelopmentExpenses": 29700000,
    "generalAndAdministrativeExpenses": 23400000,
    "sellingAndMarketingExpenses": 0,
    "sellingGeneralAndAdministrativeExpenses": 23400000,
    "otherExpenses": 5100000,
    "operatingExpenses": 58200000,
    "costAndExpenses": 108900000,
    "interestIncome": 0,
    "interestExpense": 0,
    "depreciationAndAmortization": 5100000,
    "ebitda": 14700000,
    "ebitdaratio": 0.1240506329,
    "operatingIncome": 9600000,
    "operatingIncomeRatio": 0.0810126582,
    "totalOtherIncomeExpensesNet": 1100000,
    "incomeBeforeTax": 10700000,
    "incomeBeforeTaxRatio": 0.0902953586,
    "incomeTaxExpense": 3400000,
    "netIncome": 7300000,
    "netIncomeRatio": 0.0616033755,
    "eps": 0.0332,
    "epsdiluted": 0.0332,
    "weightedAverageShsOut": 210050934,
    "weightedAverageShsOutDil": 219720000,
    "link": "https://www.sec.gov/Archives/edgar/data/712515/000091205796013563/0000912057-96-013563-index.html",
    "finalLink": "https://www.sec.gov/Archives/edgar/data/712515/"
  },
  {
    "date": "1995-12-31",
    "symbol": "EA",
    "reportedCurrency": "USD",
    "cik": "0000712515",
    "fillingDate": "1996-02-14",
    "acceptedDate": "1996-02-14 00:00:00",
    "calendarYear": "1996",
    "period": "Q3",
    "revenue": 239700000,
    "costOfRevenue": 123300000,
    "grossProfit": 116400000,
    "grossProfitRatio": 0.4856070088,
    "researchAndDevelopmentExpenses": 30000000,
    "generalAndAdministrativeExpenses": 41600000,
    "sellingAndMarketingExpenses": 0,
    "sellingGeneralAndAdministrativeExpenses": 41600000,
    "otherExpenses": 3700000,
    "operatingExpenses": 75300000,
    "costAndExpenses": 198600000,
    "interestIncome": 0,
    "interestExpense": 0,
    "depreciationAndAmortization": 3900000,
    "ebitda": 45000000,
    "ebitdaratio": 0.1877346683,
    "operatingIncome": 41100000,
    "operatingIncomeRatio": 0.1714643304,
    "totalOtherIncomeExpensesNet": 1900000,
    "incomeBeforeTax": 43000000,
    "incomeBeforeTaxRatio": 0.1793909053,
    "incomeTaxExpense": 13700000,
    "netIncome": 29300000,
    "netIncomeRatio": 0.1222361285,
    "eps": 0.14,
    "epsdiluted": 0.14,
    "weightedAverageShsOut": 217037037,
    "weightedAverageShsOutDil": 217037037,
    "link": "https://www.sec.gov/Archives/edgar/data/712515/000091205796002551/0000912057-96-002551-index.html",
    "finalLink": "https://www.sec.gov/Archives/edgar/data/712515/"
  },
  {
    "date": "1995-09-30",
    "symbol": "EA",
    "reportedCurrency": "USD",
    "cik": "0000712515",
    "fillingDate": "1995-11-14",
    "acceptedDate": "1995-11-14 00:00:00",
    "calendarYear": "1996",
    "period": "Q2",
    "revenue": 93700000,
    "costOfRevenue": 44500000,
    "grossProfit": 49200000,
    "grossProfitRatio": 0.5250800427,
    "researchAndDevelopmentExpenses": 20700000,
    "generalAndAdministrativeExpenses": 22200000,
    "sellingAndMarketingExpenses": 0,
    "sellingGeneralAndAdministrativeExpenses": 22200000,
    "otherExpenses": 3500000,
    "operatingExpenses": 46400000,
    "costAndExpenses": 90900000,
    "interestIncome": 0,
    "interestExpense": 0,
    "depreciationAndAmortization": 3700000,
    "ebitda": 6500000,
    "ebitdaratio": 0.0693703308,
    "operatingIncome": 2800000,
    "operatingIncomeRatio": 0.0298826041,
    "totalOtherIncomeExpensesNet": 1500000,
    "incomeBeforeTax": 4300000,
    "incomeBeforeTaxRatio": 0.0458911419,
    "incomeTaxExpense": 1300000,
    "netIncome": 3000000,
    "netIncomeRatio": 0.0320170758,
    "eps": 0.015,
    "epsdiluted": 0.015,
    "weightedAverageShsOut": 200000000,
    "weightedAverageShsOutDil": 200000000,
    "link": "https://www.sec.gov/Archives/edgar/data/712515/000091205795009843/0000912057-95-009843-index.html",
    "finalLink": "https://www.sec.gov/Archives/edgar/data/712515/"
  }
]