[
  {
    "date": "2025-06-30",
    "symbol": "EBAY",
    "reportedCurrency": "USD",
    "cik": "0001065088",
    "fillingDate": "2025-07-31",
    "acceptedDate": "2025-07-31 16:04:03",
    "calendarYear": "2025",
    "period": "Q2",
    "revenue": 2730000000,
    "costOfRevenue": 776000000,
    "grossProfit": 1954000000,
    "grossProfitRatio": 0.7157509158,
    "researchAndDevelopmentExpenses": 421000000,
    "generalAndAdministrativeExpenses": 371000000,
    "sellingAndMarketingExpenses": 586000000,
    "sellingGeneralAndAdministrativeExpenses": 957000000,
    "otherExpenses": 92000000,
    "operatingExpenses": 1470000000,
    "costAndExpenses": 2246000000,
    "interestIncome": 59000000,
    "interestExpense": 62000000,
    "depreciationAndAmortization": 107000000,
    "ebitda": 646000000,
    "ebitdaratio": 0.2366300366,
    "operatingIncome": 484000000,
    "operatingIncomeRatio": 0.1772893773,
    "totalOtherIncomeExpensesNet": -7000000,
    "incomeBeforeTax": 477000000,
    "incomeBeforeTaxRatio": 0.1747252747,
    "incomeTaxExpense": 108000000,
    "netIncome": 368000000,
    "netIncomeRatio": 0.1347985348,
    "eps": 0.8,
    "epsdiluted": 0.78,
    "weightedAverageShsOut": 461000000,
    "weightedAverageShsOutDil": 470000000,
    "link": "https://www.sec.gov/Archives/edgar/data/1065088/000106508825000077/0001065088-25-000077-index.htm",
    "finalLink": "https://www.sec.gov/Archives/edgar/data/1065088/000106508825000077/ebay-20250630.htm"
  },
  {
    "date": "2025-03-31",
    "symbol": "EBAY",
    "reportedCurrency": "USD",
    "cik": "0001065088",
    "fillingDate": "2025-05-01",
    "acceptedDate": "2025-05-01 16:05:29",
    "calendarYear": "2025",
    "period": "Q1",
    "revenue": 2585000000,
    "costOfRevenue": 723000000,
    "grossProfit": 1862000000,
    "grossProfitRatio": 0.7203094778,
    "researchAndDevelopmentExpenses": 362000000,
    "generalAndAdministrativeExpenses": 261000000,
    "sellingAndMarketingExpenses": 536000000,
    "sellingGeneralAndAdministrativeExpenses": 797000000,
    "otherExpenses": 87000000,
    "operatingExpenses": 1246000000,
    "costAndExpenses": 1969000000,
    "interestIncome": 77000000,
    "interestExpense": 61000000,
    "depreciationAndAmortization": 79000000,
    "ebitda": 774000000,
    "ebitdaratio": 0.2994197292,
    "operatingIncome": 616000000,
    "operatingIncomeRatio": 0.2382978723,
    "totalOtherIncomeExpensesNet": 18000000,
    "incomeBeforeTax": 634000000,
    "incomeBeforeTaxRatio": 0.2452611219,
    "incomeTaxExpense": 129000000,
    "netIncome": 503000000,
    "netIncomeRatio": 0.1945841393,
    "eps": 1.08,
    "epsdiluted": 1.06,
    "weightedAverageShsOut": 467000000,
    "weightedAverageShsOutDil": 475000000,
    "link": "https://www.sec.gov/Archives/edgar/data/1065088/000106508825000061/0001065088-25-000061-index.htm",
    "finalLink": "https://www.sec.gov/Archives/edgar/data/1065088/000106508825000061/ebay-20250331.htm"
  },
  {
    "date": "2024-12-31",
    "symbol": "EBAY",
    "reportedCurrency": "USD",
    "cik": "0001065088",
    "fillingDate": "2025-02-27",
    "acceptedDate": "2025-02-27 16:06:24",
    "calendarYear": "2024",
    "period": "Q4",
    "revenue": 2579000000,
    "costOfRevenue": 718000000,
    "grossProfit": 1861000000,
    "grossProfitRatio": 0.7215975184,
    "researchAndDevelopmentExpenses": 375000000,
    "generalAndAdministrativeExpenses": 241000000,
    "sellingAndMarketingExpenses": 609000000,
    "sellingGeneralAndAdministrativeExpenses": 850000000,
    "otherExpenses": 93000000,
    "operatingExpenses": 1318000000,
    "costAndExpenses": 2036000000,
    "interestIncome": 76000000,
    "interestExpense": 65000000,
    "depreciationAndAmortization": 79000000,
    "ebitda": 761000000,
    "ebitdaratio": 0.2950756107,
    "operatingIncome": 543000000,
    "operatingIncomeRatio": 0.2105467235,
    "totalOtherIncomeExpensesNet": 74000000,
    "incomeBeforeTax": 617000000,
    "incomeBeforeTaxRatio": 0.2392400155,
    "incomeTaxExpense": -63000000,
    "netIncome": 679000000,
    "netIncomeRatio": 0.2632803412,
    "eps": 1.42,
    "epsdiluted": 1.4,
    "weightedAverageShsOut": 496000000,
    "weightedAverageShsOutDil": 501000000,
    "link": "https://www.sec.gov/Archives/edgar/data/1065088/000106508825000037/0001065088-25-000037-index.htm",
    "finalLink": "https://www.sec.gov/Archives/edgar/data/1065088/000106508825000037/ebay-20241231.htm"
  },
  {
    "date": "2024-09-30",
    "symbol": "EBAY",
    "reportedCurrency": "USD",
    "cik": "0001065088",
    "fillingDate": "2024-10-31",
    "acceptedDate": "2024-10-31 16:05:57",
    "calendarYear": "2024",
    "period": "Q3",
    "revenue": 2576000000,
    "costOfRevenue": 727000000,
    "grossProfit": 1849000000,
    "grossProfitRatio": 0.7177795031,
    "researchAndDevelopmentExpenses": 374000000,
    "generalAndAdministrativeExpenses": 194000000,
    "sellingAndMarketingExpenses": 592000000,
    "sellingGeneralAndAdministrativeExpenses": 786000000,
    "otherExpenses": 94000000,
    "operatingExpenses": 1254000000,
    "costAndExpenses": 1981000000,
    "interestIncome": 72000000,
    "interestExpense": 63000000,
    "depreciationAndAmortization": 92000000,
    "ebitda": 952000000,
    "ebitdaratio": 0.3695652174,
    "operatingIncome": 595000000,
    "operatingIncomeRatio": 0.2309782609,
    "totalOtherIncomeExpensesNet": 202000000,
    "incomeBeforeTax": 797000000,
    "incomeBeforeTaxRatio": 0.3093944099,
    "incomeTaxExpense": 161000000,
    "netIncome": 634000000,
    "netIncomeRatio": 0.2461180124,
    "eps": 1.3,
    "epsdiluted": 1.28,
    "weightedAverageShsOut": 487000000,
    "weightedAverageShsOutDil": 494000000,
    "link": "https://www.sec.gov/Archives/edgar/data/1065088/000106508824000199/0001065088-24-000199-index.htm",
    "finalLink": "https://www.sec.gov/Archives/edgar/data/1065088/000106508824000199/ebay-20240930.htm"
  },
  {
    "date": "2024-06-30",
    "symbol": "EBAY",
    "reportedCurrency": "USD",
    "cik": "0001065088",
    "fillingDate": "2024-08-01",
    "acceptedDate": "2024-08-01 16:03:45",
    "calendarYear": "2024",
    "period": "Q2",
    "revenue": 2572000000,
    "costOfRevenue": 735000000,
    "grossProfit": 1837000000,
    "grossProfitRatio": 0.7142301711,
    "researchAndDevelopmentExpenses": 379000000,
    "generalAndAdministrativeExpenses": 241000000,
    "sellingAndMarketingExpenses": 577000000,
    "sellingGeneralAndAdministrativeExpenses": 818000000,
    "otherExpenses": 91000000,
    "operatingExpenses": 1288000000,
    "costAndExpenses": 2023000000,
    "interestIncome": 63000000,
    "interestExpense": 65000000,
    "depreciationAndAmortization": 77000000,
    "ebitda": 470000000,
    "ebitdaratio": 0.1827371695,
    "operatingIncome": 549000000,
    "operatingIncomeRatio": 0.2134525661,
    "totalOtherIncomeExpensesNet": -221000000,
    "incomeBeforeTax": 328000000,
    "incomeBeforeTaxRatio": 0.1275272162,
    "incomeTaxExpense": 102000000,
    "netIncome": 224000000,
    "netIncomeRatio": 0.0870917574,
    "eps": 0.45,
    "epsdiluted": 0.44,
    "weightedAverageShsOut": 503000000,
    "weightedAverageShsOutDil": 507000000,
    "link": "https://www.sec.gov/Archives/edgar/data/1065088/000106508824000145/0001065088-24-000145-index.htm",
    "finalLink": "https://www.sec.gov/Archives/edgar/data/1065088/000106508824000145/ebay-20240630.htm"
  },
  {
    "date": "2024-03-31",
    "symbol": "EBAY",
    "reportedCurrency": "USD",
    "cik": "0001065088",
    "fillingDate": "2024-05-02",
    "acceptedDate": "2024-05-02 16:52:38",
    "calendarYear": "2024",
    "period": "Q1",
    "revenue": 2556000000,
    "costOfRevenue": 700000000,
    "grossProfit": 1856000000,
    "grossProfitRatio": 0.7261345853,
    "researchAndDevelopmentExpenses": 351000000,
    "generalAndAdministrativeExpenses": 238000000,
    "sellingAndMarketingExpenses": 541000000,
    "sellingGeneralAndAdministrativeExpenses": 779000000,
    "otherExpenses": 95000000,
    "operatingExpenses": 1225000000,
    "costAndExpenses": 1925000000,
    "interestIncome": 61000000,
    "interestExpense": 66000000,
    "depreciationAndAmortization": 76000000,
    "ebitda": 678000000,
    "ebitdaratio": 0.265258216,
    "operatingIncome": 631000000,
    "operatingIncomeRatio": 0.2468701095,
    "totalOtherIncomeExpensesNet": -95000000,
    "incomeBeforeTax": 536000000,
    "incomeBeforeTaxRatio": 0.2097026604,
    "incomeTaxExpense": 97000000,
    "netIncome": 438000000,
    "netIncomeRatio": 0.1713615023,
    "eps": 0.85,
    "epsdiluted": 0.84,
    "weightedAverageShsOut": 516000000,
    "weightedAverageShsOutDil": 519000000,
    "link": "https://www.sec.gov/Archives/edgar/data/1065088/000106508824000076/0001065088-24-000076-index.htm",
    "finalLink": "https://www.sec.gov/Archives/edgar/data/1065088/000106508824000076/ebay-20240331.htm"
  },
  {
    "date": "2023-12-31",
    "symbol": "EBAY",
    "reportedCurrency": "USD",
    "cik": "0001065088",
    "fillingDate": "2024-05-29",
    "acceptedDate": "2024-05-28 18:45:03",
    "calendarYear": "2023",
    "period": "Q4",
    "revenue": 2562000000,
    "costOfRevenue": 710000000,
    "grossProfit": 1852000000,
    "grossProfitRatio": 0.7228727557,
    "researchAndDevelopmentExpenses": 399000000,
    "generalAndAdministrativeExpenses": 365000000,
    "sellingAndMarketingExpenses": 573000000,
    "sellingGeneralAndAdministrativeExpenses": 938000000,
    "otherExpenses": 105000000,
    "operatingExpenses": 1442000000,
    "costAndExpenses": 2152000000,
    "interestIncome": 56000000,
    "interestExpense": 65000000,
    "depreciationAndAmortization": 98000000,
    "ebitda": 1341000000,
    "ebitdaratio": 0.5234192037,
    "operatingIncome": 410000000,
    "operatingIncomeRatio": 0.1600312256,
    "totalOtherIncomeExpensesNet": 621000000,
    "incomeBeforeTax": 1031000000,
    "incomeBeforeTaxRatio": 0.4024199844,
    "incomeTaxExpense": 303000000,
    "netIncome": 724000000,
    "netIncomeRatio": 0.2825917252,
    "eps": 1.4,
    "epsdiluted": 1.39,
    "weightedAverageShsOut": 518000000,
    "weightedAverageShsOutDil": 521000000,
    "link": "https://www.sec.gov/Archives/edgar/data/1065088/000106508824000094/0001065088-24-000094-index.htm",
    "finalLink": "https://www.sec.gov/Archives/edgar/data/1065088/000106508824000094/ebay-20231231.htm"
  },
  {
    "date": "2023-09-30",
    "symbol": "EBAY",
    "reportedCurrency": "USD",
    "cik": "0001065088",
    "fillingDate": "2023-11-08",
    "acceptedDate": "2023-11-08 16:05:07",
    "calendarYear": "2023",
    "period": "Q3",
    "revenue": 2500000000,
    "costOfRevenue": 705000000,
    "grossProfit": 1795000000,
    "grossProfitRatio": 0.718,
    "researchAndDevelopmentExpenses": 401000000,
    "generalAndAdministrativeExpenses": 283000000,
    "sellingAndMarketingExpenses": 567000000,
    "sellingGeneralAndAdministrativeExpenses": 850000000,
    "otherExpenses": 89000000,
    "operatingExpenses": 1340000000,
    "costAndExpenses": 2045000000,
    "interestIncome": 58000000,
    "interestExpense": 65000000,
    "depreciationAndAmortization": 97000000,
    "ebitda": 1823000000,
    "ebitdaratio": 0.7292,
    "operatingIncome": 455000000,
    "operatingIncomeRatio": 0.182,
    "totalOtherIncomeExpensesNet": 1206000000,
    "incomeBeforeTax": 1661000000,
    "incomeBeforeTaxRatio": 0.6644,
    "incomeTaxExpense": 355000000,
    "netIncome": 1305000000,
    "netIncomeRatio": 0.522,
    "eps": 2.47,
    "epsdiluted": 2.45,
    "weightedAverageShsOut": 529000000,
    "weightedAverageShsOutDil": 532000000,
    "link": "https://www.sec.gov/Archives/edgar/data/1065088/000106508823000038/0001065088-23-000038-index.htm",
    "finalLink": "https://www.sec.gov/Archives/edgar/data/1065088/000106508823000038/ebay-20230930.htm"
  },
  {
    "date": "2023-06-30",
    "symbol": "EBAY",
    "reportedCurrency": "USD",
    "cik": "0001065088",
    "fillingDate": "2023-07-27",
    "acceptedDate": "2023-07-27 16:47:03",
    "calendarYear": "2023",
    "period": "Q2",
    "revenue": 2540000000,
    "costOfRevenue": 718000000,
    "grossProfit": 1822000000,
    "grossProfitRatio": 0.7173228346,
    "researchAndDevelopmentExpenses": 392000000,
    "generalAndAdministrativeExpenses": 251000000,
    "sellingAndMarketingExpenses": 566000000,
    "sellingGeneralAndAdministrativeExpenses": 817000000,
    "otherExpenses": 95000000,
    "operatingExpenses": 1304000000,
    "costAndExpenses": 2022000000,
    "interestIncome": 48000000,
    "interestExpense": 65000000,
    "depreciationAndAmortization": 101000000,
    "ebitda": 451000000,
    "ebitdaratio": 0.1775590551,
    "operatingIncome": 518000000,
    "operatingIncomeRatio": 0.2039370079,
    "totalOtherIncomeExpensesNet": -233000000,
    "incomeBeforeTax": 285000000,
    "incomeBeforeTaxRatio": 0.1122047244,
    "incomeTaxExpense": 113000000,
    "netIncome": 171000000,
    "netIncomeRatio": 0.0673228346,
    "eps": 0.32,
    "epsdiluted": 0.32,
    "weightedAverageShsOut": 534000000,
    "weightedAverageShsOutDil": 537000000,
    "link": "https://www.sec.gov/Archives/edgar/data/1065088/000106508823000026/0001065088-23-000026-index.htm",
    "finalLink": "https://www.sec.gov/Archives/edgar/data/1065088/000106508823000026/ebay-20230630.htm"
  },
  {
    "date": "2023-03-31",
    "symbol": "EBAY",
    "reportedCurrency": "USD",
    "cik": "0001065088",
    "fillingDate": "2023-04-27",
    "acceptedDate": "2023-04-27 16:10:56",
    "calendarYear": "2023",
    "period": "Q1",
    "revenue": 2510000000,
    "costOfRevenue": 700000000,
    "grossProfit": 1810000000,
    "grossProfitRatio": 0.7211155378,
    "researchAndDevelopmentExpenses": 352000000,
    "generalAndAdministrativeExpenses": 297000000,
    "sellingAndMarketingExpenses": 511000000,
    "sellingGeneralAndAdministrativeExpenses": 808000000,
    "otherExpenses": 92000000,
    "operatingExpenses": 1252000000,
    "costAndExpenses": 1952000000,
    "interestIncome": 42000000,
    "interestExpense": 68000000,
    "depreciationAndAmortization": 107000000,
    "ebitda": 905000000,
    "ebitdaratio": 0.3605577689,
    "operatingIncome": 558000000,
    "operatingIncomeRatio": 0.222310757,
    "totalOtherIncomeExpensesNet": 172000000,
    "incomeBeforeTax": 730000000,
    "incomeBeforeTaxRatio": 0.2908366534,
    "incomeTaxExpense": 161000000,
    "netIncome": 567000000,
    "netIncomeRatio": 0.2258964143,
    "eps": 1.06,
    "epsdiluted": 1.05,
    "weightedAverageShsOut": 537000000,
    "weightedAverageShsOutDil": 541000000,
    "link": "https://www.sec.gov/Archives/edgar/data/1065088/000162828023013570/0001628280-23-013570-index.htm",
    "finalLink": "https://www.sec.gov/Archives/edgar/data/1065088/000162828023013570/ebay-20230331.htm"
  },
  {
    "date": "2022-12-31",
    "symbol": "EBAY",
    "reportedCurrency": "USD",
    "cik": "0001065088",
    "fillingDate": "2023-05-12",
    "acceptedDate": "2023-05-12 16:58:53",
    "calendarYear": "2022",
    "period": "Q4",
    "revenue": 2510000000,
    "costOfRevenue": 681000000,
    "grossProfit": 1829000000,
    "grossProfitRatio": 0.728685259,
    "researchAndDevelopmentExpenses": 340000000,
    "generalAndAdministrativeExpenses": 288000000,
    "sellingAndMarketingExpenses": 554000000,
    "sellingGeneralAndAdministrativeExpenses": 842000000,
    "otherExpenses": 82000000,
    "operatingExpenses": 1264000000,
    "costAndExpenses": 1945000000,
    "interestIncome": 0,
    "interestExpense": 0,
    "depreciationAndAmortization": 107000000,
    "ebitda": 1061000000,
    "ebitdaratio": 0.4227091633,
    "operatingIncome": 565000000,
    "operatingIncomeRatio": 0.2250996016,
    "totalOtherIncomeExpensesNet": 264000000,
    "incomeBeforeTax": 829000000,
    "incomeBeforeTaxRatio": 0.3302788845,
    "incomeTaxExpense": 158000000,
    "netIncome": 672000000,
    "netIncomeRatio": 0.2677290837,
    "eps": 1.24,
    "epsdiluted": 1.24,
    "weightedAverageShsOut": 541000000,
    "weightedAverageShsOutDil": 544000000,
    "link": "https://www.sec.gov/Archives/edgar/data/1065088/000106508823000015/0001065088-23-000015-index.htm",
    "finalLink": "https://www.sec.gov/Archives/edgar/data/1065088/000106508823000015/ebay-20221231.htm"
  },
  {
    "date": "2022-09-30",
    "symbol": "EBAY",
    "reportedCurrency": "USD",
    "cik": "0001065088",
    "fillingDate": "2022-11-03",
    "acceptedDate": "2022-11-03 16:17:06",
    "calendarYear": "2022",
    "period": "Q3",
    "revenue": 2380000000,
    "costOfRevenue": 647000000,
    "grossProfit": 1733000000,
    "grossProfitRatio": 0.7281512605,
    "researchAndDevelopmentExpenses": 345000000,
    "generalAndAdministrativeExpenses": 212000000,
    "sellingAndMarketingExpenses": 538000000,
    "sellingGeneralAndAdministrativeExpenses": 750000000,
    "otherExpenses": 70000000,
    "operatingExpenses": 1165000000,
    "costAndExpenses": 1812000000,
    "interestIncome": 0,
    "interestExpense": 29000000,
    "depreciationAndAmortization": 104000000,
    "ebitda": 79000000,
    "ebitdaratio": 0.0331932773,
    "operatingIncome": 568000000,
    "operatingIncomeRatio": 0.2386554622,
    "totalOtherIncomeExpensesNet": -622000000,
    "incomeBeforeTax": -54000000,
    "incomeBeforeTaxRatio": -0.0226890756,
    "incomeTaxExpense": 16000000,
    "netIncome": -69000000,
    "netIncomeRatio": -0.0289915966,
    "eps": -0.13,
    "epsdiluted": -0.13,
    "weightedAverageShsOut": 538461538,
    "weightedAverageShsOutDil": 548000000,
    "link": "https://www.sec.gov/Archives/edgar/data/1065088/000106508822000030/0001065088-22-000030-index.htm",
    "finalLink": "https://www.sec.gov/Archives/edgar/data/1065088/000106508822000030/ebay-20220930.htm"
  },
  {
    "date": "2022-06-30",
    "symbol": "EBAY",
    "reportedCurrency": "USD",
    "cik": "0001065088",
    "fillingDate": "2022-08-04",
    "acceptedDate": "2022-08-04 16:16:55",
    "calendarYear": "2022",
    "period": "Q2",
    "revenue": 2422000000,
    "costOfRevenue": 663000000,
    "grossProfit": 1759000000,
    "grossProfitRatio": 0.7262592898,
    "researchAndDevelopmentExpenses": 344000000,
    "generalAndAdministrativeExpenses": 237000000,
    "sellingAndMarketingExpenses": 566000000,
    "sellingGeneralAndAdministrativeExpenses": 803000000,
    "otherExpenses": 87000000,
    "operatingExpenses": 1234000000,
    "costAndExpenses": 1897000000,
    "interestIncome": 0,
    "interestExpense": 31000000,
    "depreciationAndAmortization": 113000000,
    "ebitda": -583000000,
    "ebitdaratio": -0.2407101569,
    "operatingIncome": 525000000,
    "operatingIncomeRatio": 0.2167630058,
    "totalOtherIncomeExpensesNet": -1252000000,
    "incomeBeforeTax": -727000000,
    "incomeBeforeTaxRatio": -0.3001651528,
    "incomeTaxExpense": -191000000,
    "netIncome": -531000000,
    "netIncomeRatio": -0.2192402973,
    "eps": -0.96,
    "epsdiluted": -0.96,
    "weightedAverageShsOut": 556000000,
    "weightedAverageShsOutDil": 556000000,
    "link": "https://www.sec.gov/Archives/edgar/data/1065088/000106508822000022/0001065088-22-000022-index.htm",
    "finalLink": "https://www.sec.gov/Archives/edgar/data/1065088/000106508822000022/ebay-20220630.htm"
  },
  {
    "date": "2022-03-31",
    "symbol": "EBAY",
    "reportedCurrency": "USD",
    "cik": "0001065088",
    "fillingDate": "2022-05-05",
    "acceptedDate": "2022-05-05 17:07:09",
    "calendarYear": "2022",
    "period": "Q1",
    "revenue": 2483000000,
    "costOfRevenue": 689000000,
    "grossProfit": 1794000000,
    "grossProfitRatio": 0.722513089,
    "researchAndDevelopmentExpenses": 301000000,
    "generalAndAdministrativeExpenses": 226000000,
    "sellingAndMarketingExpenses": 478000000,
    "sellingGeneralAndAdministrativeExpenses": 704000000,
    "otherExpenses": 97000000,
    "operatingExpenses": 1102000000,
    "costAndExpenses": 1791000000,
    "interestIncome": 0,
    "interestExpense": 50000000,
    "depreciationAndAmortization": 118000000,
    "ebitda": -1481000000,
    "ebitdaratio": -0.5964559001,
    "operatingIncome": 692000000,
    "operatingIncomeRatio": 0.2786951269,
    "totalOtherIncomeExpensesNet": -2341000000,
    "incomeBeforeTax": -1649000000,
    "incomeBeforeTaxRatio": -0.6641159887,
    "incomeTaxExpense": -310000000,
    "netIncome": -1341000000,
    "netIncomeRatio": -0.540072493,
    "eps": -2.28,
    "epsdiluted": -2.28,
    "weightedAverageShsOut": 587000000,
    "weightedAverageShsOutDil": 587000000,
    "link": "https://www.sec.gov/Archives/edgar/data/1065088/000106508822000013/0001065088-22-000013-index.htm",
    "finalLink": "https://www.sec.gov/Archives/edgar/data/1065088/000106508822000013/ebay-20220331.htm"
  },
  {
    "date": "2021-12-31",
    "symbol": "EBAY",
    "reportedCurrency": "USD",
    "cik": "0001065088",
    "fillingDate": "2022-02-24",
    "acceptedDate": "2022-02-24 16:21:30",
    "calendarYear": "2021",
    "period": "Q4",
    "revenue": 2613000000,
    "costOfRevenue": 694000000,
    "grossProfit": 1919000000,
    "grossProfitRatio": 0.7344048986,
    "researchAndDevelopmentExpenses": 337000000,
    "generalAndAdministrativeExpenses": 206000000,
    "sellingAndMarketingExpenses": 569000000,
    "sellingGeneralAndAdministrativeExpenses": 775000000,
    "otherExpenses": 119000000,
    "operatingExpenses": 1231000000,
    "costAndExpenses": 1925000000,
    "interestIncome": 0,
    "interestExpense": 0,
    "depreciationAndAmortization": 122000000,
    "ebitda": -1446000000,
    "ebitdaratio": -0.5533869116,
    "operatingIncome": 688000000,
    "operatingIncomeRatio": 0.2632988902,
    "totalOtherIncomeExpensesNet": -1849000000,
    "incomeBeforeTax": -1161000000,
    "incomeBeforeTaxRatio": -0.4443168772,
    "incomeTaxExpense": -268000000,
    "netIncome": 1969000000,
    "netIncomeRatio": 0.7535399923,
    "eps": 3.25,
    "epsdiluted": 3.25,
    "weightedAverageShsOut": 605403617,
    "weightedAverageShsOutDil": 606000000,
    "link": "https://www.sec.gov/Archives/edgar/data/1065088/000106508822000006/0001065088-22-000006-index.htm",
    "finalLink": "https://www.sec.gov/Archives/edgar/data/1065088/000106508822000006/ebay-20211231.htm"
  },
  {
    "date": "2021-09-30",
    "symbol": "EBAY",
    "reportedCurrency": "USD",
    "cik": "0001065088",
    "fillingDate": "2021-10-28",
    "acceptedDate": "2021-10-28 16:33:48",
    "calendarYear": "2021",
    "period": "Q3",
    "revenue": 2501000000,
    "costOfRevenue": 678000000,
    "grossProfit": 1823000000,
    "grossProfitRatio": 0.7289084366,
    "researchAndDevelopmentExpenses": 334000000,
    "generalAndAdministrativeExpenses": 219000000,
    "sellingAndMarketingExpenses": 496000000,
    "sellingGeneralAndAdministrativeExpenses": 715000000,
    "otherExpenses": 112000000,
    "operatingExpenses": 1161000000,
    "costAndExpenses": 1839000000,
    "interestIncome": 0,
    "interestExpense": 47000000,
    "depreciationAndAmortization": 119000000,
    "ebitda": 600000000,
    "ebitdaratio": 0.2399040384,
    "operatingIncome": 662000000,
    "operatingIncomeRatio": 0.2646941224,
    "totalOtherIncomeExpensesNet": -228000000,
    "incomeBeforeTax": 434000000,
    "incomeBeforeTaxRatio": 0.1735305878,
    "incomeTaxExpense": 151000000,
    "netIncome": 264000000,
    "netIncomeRatio": 0.1055577769,
    "eps": 0.41,
    "epsdiluted": 0.4,
    "weightedAverageShsOut": 647000000,
    "weightedAverageShsOutDil": 658000000,
    "link": "https://www.sec.gov/Archives/edgar/data/1065088/000106508821000040/0001065088-21-000040-index.htm",
    "finalLink": "https://www.sec.gov/Archives/edgar/data/1065088/000106508821000040/ebay-20210930.htm"
  },
  {
    "date": "2021-06-30",
    "symbol": "EBAY",
    "reportedCurrency": "USD",
    "cik": "0001065088",
    "fillingDate": "2021-08-12",
    "acceptedDate": "2021-08-12 16:30:00",
    "calendarYear": "2021",
    "period": "Q2",
    "revenue": 2668000000,
    "costOfRevenue": 672000000,
    "grossProfit": 1996000000,
    "grossProfitRatio": 0.748125937,
    "researchAndDevelopmentExpenses": 350000000,
    "generalAndAdministrativeExpenses": 250000000,
    "sellingAndMarketingExpenses": 559000000,
    "sellingGeneralAndAdministrativeExpenses": 809000000,
    "otherExpenses": 105000000,
    "operatingExpenses": 1264000000,
    "costAndExpenses": 1936000000,
    "interestIncome": 0,
    "interestExpense": 58000000,
    "depreciationAndAmortization": 127000000,
    "ebitda": 586000000,
    "ebitdaratio": 0.2196401799,
    "operatingIncome": 732000000,
    "operatingIncomeRatio": 0.2743628186,
    "totalOtherIncomeExpensesNet": -331000000,
    "incomeBeforeTax": 401000000,
    "incomeBeforeTaxRatio": 0.1502998501,
    "incomeTaxExpense": 107000000,
    "netIncome": 10734000000,
    "netIncomeRatio": 4.0232383808,
    "eps": 15.92,
    "epsdiluted": 15.68,
    "weightedAverageShsOut": 674000000,
    "weightedAverageShsOutDil": 685000000,
    "link": "https://www.sec.gov/Archives/edgar/data/1065088/000106508821000030/0001065088-21-000030-index.htm",
    "finalLink": "https://www.sec.gov/Archives/edgar/data/1065088/000106508821000030/ebay-20210630.htm"
  },
  {
    "date": "2021-03-31",
    "symbol": "EBAY",
    "reportedCurrency": "USD",
    "cik": "0001065088",
    "fillingDate": "2021-04-29",
    "acceptedDate": "2021-04-29 16:22:24",
    "calendarYear": "2021",
    "period": "Q1",
    "revenue": 2638000000,
    "costOfRevenue": 606000000,
    "grossProfit": 2032000000,
    "grossProfitRatio": 0.7702805155,
    "researchAndDevelopmentExpenses": 304000000,
    "generalAndAdministrativeExpenses": 246000000,
    "sellingAndMarketingExpenses": 546000000,
    "sellingGeneralAndAdministrativeExpenses": 792000000,
    "otherExpenses": 95000000,
    "operatingExpenses": 1191000000,
    "costAndExpenses": 1797000000,
    "interestIncome": 0,
    "interestExpense": 81000000,
    "depreciationAndAmortization": 134000000,
    "ebitda": 939000000,
    "ebitdaratio": 0.3559514784,
    "operatingIncome": 841000000,
    "operatingIncomeRatio": 0.3188021228,
    "totalOtherIncomeExpensesNet": -117000000,
    "incomeBeforeTax": 724000000,
    "incomeBeforeTaxRatio": 0.2744503412,
    "incomeTaxExpense": 156000000,
    "netIncome": 641000000,
    "netIncomeRatio": 0.2429871114,
    "eps": 0.94,
    "epsdiluted": 0.92,
    "weightedAverageShsOut": 681000000,
    "weightedAverageShsOutDil": 693000000,
    "link": "https://www.sec.gov/Archives/edgar/data/1065088/000106508821000012/0001065088-21-000012-index.htm",
    "finalLink": "https://www.sec.gov/Archives/edgar/data/1065088/000106508821000012/ebay-20210331.htm"
  },
  {
    "date": "2020-12-31",
    "symbol": "EBAY",
    "reportedCurrency": "USD",
    "cik": "0001065088",
    "fillingDate": "2021-02-04",
    "acceptedDate": "2021-02-04 16:15:53",
    "calendarYear": "2020",
    "period": "Q4",
    "revenue": 2868000000,
    "costOfRevenue": 742000000,
    "grossProfit": 2126000000,
    "grossProfitRatio": 0.7412831241,
    "researchAndDevelopmentExpenses": 299000000,
    "generalAndAdministrativeExpenses": 253000000,
    "sellingAndMarketingExpenses": 804000000,
    "sellingGeneralAndAdministrativeExpenses": 1057000000,
    "otherExpenses": 93000000,
    "operatingExpenses": 1449000000,
    "costAndExpenses": 2191000000,
    "interestIncome": 0,
    "interestExpense": 0,
    "depreciationAndAmortization": 138000000,
    "ebitda": 1861000000,
    "ebitdaratio": 0.6488842399,
    "operatingIncome": 677000000,
    "operatingIncomeRatio": 0.2360529986,
    "totalOtherIncomeExpensesNet": 432000000,
    "incomeBeforeTax": 1109000000,
    "incomeBeforeTaxRatio": 0.3866806137,
    "incomeTaxExpense": 328000000,
    "netIncome": 845000000,
    "netIncomeRatio": 0.2946304045,
    "eps": 1.23,
    "epsdiluted": 1.21,
    "weightedAverageShsOut": 688000000,
    "weightedAverageShsOutDil": 697000000,
    "link": "https://www.sec.gov/Archives/edgar/data/1065088/000106508821000006/0001065088-21-000006-index.htm",
    "finalLink": "https://www.sec.gov/Archives/edgar/data/1065088/000106508821000006/ebay-20201231.htm"
  },
  {
    "date": "2020-09-30",
    "symbol": "EBAY",
    "reportedCurrency": "USD",
    "cik": "0001065088",
    "fillingDate": "2020-10-29",
    "acceptedDate": "2020-10-29 16:50:23",
    "calendarYear": "2020",
    "period": "Q3",
    "revenue": 2258000000,
    "costOfRevenue": 478000000,
    "grossProfit": 1780000000,
    "grossProfitRatio": 0.7883082374,
    "researchAndDevelopmentExpenses": 271000000,
    "generalAndAdministrativeExpenses": 253000000,
    "sellingAndMarketingExpenses": 528000000,
    "sellingGeneralAndAdministrativeExpenses": 781000000,
    "otherExpenses": 66000000,
    "operatingExpenses": 1118000000,
    "costAndExpenses": 1596000000,
    "interestIncome": 0,
    "interestExpense": 0,
    "depreciationAndAmortization": 157000000,
    "ebitda": 819000000,
    "ebitdaratio": 0.3627103632,
    "operatingIncome": 662000000,
    "operatingIncomeRatio": 0.2931798051,
    "totalOtherIncomeExpensesNet": 94000000,
    "incomeBeforeTax": 756000000,
    "incomeBeforeTaxRatio": 0.334809566,
    "incomeTaxExpense": 151000000,
    "netIncome": 664000000,
    "netIncomeRatio": 0.2940655447,
    "eps": 0.95,
    "epsdiluted": 0.94,
    "weightedAverageShsOut": 696000000,
    "weightedAverageShsOutDil": 708000000,
    "link": "https://www.sec.gov/Archives/edgar/data/1065088/000106508820000039/0001065088-20-000039-index.htm",
    "finalLink": "https://www.sec.gov/Archives/edgar/data/1065088/000106508820000039/ebay-20200930.htm"
  },
  {
    "date": "2020-06-30",
    "symbol": "EBAY",
    "reportedCurrency": "USD",
    "cik": "0001065088",
    "fillingDate": "2020-07-29",
    "acceptedDate": "2020-07-29 16:59:57",
    "calendarYear": "2020",
    "period": "Q2",
    "revenue": 2337000000,
    "costOfRevenue": 417000000,
    "grossProfit": 1920000000,
    "grossProfitRatio": 0.8215661104,
    "researchAndDevelopmentExpenses": 256000000,
    "generalAndAdministrativeExpenses": 281000000,
    "sellingAndMarketingExpenses": 523000000,
    "sellingGeneralAndAdministrativeExpenses": 804000000,
    "otherExpenses": 96000000,
    "operatingExpenses": 1156000000,
    "costAndExpenses": 1573000000,
    "interestIncome": 0,
    "interestExpense": 0,
    "depreciationAndAmortization": 154000000,
    "ebitda": 918000000,
    "ebitdaratio": 0.3928112965,
    "operatingIncome": 764000000,
    "operatingIncomeRatio": 0.3269148481,
    "totalOtherIncomeExpensesNet": 181000000,
    "incomeBeforeTax": 945000000,
    "incomeBeforeTaxRatio": 0.40436457,
    "incomeTaxExpense": 256000000,
    "netIncome": 746000000,
    "netIncomeRatio": 0.3192126658,
    "eps": 1.06,
    "epsdiluted": 1.05,
    "weightedAverageShsOut": 703000000,
    "weightedAverageShsOutDil": 711000000,
    "link": "https://www.sec.gov/Archives/edgar/data/1065088/000106508820000030/0001065088-20-000030-index.htm",
    "finalLink": "https://www.sec.gov/Archives/edgar/data/1065088/000106508820000030/ebay-20200630.htm"
  },
  {
    "date": "2020-03-31",
    "symbol": "EBAY",
    "reportedCurrency": "USD",
    "cik": "0001065088",
    "fillingDate": "2020-04-30",
    "acceptedDate": "2020-04-30 17:17:01",
    "calendarYear": "2020",
    "period": "Q1",
    "revenue": 2129000000,
    "costOfRevenue": 502000000,
    "grossProfit": 1627000000,
    "grossProfitRatio": 0.7642085486,
    "researchAndDevelopmentExpenses": 232000000,
    "generalAndAdministrativeExpenses": 207000000,
    "sellingAndMarketingExpenses": 520000000,
    "sellingGeneralAndAdministrativeExpenses": 727000000,
    "otherExpenses": 103000000,
    "operatingExpenses": 1062000000,
    "costAndExpenses": 1564000000,
    "interestIncome": 1000000,
    "interestExpense": 0,
    "depreciationAndAmortization": 141000000,
    "ebitda": 706000000,
    "ebitdaratio": 0.331611085,
    "operatingIncome": 565000000,
    "operatingIncomeRatio": 0.2653828088,
    "totalOtherIncomeExpensesNet": 1000000,
    "incomeBeforeTax": 566000000,
    "incomeBeforeTaxRatio": 0.2658525129,
    "incomeTaxExpense": 135000000,
    "netIncome": 3412000000,
    "netIncomeRatio": 1.6026303429,
    "eps": 4.53,
    "epsdiluted": 4.51,
    "weightedAverageShsOut": 753000000,
    "weightedAverageShsOutDil": 757000000,
    "link": "https://www.sec.gov/Archives/edgar/data/1065088/000106508820000018/0001065088-20-000018-index.htm",
    "finalLink": "https://www.sec.gov/Archives/edgar/data/1065088/000106508820000018/ebay-20200331.htm"
  },
  {
    "date": "2019-12-31",
    "symbol": "EBAY",
    "reportedCurrency": "USD",
    "cik": "0001065088",
    "fillingDate": "2020-01-31",
    "acceptedDate": "2020-01-31 16:53:51",
    "calendarYear": "2019",
    "period": "Q4",
    "revenue": 2821000000,
    "costOfRevenue": 650000000,
    "grossProfit": 2171000000,
    "grossProfitRatio": 0.7695852535,
    "researchAndDevelopmentExpenses": 308000000,
    "generalAndAdministrativeExpenses": 323000000,
    "sellingAndMarketingExpenses": 829000000,
    "sellingGeneralAndAdministrativeExpenses": 1152000000,
    "otherExpenses": 92000000,
    "operatingExpenses": 1552000000,
    "costAndExpenses": 2202000000,
    "interestIncome": 0,
    "interestExpense": 0,
    "depreciationAndAmortization": 167000000,
    "ebitda": 983000000,
    "ebitdaratio": 0.3484579936,
    "operatingIncome": 619000000,
    "operatingIncomeRatio": 0.2194257356,
    "totalOtherIncomeExpensesNet": 15000000,
    "incomeBeforeTax": 634000000,
    "incomeBeforeTaxRatio": 0.2247429989,
    "incomeTaxExpense": 76000000,
    "netIncome": 556000000,
    "netIncomeRatio": 0.1970932294,
    "eps": 0.69,
    "epsdiluted": 0.69,
    "weightedAverageShsOut": 807000000,
    "weightedAverageShsOutDil": 812000000,
    "link": "https://www.sec.gov/Archives/edgar/data/1065088/000106508820000006/0001065088-20-000006-index.htm",
    "finalLink": "https://www.sec.gov/Archives/edgar/data/1065088/000106508820000006/ebay201910-k.htm"
  },
  {
    "date": "2019-09-30",
    "symbol": "EBAY",
    "reportedCurrency": "USD",
    "cik": "0001065088",
    "fillingDate": "2019-10-24",
    "acceptedDate": "2019-10-24 19:08:46",
    "calendarYear": "2019",
    "period": "Q3",
    "revenue": 2083000000,
    "costOfRevenue": 530000000,
    "grossProfit": 1553000000,
    "grossProfitRatio": 0.7455592895,
    "researchAndDevelopmentExpenses": 243000000,
    "generalAndAdministrativeExpenses": 250000000,
    "sellingAndMarketingExpenses": 577000000,
    "sellingGeneralAndAdministrativeExpenses": 827000000,
    "otherExpenses": 75000000,
    "operatingExpenses": 1145000000,
    "costAndExpenses": 1675000000,
    "interestIncome": 0,
    "interestExpense": 142000000,
    "depreciationAndAmortization": 144000000,
    "ebitda": 552000000,
    "ebitdaratio": 0.2650024004,
    "operatingIncome": 408000000,
    "operatingIncomeRatio": 0.1958713394,
    "totalOtherIncomeExpensesNet": -142000000,
    "incomeBeforeTax": 266000000,
    "incomeBeforeTaxRatio": 0.1277004321,
    "incomeTaxExpense": 56000000,
    "netIncome": 310000000,
    "netIncomeRatio": 0.1488238118,
    "eps": 0.37,
    "epsdiluted": 0.37,
    "weightedAverageShsOut": 830000000,
    "weightedAverageShsOutDil": 837000000,
    "link": "https://www.sec.gov/Archives/edgar/data/1065088/000106508819000043/0001065088-19-000043-index.htm",
    "finalLink": "https://www.sec.gov/Archives/edgar/data/1065088/000106508819000043/ebay10-qq32019.htm"
  },
  {
    "date": "2019-06-30",
    "symbol": "EBAY",
    "reportedCurrency": "USD",
    "cik": "0001065088",
    "fillingDate": "2019-07-18",
    "acceptedDate": "2019-07-18 16:20:28",
    "calendarYear": "2019",
    "period": "Q2",
    "revenue": 2423000000,
    "costOfRevenue": 553000000,
    "grossProfit": 1870000000,
    "grossProfitRatio": 0.7717705324,
    "researchAndDevelopmentExpenses": 295000000,
    "generalAndAdministrativeExpenses": 256000000,
    "sellingAndMarketingExpenses": 688000000,
    "sellingGeneralAndAdministrativeExpenses": 944000000,
    "otherExpenses": 73000000,
    "operatingExpenses": 1312000000,
    "costAndExpenses": 1865000000,
    "interestIncome": 0,
    "interestExpense": 0,
    "depreciationAndAmortization": 168000000,
    "ebitda": 726000000,
    "ebitdaratio": 0.2996285596,
    "operatingIncome": 558000000,
    "operatingIncomeRatio": 0.2302930252,
    "totalOtherIncomeExpensesNet": -51000000,
    "incomeBeforeTax": 507000000,
    "incomeBeforeTaxRatio": 0.2092447379,
    "incomeTaxExpense": 107000000,
    "netIncome": 402000000,
    "netIncomeRatio": 0.1659100289,
    "eps": 0.47,
    "epsdiluted": 0.46,
    "weightedAverageShsOut": 860000000,
    "weightedAverageShsOutDil": 867000000,
    "link": "https://www.sec.gov/Archives/edgar/data/1065088/000106508819000036/0001065088-19-000036-index.htm",
    "finalLink": "https://www.sec.gov/Archives/edgar/data/1065088/000106508819000036/ebay10-qq22019.htm"
  },
  {
    "date": "2019-03-31",
    "symbol": "EBAY",
    "reportedCurrency": "USD",
    "cik": "0001065088",
    "fillingDate": "2019-04-24",
    "acceptedDate": "2019-04-24 16:55:10",
    "calendarYear": "2019",
    "period": "Q1",
    "revenue": 2413000000,
    "costOfRevenue": 539000000,
    "grossProfit": 1874000000,
    "grossProfitRatio": 0.7766266059,
    "researchAndDevelopmentExpenses": 272000000,
    "generalAndAdministrativeExpenses": 284000000,
    "sellingAndMarketingExpenses": 647000000,
    "sellingGeneralAndAdministrativeExpenses": 931000000,
    "otherExpenses": 78000000,
    "operatingExpenses": 1281000000,
    "costAndExpenses": 1820000000,
    "interestIncome": 64000000,
    "interestExpense": 0,
    "depreciationAndAmortization": 162000000,
    "ebitda": 755000000,
    "ebitdaratio": 0.3128885205,
    "operatingIncome": 593000000,
    "operatingIncomeRatio": 0.2457521757,
    "totalOtherIncomeExpensesNet": 64000000,
    "incomeBeforeTax": 657000000,
    "incomeBeforeTaxRatio": 0.2722751761,
    "incomeTaxExpense": 141000000,
    "netIncome": 518000000,
    "netIncomeRatio": 0.2146705346,
    "eps": 0.58,
    "epsdiluted": 0.57,
    "weightedAverageShsOut": 900000000,
    "weightedAverageShsOutDil": 908000000,
    "link": "https://www.sec.gov/Archives/edgar/data/1065088/000106508819000020/0001065088-19-000020-index.htm",
    "finalLink": "https://www.sec.gov/Archives/edgar/data/1065088/000106508819000020/ebay10-qq12019.htm"
  },
  {
    "date": "2018-12-31",
    "symbol": "EBAY",
    "reportedCurrency": "USD",
    "cik": "0001065088",
    "fillingDate": "2019-01-30",
    "acceptedDate": "2019-01-30 17:31:09",
    "calendarYear": "2018",
    "period": "Q4",
    "revenue": 2877000000,
    "costOfRevenue": 618000000,
    "grossProfit": 2259000000,
    "grossProfitRatio": 0.7851929093,
    "researchAndDevelopmentExpenses": 292000000,
    "generalAndAdministrativeExpenses": 245000000,
    "sellingAndMarketingExpenses": 945000000,
    "sellingGeneralAndAdministrativeExpenses": 1190000000,
    "otherExpenses": 96000000,
    "operatingExpenses": 1578000000,
    "costAndExpenses": 2196000000,
    "interestIncome": 0,
    "interestExpense": 0,
    "depreciationAndAmortization": 172000000,
    "ebitda": 1675000000,
    "ebitdaratio": 0.5822036844,
    "operatingIncome": 681000000,
    "operatingIncomeRatio": 0.2367049009,
    "totalOtherIncomeExpensesNet": -165000000,
    "incomeBeforeTax": 516000000,
    "incomeBeforeTaxRatio": 0.1793534932,
    "incomeTaxExpense": -247000000,
    "netIncome": 760000000,
    "netIncomeRatio": 0.2641640598,
    "eps": 0.81,
    "epsdiluted": 0.8,
    "weightedAverageShsOut": 945000000,
    "weightedAverageShsOutDil": 950000000,
    "link": "https://www.sec.gov/Archives/edgar/data/1065088/000106508819000006/0001065088-19-000006-index.htm",
    "finalLink": "https://www.sec.gov/Archives/edgar/data/1065088/000106508819000006/ebay201810-k.htm"
  },
  {
    "date": "2018-09-30",
    "symbol": "EBAY",
    "reportedCurrency": "USD",
    "cik": "0001065088",
    "fillingDate": "2018-10-31",
    "acceptedDate": "2018-10-31 16:21:11",
    "calendarYear": "2018",
    "period": "Q3",
    "revenue": 2649000000,
    "costOfRevenue": 608000000,
    "grossProfit": 2041000000,
    "grossProfitRatio": 0.7704794262,
    "researchAndDevelopmentExpenses": 307000000,
    "generalAndAdministrativeExpenses": 248000000,
    "sellingAndMarketingExpenses": 852000000,
    "sellingGeneralAndAdministrativeExpenses": 1100000000,
    "otherExpenses": 78000000,
    "operatingExpenses": 1485000000,
    "costAndExpenses": 2093000000,
    "interestIncome": 0,
    "interestExpense": 0,
    "depreciationAndAmortization": 175000000,
    "ebitda": 731000000,
    "ebitdaratio": 0.2759531899,
    "operatingIncome": 556000000,
    "operatingIncomeRatio": 0.2098905247,
    "totalOtherIncomeExpensesNet": 392000000,
    "incomeBeforeTax": 948000000,
    "incomeBeforeTaxRatio": 0.3578708947,
    "incomeTaxExpense": 228000000,
    "netIncome": 721000000,
    "netIncomeRatio": 0.2721781804,
    "eps": 0.74,
    "epsdiluted": 0.73,
    "weightedAverageShsOut": 974000000,
    "weightedAverageShsOutDil": 983000000,
    "link": "https://www.sec.gov/Archives/edgar/data/1065088/000106508818000045/0001065088-18-000045-index.htm",
    "finalLink": "https://www.sec.gov/Archives/edgar/data/1065088/000106508818000045/ebay10-qq32018.htm"
  },
  {
    "date": "2018-06-30",
    "symbol": "EBAY",
    "reportedCurrency": "USD",
    "cik": "0001065088",
    "fillingDate": "2018-07-19",
    "acceptedDate": "2018-07-19 17:06:48",
    "calendarYear": "2018",
    "period": "Q2",
    "revenue": 2640000000,
    "costOfRevenue": 597000000,
    "grossProfit": 2043000000,
    "grossProfitRatio": 0.7738636364,
    "researchAndDevelopmentExpenses": 352000000,
    "generalAndAdministrativeExpenses": 368000000,
    "sellingAndMarketingExpenses": 838000000,
    "sellingGeneralAndAdministrativeExpenses": 1206000000,
    "otherExpenses": 79000000,
    "operatingExpenses": 1637000000,
    "costAndExpenses": 2234000000,
    "interestIncome": 0,
    "interestExpense": 0,
    "depreciationAndAmortization": 170000000,
    "ebitda": 576000000,
    "ebitdaratio": 0.2181818182,
    "operatingIncome": 406000000,
    "operatingIncomeRatio": 0.1537878788,
    "totalOtherIncomeExpensesNet": 301000000,
    "incomeBeforeTax": 707000000,
    "incomeBeforeTaxRatio": 0.2678030303,
    "incomeTaxExpense": 69000000,
    "netIncome": 642000000,
    "netIncomeRatio": 0.2431818182,
    "eps": 0.64,
    "epsdiluted": 0.64,
    "weightedAverageShsOut": 992000000,
    "weightedAverageShsOutDil": 1004000000,
    "link": "https://www.sec.gov/Archives/edgar/data/1065088/000106508818000032/0001065088-18-000032-index.htm",
    "finalLink": "https://www.sec.gov/Archives/edgar/data/1065088/000106508818000032/ebay10-qq22018.htm"
  },
  {
    "date": "2018-03-31",
    "symbol": "EBAY",
    "reportedCurrency": "USD",
    "cik": "0001065088",
    "fillingDate": "2018-04-26",
    "acceptedDate": "2018-04-26 16:32:47",
    "calendarYear": "2018",
    "period": "Q1",
    "revenue": 2580000000,
    "costOfRevenue": 559000000,
    "grossProfit": 2021000000,
    "grossProfitRatio": 0.7833333333,
    "researchAndDevelopmentExpenses": 334000000,
    "generalAndAdministrativeExpenses": 270000000,
    "sellingAndMarketingExpenses": 756000000,
    "sellingGeneralAndAdministrativeExpenses": 1026000000,
    "otherExpenses": 82000000,
    "operatingExpenses": 1442000000,
    "costAndExpenses": 2001000000,
    "interestIncome": 0,
    "interestExpense": 0,
    "depreciationAndAmortization": 179000000,
    "ebitda": 758000000,
    "ebitdaratio": 0.2937984496,
    "operatingIncome": 579000000,
    "operatingIncomeRatio": 0.2244186047,
    "totalOtherIncomeExpensesNet": -32000000,
    "incomeBeforeTax": 547000000,
    "incomeBeforeTaxRatio": 0.2120155039,
    "incomeTaxExpense": 140000000,
    "netIncome": 407000000,
    "netIncomeRatio": 0.157751938,
    "eps": 0.4,
    "epsdiluted": 0.4,
    "weightedAverageShsOut": 1010000000,
    "weightedAverageShsOutDil": 1029000000,
    "link": "https://www.sec.gov/Archives/edgar/data/1065088/000106508818000020/0001065088-18-000020-index.htm",
    "finalLink": "https://www.sec.gov/Archives/edgar/data/1065088/000106508818000020/ebay10-qq12018.htm"
  },
  {
    "date": "2017-12-31",
    "symbol": "EBAY",
    "reportedCurrency": "USD",
    "cik": "0001065088",
    "fillingDate": "2018-02-05",
    "acceptedDate": "2018-02-05 08:57:23",
    "calendarYear": "2017",
    "period": "Q4",
    "revenue": 2613000000,
    "costOfRevenue": 590000000,
    "grossProfit": 2023000000,
    "grossProfitRatio": 0.7742058936,
    "researchAndDevelopmentExpenses": 317000000,
    "generalAndAdministrativeExpenses": 265000000,
    "sellingAndMarketingExpenses": 689000000,
    "sellingGeneralAndAdministrativeExpenses": 954000000,
    "otherExpenses": 89000000,
    "operatingExpenses": 1360000000,
    "costAndExpenses": 1950000000,
    "interestIncome": 0,
    "interestExpense": 0,
    "depreciationAndAmortization": 172000000,
    "ebitda": 1138000000,
    "ebitdaratio": 0.435514734,
    "operatingIncome": 663000000,
    "operatingIncomeRatio": 0.2537313433,
    "totalOtherIncomeExpensesNet": -102000000,
    "incomeBeforeTax": 561000000,
    "incomeBeforeTaxRatio": 0.214695752,
    "incomeTaxExpense": 3158000000,
    "netIncome": -2601000000,
    "netIncomeRatio": -0.9954075775,
    "eps": -2.51,
    "epsdiluted": -2.51,
    "weightedAverageShsOut": 1035000000,
    "weightedAverageShsOutDil": 1035000000,
    "link": "https://www.sec.gov/Archives/edgar/data/1065088/000106508818000009/0001065088-18-000009-index.htm",
    "finalLink": "https://www.sec.gov/Archives/edgar/data/1065088/000106508818000009/ebay201710-k.htm"
  },
  {
    "date": "2017-09-30",
    "symbol": "EBAY",
    "reportedCurrency": "USD",
    "cik": "0001065088",
    "fillingDate": "2017-10-20",
    "acceptedDate": "2017-10-19 19:25:20",
    "calendarYear": "2017",
    "period": "Q3",
    "revenue": 2498000000,
    "costOfRevenue": 557000000,
    "grossProfit": 1941000000,
    "grossProfitRatio": 0.7770216173,
    "researchAndDevelopmentExpenses": 316000000,
    "generalAndAdministrativeExpenses": 254000000,
    "sellingAndMarketingExpenses": 719000000,
    "sellingGeneralAndAdministrativeExpenses": 973000000,
    "otherExpenses": 78000000,
    "operatingExpenses": 1367000000,
    "costAndExpenses": 1924000000,
    "interestIncome": 0,
    "interestExpense": 0,
    "depreciationAndAmortization": 173000000,
    "ebitda": 747000000,
    "ebitdaratio": 0.2990392314,
    "operatingIncome": 574000000,
    "operatingIncomeRatio": 0.2297838271,
    "totalOtherIncomeExpensesNet": 120000000,
    "incomeBeforeTax": 694000000,
    "incomeBeforeTaxRatio": 0.2778222578,
    "incomeTaxExpense": 174000000,
    "netIncome": 520000000,
    "netIncomeRatio": 0.2081665332,
    "eps": 0.49,
    "epsdiluted": 0.48,
    "weightedAverageShsOut": 1062000000,
    "weightedAverageShsOutDil": 1078000000,
    "link": "https://www.sec.gov/Archives/edgar/data/1065088/000106508817000051/0001065088-17-000051-index.htm",
    "finalLink": "https://www.sec.gov/Archives/edgar/data/1065088/000106508817000051/ebay10-qq32017.htm"
  },
  {
    "date": "2017-06-30",
    "symbol": "EBAY",
    "reportedCurrency": "USD",
    "cik": "0001065088",
    "fillingDate": "2017-07-21",
    "acceptedDate": "2017-07-21 17:07:10",
    "calendarYear": "2017",
    "period": "Q2",
    "revenue": 2419000000,
    "costOfRevenue": 560000000,
    "grossProfit": 1859000000,
    "grossProfitRatio": 0.7684993799,
    "researchAndDevelopmentExpenses": 313000000,
    "generalAndAdministrativeExpenses": 267000000,
    "sellingAndMarketingExpenses": 727000000,
    "sellingGeneralAndAdministrativeExpenses": 994000000,
    "otherExpenses": 72000000,
    "operatingExpenses": 1379000000,
    "costAndExpenses": 1939000000,
    "interestIncome": 0,
    "interestExpense": 0,
    "depreciationAndAmortization": 168000000,
    "ebitda": 648000000,
    "ebitdaratio": 0.267879289,
    "operatingIncome": 480000000,
    "operatingIncomeRatio": 0.1984291029,
    "totalOtherIncomeExpensesNet": -18000000,
    "incomeBeforeTax": 462000000,
    "incomeBeforeTaxRatio": 0.1909880116,
    "incomeTaxExpense": 433000000,
    "netIncome": 29000000,
    "netIncomeRatio": 0.011988425,
    "eps": 0.03,
    "epsdiluted": 0.03,
    "weightedAverageShsOut": 1076000000,
    "weightedAverageShsOutDil": 1091000000,
    "link": "https://www.sec.gov/Archives/edgar/data/1065088/000106508817000029/0001065088-17-000029-index.htm",
    "finalLink": "https://www.sec.gov/Archives/edgar/data/1065088/000106508817000029/ebay10-qq22017.htm"
  },
  {
    "date": "2017-03-31",
    "symbol": "EBAY",
    "reportedCurrency": "USD",
    "cik": "0001065088",
    "fillingDate": "2017-04-20",
    "acceptedDate": "2017-04-20 17:04:33",
    "calendarYear": "2017",
    "period": "Q1",
    "revenue": 2303000000,
    "costOfRevenue": 514000000,
    "grossProfit": 1789000000,
    "grossProfitRatio": 0.7768128528,
    "researchAndDevelopmentExpenses": 278000000,
    "generalAndAdministrativeExpenses": 245000000,
    "sellingAndMarketingExpenses": 648000000,
    "sellingGeneralAndAdministrativeExpenses": 893000000,
    "otherExpenses": 71000000,
    "operatingExpenses": 1242000000,
    "costAndExpenses": 1756000000,
    "interestIncome": 0,
    "interestExpense": 0,
    "depreciationAndAmortization": 163000000,
    "ebitda": 710000000,
    "ebitdaratio": 0.3082935302,
    "operatingIncome": 547000000,
    "operatingIncomeRatio": 0.2375162831,
    "totalOtherIncomeExpensesNet": 11000000,
    "incomeBeforeTax": 558000000,
    "incomeBeforeTaxRatio": 0.2422926617,
    "incomeTaxExpense": -477000000,
    "netIncome": 1035000000,
    "netIncomeRatio": 0.4494138081,
    "eps": 0.96,
    "epsdiluted": 0.94,
    "weightedAverageShsOut": 1083000000,
    "weightedAverageShsOutDil": 1102000000,
    "link": "https://www.sec.gov/Archives/edgar/data/1065088/000106508817000013/0001065088-17-000013-index.htm",
    "finalLink": "https://www.sec.gov/Archives/edgar/data/1065088/000106508817000013/ebay10-qq12017.htm"
  },
  {
    "date": "2016-12-31",
    "symbol": "EBAY",
    "reportedCurrency": "USD",
    "cik": "0001065088",
    "fillingDate": "2017-02-06",
    "acceptedDate": "2017-02-06 17:09:13",
    "calendarYear": "2016",
    "period": "Q4",
    "revenue": 2395000000,
    "costOfRevenue": 539000000,
    "grossProfit": 1856000000,
    "grossProfitRatio": 0.7749478079,
    "researchAndDevelopmentExpenses": 292000000,
    "generalAndAdministrativeExpenses": 249000000,
    "sellingAndMarketingExpenses": 608000000,
    "sellingGeneralAndAdministrativeExpenses": 857000000,
    "otherExpenses": 69000000,
    "operatingExpenses": 1218000000,
    "costAndExpenses": 1757000000,
    "interestIncome": 0,
    "interestExpense": 0,
    "depreciationAndAmortization": 176000000,
    "ebitda": 2365000000,
    "ebitdaratio": 0.987473904,
    "operatingIncome": 638000000,
    "operatingIncomeRatio": 0.266388309,
    "totalOtherIncomeExpensesNet": 1366000000,
    "incomeBeforeTax": 2004000000,
    "incomeBeforeTaxRatio": 0.836743215,
    "incomeTaxExpense": -3944000000,
    "netIncome": 5936000000,
    "netIncomeRatio": 2.4784968685,
    "eps": 5.37,
    "epsdiluted": 5.3,
    "weightedAverageShsOut": 1106000000,
    "weightedAverageShsOutDil": 1119000000,
    "link": "https://www.sec.gov/Archives/edgar/data/1065088/000106508817000007/0001065088-17-000007-index.htm",
    "finalLink": "https://www.sec.gov/Archives/edgar/data/1065088/000106508817000007/ebay201610-k.htm"
  },
  {
    "date": "2016-09-30",
    "symbol": "EBAY",
    "reportedCurrency": "USD",
    "cik": "0001065088",
    "fillingDate": "2016-10-20",
    "acceptedDate": "2016-10-20 17:00:38",
    "calendarYear": "2016",
    "period": "Q3",
    "revenue": 2217000000,
    "costOfRevenue": 498000000,
    "grossProfit": 1719000000,
    "grossProfitRatio": 0.7753721245,
    "researchAndDevelopmentExpenses": 288000000,
    "generalAndAdministrativeExpenses": 224000000,
    "sellingAndMarketingExpenses": 600000000,
    "sellingGeneralAndAdministrativeExpenses": 824000000,
    "otherExpenses": 65000000,
    "operatingExpenses": 1177000000,
    "costAndExpenses": 1675000000,
    "interestIncome": 0,
    "interestExpense": 0,
    "depreciationAndAmortization": 172000000,
    "ebitda": 714000000,
    "ebitdaratio": 0.3220568336,
    "operatingIncome": 542000000,
    "operatingIncomeRatio": 0.2444745151,
    "totalOtherIncomeExpensesNet": -9000000,
    "incomeBeforeTax": 533000000,
    "incomeBeforeTaxRatio": 0.2404149752,
    "incomeTaxExpense": 115000000,
    "netIncome": 413000000,
    "netIncomeRatio": 0.1862877763,
    "eps": 0.37,
    "epsdiluted": 0.36,
    "weightedAverageShsOut": 1126000000,
    "weightedAverageShsOutDil": 1139000000,
    "link": "https://www.sec.gov/Archives/edgar/data/1065088/000106508816000332/0001065088-16-000332-index.htm",
    "finalLink": "https://www.sec.gov/Archives/edgar/data/1065088/000106508816000332/ebay10-qq32016.htm"
  },
  {
    "date": "2016-06-30",
    "symbol": "EBAY",
    "reportedCurrency": "USD",
    "cik": "0001065088",
    "fillingDate": "2016-07-21",
    "acceptedDate": "2016-07-21 17:07:05",
    "calendarYear": "2016",
    "period": "Q2",
    "revenue": 2230000000,
    "costOfRevenue": 493000000,
    "grossProfit": 1737000000,
    "grossProfitRatio": 0.7789237668,
    "researchAndDevelopmentExpenses": 295000000,
    "generalAndAdministrativeExpenses": 218000000,
    "sellingAndMarketingExpenses": 622000000,
    "sellingGeneralAndAdministrativeExpenses": 840000000,
    "otherExpenses": 71000000,
    "operatingExpenses": 1206000000,
    "costAndExpenses": 1699000000,
    "interestIncome": 0,
    "interestExpense": 0,
    "depreciationAndAmortization": 167000000,
    "ebitda": 698000000,
    "ebitdaratio": 0.3130044843,
    "operatingIncome": 531000000,
    "operatingIncomeRatio": 0.2381165919,
    "totalOtherIncomeExpensesNet": -8000000,
    "incomeBeforeTax": 523000000,
    "incomeBeforeTaxRatio": 0.234529148,
    "incomeTaxExpense": 86000000,
    "netIncome": 435000000,
    "netIncomeRatio": 0.1950672646,
    "eps": 0.38,
    "epsdiluted": 0.38,
    "weightedAverageShsOut": 1144000000,
    "weightedAverageShsOutDil": 1149000000,
    "link": "https://www.sec.gov/Archives/edgar/data/1065088/000106508816000317/0001065088-16-000317-index.htm",
    "finalLink": "https://www.sec.gov/Archives/edgar/data/1065088/000106508816000317/ebay10-qq22016.htm"
  },
  {
    "date": "2016-03-31",
    "symbol": "EBAY",
    "reportedCurrency": "USD",
    "cik": "0001065088",
    "fillingDate": "2016-04-27",
    "acceptedDate": "2016-04-26 21:05:54",
    "calendarYear": "2016",
    "period": "Q1",
    "revenue": 2137000000,
    "costOfRevenue": 477000000,
    "grossProfit": 1660000000,
    "grossProfitRatio": 0.7767898924,
    "researchAndDevelopmentExpenses": 239000000,
    "generalAndAdministrativeExpenses": 209000000,
    "sellingAndMarketingExpenses": 538000000,
    "sellingGeneralAndAdministrativeExpenses": 747000000,
    "otherExpenses": 60000000,
    "operatingExpenses": 1046000000,
    "costAndExpenses": 1523000000,
    "interestIncome": 0,
    "interestExpense": 0,
    "depreciationAndAmortization": 167000000,
    "ebitda": 781000000,
    "ebitdaratio": 0.365465606,
    "operatingIncome": 614000000,
    "operatingIncomeRatio": 0.287318671,
    "totalOtherIncomeExpensesNet": -23000000,
    "incomeBeforeTax": 591000000,
    "incomeBeforeTaxRatio": 0.2765559195,
    "incomeTaxExpense": 109000000,
    "netIncome": 482000000,
    "netIncomeRatio": 0.2255498362,
    "eps": 0.42,
    "epsdiluted": 0.41,
    "weightedAverageShsOut": 1159000000,
    "weightedAverageShsOutDil": 1170000000,
    "link": "https://www.sec.gov/Archives/edgar/data/1065088/000106508816000296/0001065088-16-000296-index.htm",
    "finalLink": "https://www.sec.gov/Archives/edgar/data/1065088/000106508816000296/ebay10-qq12016.htm"
  },
  {
    "date": "2015-12-31",
    "symbol": "EBAY",
    "reportedCurrency": "USD",
    "cik": "0001065088",
    "fillingDate": "2016-02-01",
    "acceptedDate": "2016-02-01 17:30:13",
    "calendarYear": "2015",
    "period": "Q4",
    "revenue": 2322000000,
    "costOfRevenue": 493000000,
    "grossProfit": 1829000000,
    "grossProfitRatio": 0.7876830319,
    "researchAndDevelopmentExpenses": 229000000,
    "generalAndAdministrativeExpenses": 260000000,
    "sellingAndMarketingExpenses": 595000000,
    "sellingGeneralAndAdministrativeExpenses": 855000000,
    "otherExpenses": 83000000,
    "operatingExpenses": 1167000000,
    "costAndExpenses": 1660000000,
    "interestIncome": 0,
    "interestExpense": 0,
    "depreciationAndAmortization": 171000000,
    "ebitda": 1186000000,
    "ebitdaratio": 0.5107665805,
    "operatingIncome": 662000000,
    "operatingIncomeRatio": 0.2850990525,
    "totalOtherIncomeExpensesNet": -12000000,
    "incomeBeforeTax": 650000000,
    "incomeBeforeTaxRatio": 0.2799310939,
    "incomeTaxExpense": 127000000,
    "netIncome": 477000000,
    "netIncomeRatio": 0.2054263566,
    "eps": 0.4,
    "epsdiluted": 0.39,
    "weightedAverageShsOut": 1191000000,
    "weightedAverageShsOutDil": 1204000000,
    "link": "https://www.sec.gov/Archives/edgar/data/1065088/000106508816000265/0001065088-16-000265-index.htm",
    "finalLink": "https://www.sec.gov/Archives/edgar/data/1065088/000106508816000265/ebay201510-k.htm"
  },
  {
    "date": "2015-09-30",
    "symbol": "EBAY",
    "reportedCurrency": "USD",
    "cik": "0001065088",
    "fillingDate": "2015-10-28",
    "acceptedDate": "2015-10-27 21:58:00",
    "calendarYear": "2015",
    "period": "Q3",
    "revenue": 2099000000,
    "costOfRevenue": 433000000,
    "grossProfit": 1666000000,
    "grossProfitRatio": 0.7937112911,
    "researchAndDevelopmentExpenses": 241000000,
    "generalAndAdministrativeExpenses": 207000000,
    "sellingAndMarketingExpenses": 565000000,
    "sellingGeneralAndAdministrativeExpenses": 772000000,
    "otherExpenses": 75000000,
    "operatingExpenses": 1088000000,
    "costAndExpenses": 1521000000,
    "interestIncome": 0,
    "interestExpense": 0,
    "depreciationAndAmortization": 182000000,
    "ebitda": 760000000,
    "ebitdaratio": 0.3620771796,
    "operatingIncome": 578000000,
    "operatingIncomeRatio": 0.2753692234,
    "totalOtherIncomeExpensesNet": 87000000,
    "incomeBeforeTax": 665000000,
    "incomeBeforeTaxRatio": 0.3168175322,
    "incomeTaxExpense": 120000000,
    "netIncome": 539000000,
    "netIncomeRatio": 0.2567889471,
    "eps": 0.45,
    "epsdiluted": 0.45,
    "weightedAverageShsOut": 1210000000,
    "weightedAverageShsOutDil": 1223000000,
    "link": "https://www.sec.gov/Archives/edgar/data/1065088/000106508815000252/0001065088-15-000252-index.htm",
    "finalLink": "https://www.sec.gov/Archives/edgar/data/1065088/000106508815000252/ebay10-qq32015.htm"
  },
  {
    "date": "2015-06-30",
    "symbol": "EBAY",
    "reportedCurrency": "USD",
    "cik": "0001065088",
    "fillingDate": "2015-07-21",
    "acceptedDate": "2015-07-21 17:14:30",
    "calendarYear": "2015",
    "period": "Q2",
    "revenue": 2110000000,
    "costOfRevenue": 434000000,
    "grossProfit": 1676000000,
    "grossProfitRatio": 0.7943127962,
    "researchAndDevelopmentExpenses": 232000000,
    "generalAndAdministrativeExpenses": 353000000,
    "sellingAndMarketingExpenses": 588000000,
    "sellingGeneralAndAdministrativeExpenses": 941000000,
    "otherExpenses": 75000000,
    "operatingExpenses": 1248000000,
    "costAndExpenses": 1682000000,
    "interestIncome": 0,
    "interestExpense": 0,
    "depreciationAndAmortization": 174000000,
    "ebitda": 602000000,
    "ebitdaratio": 0.2853080569,
    "operatingIncome": 428000000,
    "operatingIncomeRatio": 0.2028436019,
    "totalOtherIncomeExpensesNet": 124000000,
    "incomeBeforeTax": 552000000,
    "incomeBeforeTaxRatio": 0.2616113744,
    "incomeTaxExpense": 122000000,
    "netIncome": 83000000,
    "netIncomeRatio": 0.0393364929,
    "eps": 0.07,
    "epsdiluted": 0.07,
    "weightedAverageShsOut": 1217000000,
    "weightedAverageShsOutDil": 1225000000,
    "link": "https://www.sec.gov/Archives/edgar/data/1065088/000106508815000186/0001065088-15-000186-index.htm",
    "finalLink": "https://www.sec.gov/Archives/edgar/data/1065088/000106508815000186/ebay10-qq22015.htm"
  },
  {
    "date": "2015-03-31",
    "symbol": "EBAY",
    "reportedCurrency": "USD",
    "cik": "0001065088",
    "fillingDate": "2015-04-23",
    "acceptedDate": "2015-04-23 16:44:59",
    "calendarYear": "2015",
    "period": "Q1",
    "revenue": 2061000000,
    "costOfRevenue": 411000000,
    "grossProfit": 1650000000,
    "grossProfitRatio": 0.8005822416,
    "researchAndDevelopmentExpenses": 221000000,
    "generalAndAdministrativeExpenses": 302000000,
    "sellingAndMarketingExpenses": 519000000,
    "sellingGeneralAndAdministrativeExpenses": 821000000,
    "otherExpenses": 79000000,
    "operatingExpenses": 1121000000,
    "costAndExpenses": 1532000000,
    "interestIncome": 0,
    "interestExpense": 0,
    "depreciationAndAmortization": 160000000,
    "ebitda": 689000000,
    "ebitdaratio": 0.3343037361,
    "operatingIncome": 529000000,
    "operatingIncomeRatio": 0.2566715187,
    "totalOtherIncomeExpensesNet": 10000000,
    "incomeBeforeTax": 539000000,
    "incomeBeforeTaxRatio": 0.2615235323,
    "incomeTaxExpense": 90000000,
    "netIncome": 626000000,
    "netIncomeRatio": 0.3037360505,
    "eps": 0.51,
    "epsdiluted": 0.51,
    "weightedAverageShsOut": 1216000000,
    "weightedAverageShsOutDil": 1229000000,
    "link": "https://www.sec.gov/Archives/edgar/data/1065088/000106508815000116/0001065088-15-000116-index.htm",
    "finalLink": "https://www.sec.gov/Archives/edgar/data/1065088/000106508815000116/ebay10-qq12015.htm"
  },
  {
    "date": "2014-12-31",
    "symbol": "EBAY",
    "reportedCurrency": "USD",
    "cik": "0001065088",
    "fillingDate": "2015-02-06",
    "acceptedDate": "2015-02-05 19:54:38",
    "calendarYear": "2014",
    "period": "Q4",
    "revenue": 4921000000,
    "costOfRevenue": 1600000000,
    "grossProfit": 3321000000,
    "grossProfitRatio": 0.6748628328,
    "researchAndDevelopmentExpenses": 509000000,
    "generalAndAdministrativeExpenses": 475000000,
    "sellingAndMarketingExpenses": 945000000,
    "sellingGeneralAndAdministrativeExpenses": 1420000000,
    "otherExpenses": 331000000,
    "operatingExpenses": 2260000000,
    "costAndExpenses": 3860000000,
    "interestIncome": 0,
    "interestExpense": 0,
    "depreciationAndAmortization": 370000000,
    "ebitda": 1571000000,
    "ebitdaratio": 0.3192440561,
    "operatingIncome": 1061000000,
    "operatingIncomeRatio": 0.215606584,
    "totalOtherIncomeExpensesNet": -7000000,
    "incomeBeforeTax": 1054000000,
    "incomeBeforeTaxRatio": 0.2141841089,
    "incomeTaxExpense": 31000000,
    "netIncome": 1023000000,
    "netIncomeRatio": 0.2078845763,
    "eps": 0.76,
    "epsdiluted": 0.75,
    "weightedAverageShsOut": 1230000000,
    "weightedAverageShsOutDil": 1241000000,
    "link": "https://www.sec.gov/Archives/edgar/data/1065088/000106508815000054/0001065088-15-000054-index.htm",
    "finalLink": "https://www.sec.gov/Archives/edgar/data/1065088/000106508815000054/ebay201410-k.htm"
  },
  {
    "date": "2014-09-30",
    "symbol": "EBAY",
    "reportedCurrency": "USD",
    "cik": "0001065088",
    "fillingDate": "2014-10-16",
    "acceptedDate": "2014-10-16 09:02:07",
    "calendarYear": "2014",
    "period": "Q3",
    "revenue": 2150000000,
    "costOfRevenue": 413000000,
    "grossProfit": 1737000000,
    "grossProfitRatio": 0.8079069767,
    "researchAndDevelopmentExpenses": 246000000,
    "generalAndAdministrativeExpenses": 203000000,
    "sellingAndMarketingExpenses": 624000000,
    "sellingGeneralAndAdministrativeExpenses": 827000000,
    "otherExpenses": 68000000,
    "operatingExpenses": 1141000000,
    "costAndExpenses": 1554000000,
    "interestIncome": 0,
    "interestExpense": 0,
    "depreciationAndAmortization": -97000000,
    "ebitda": 606000000,
    "ebitdaratio": 0.2818604651,
    "operatingIncome": 596000000,
    "operatingIncomeRatio": 0.2772093023,
    "totalOtherIncomeExpensesNet": 17000000,
    "incomeBeforeTax": 613000000,
    "incomeBeforeTaxRatio": 0.2851162791,
    "incomeTaxExpense": 104000000,
    "netIncome": 673000000,
    "netIncomeRatio": 0.3130232558,
    "eps": 0.54,
    "epsdiluted": 0.54,
    "weightedAverageShsOut": 1242000000,
    "weightedAverageShsOutDil": 1251000000,
    "link": "https://www.sec.gov/Archives/edgar/data/1065088/000106508814000156/0001065088-14-000156-index.htm",
    "finalLink": "https://www.sec.gov/Archives/edgar/data/1065088/000106508814000156/ebay10-qq32014.htm"
  },
  {
    "date": "2014-06-30",
    "symbol": "EBAY",
    "reportedCurrency": "USD",
    "cik": "0001065088",
    "fillingDate": "2014-07-18",
    "acceptedDate": "2014-07-18 16:26:30",
    "calendarYear": "2014",
    "period": "Q2",
    "revenue": 4103000000,
    "costOfRevenue": 1181000000,
    "grossProfit": 2922000000,
    "grossProfitRatio": 0.7121618328,
    "researchAndDevelopmentExpenses": 468000000,
    "generalAndAdministrativeExpenses": 448000000,
    "sellingAndMarketingExpenses": 885000000,
    "sellingGeneralAndAdministrativeExpenses": 1333000000,
    "otherExpenses": 267000000,
    "operatingExpenses": 2068000000,
    "costAndExpenses": 3249000000,
    "interestIncome": 0,
    "interestExpense": 0,
    "depreciationAndAmortization": 233000000,
    "ebitda": 1087000000,
    "ebitdaratio": 0.2649281014,
    "operatingIncome": 854000000,
    "operatingIncomeRatio": 0.2081403851,
    "totalOtherIncomeExpensesNet": 10000000,
    "incomeBeforeTax": 864000000,
    "incomeBeforeTaxRatio": 0.2105776261,
    "incomeTaxExpense": 144000000,
    "netIncome": 676000000,
    "netIncomeRatio": 0.1647574945,
    "eps": 0.54,
    "epsdiluted": 0.53,
    "weightedAverageShsOut": 1258000000,
    "weightedAverageShsOutDil": 1267000000,
    "link": "https://www.sec.gov/Archives/edgar/data/1065088/000106508814000120/0001065088-14-000120-index.htm",
    "finalLink": "https://www.sec.gov/Archives/edgar/data/1065088/000106508814000120/ebay10-qq22014.htm"
  },
  {
    "date": "2014-03-31",
    "symbol": "EBAY",
    "reportedCurrency": "USD",
    "cik": "0001065088",
    "fillingDate": "2014-05-01",
    "acceptedDate": "2014-04-30 17:53:32",
    "calendarYear": "2014",
    "period": "Q1",
    "revenue": 4262000000,
    "costOfRevenue": 1351000000,
    "grossProfit": 2911000000,
    "grossProfitRatio": 0.6830126701,
    "researchAndDevelopmentExpenses": 480000000,
    "generalAndAdministrativeExpenses": 465000000,
    "sellingAndMarketingExpenses": 805000000,
    "sellingGeneralAndAdministrativeExpenses": 1270000000,
    "otherExpenses": 283000000,
    "operatingExpenses": 2033000000,
    "costAndExpenses": 3384000000,
    "interestIncome": 0,
    "interestExpense": 0,
    "depreciationAndAmortization": 382000000,
    "ebitda": 1260000000,
    "ebitdaratio": 0.2956358517,
    "operatingIncome": 878000000,
    "operatingIncomeRatio": 0.2060065697,
    "totalOtherIncomeExpensesNet": -5000000,
    "incomeBeforeTax": 873000000,
    "incomeBeforeTaxRatio": 0.2048334115,
    "incomeTaxExpense": 3199000000,
    "netIncome": -2326000000,
    "netIncomeRatio": -0.5457531675,
    "eps": -1.82,
    "epsdiluted": -1.82,
    "weightedAverageShsOut": 1276000000,
    "weightedAverageShsOutDil": 1276000000,
    "link": "https://www.sec.gov/Archives/edgar/data/1065088/000106508814000060/0001065088-14-000060-index.htm",
    "finalLink": "https://www.sec.gov/Archives/edgar/data/1065088/000106508814000060/ebay10-qq12014.htm"
  },
  {
    "date": "2013-12-31",
    "symbol": "EBAY",
    "reportedCurrency": "USD",
    "cik": "0001065088",
    "fillingDate": "2014-01-31",
    "acceptedDate": "2014-01-31 16:06:53",
    "calendarYear": "2013",
    "period": "Q4",
    "revenue": 4530000000,
    "costOfRevenue": 1449000000,
    "grossProfit": 3081000000,
    "grossProfitRatio": 0.6801324503,
    "researchAndDevelopmentExpenses": 450000000,
    "generalAndAdministrativeExpenses": 461000000,
    "sellingAndMarketingExpenses": 837000000,
    "sellingGeneralAndAdministrativeExpenses": 1298000000,
    "otherExpenses": 311000000,
    "operatingExpenses": 2059000000,
    "costAndExpenses": 3508000000,
    "interestIncome": 0,
    "interestExpense": 0,
    "depreciationAndAmortization": 367000000,
    "ebitda": 1584000000,
    "ebitdaratio": 0.3496688742,
    "operatingIncome": 1022000000,
    "operatingIncomeRatio": 0.225607064,
    "totalOtherIncomeExpensesNet": 6000000,
    "incomeBeforeTax": 1028000000,
    "incomeBeforeTaxRatio": 0.2269315673,
    "incomeTaxExpense": 178000000,
    "netIncome": 850000000,
    "netIncomeRatio": 0.1876379691,
    "eps": 0.66,
    "epsdiluted": 0.65,
    "weightedAverageShsOut": 1295000000,
    "weightedAverageShsOutDil": 1310000000,
    "link": "https://www.sec.gov/Archives/edgar/data/1065088/000106508814000010/0001065088-14-000010-index.htm",
    "finalLink": "https://www.sec.gov/Archives/edgar/data/1065088/000106508814000010/ebay201310-k.htm"
  },
  {
    "date": "2013-09-30",
    "symbol": "EBAY",
    "reportedCurrency": "USD",
    "cik": "0001065088",
    "fillingDate": "2013-10-18",
    "acceptedDate": "2013-10-18 17:12:08",
    "calendarYear": "2013",
    "period": "Q3",
    "revenue": 3892000000,
    "costOfRevenue": 1224000000,
    "grossProfit": 2668000000,
    "grossProfitRatio": 0.6855087359,
    "researchAndDevelopmentExpenses": 433000000,
    "generalAndAdministrativeExpenses": 415000000,
    "sellingAndMarketingExpenses": 755000000,
    "sellingGeneralAndAdministrativeExpenses": 1170000000,
    "otherExpenses": 266000000,
    "operatingExpenses": 1869000000,
    "costAndExpenses": 3093000000,
    "interestIncome": 0,
    "interestExpense": 0,
    "depreciationAndAmortization": 357000000,
    "ebitda": 1156000000,
    "ebitdaratio": 0.2970195272,
    "operatingIncome": 799000000,
    "operatingIncomeRatio": 0.2052929085,
    "totalOtherIncomeExpensesNet": 74000000,
    "incomeBeforeTax": 873000000,
    "incomeBeforeTaxRatio": 0.2243062693,
    "incomeTaxExpense": 184000000,
    "netIncome": 689000000,
    "netIncomeRatio": 0.1770298047,
    "eps": 0.53,
    "epsdiluted": 0.53,
    "weightedAverageShsOut": 1295000000,
    "weightedAverageShsOutDil": 1310000000,
    "link": "https://www.sec.gov/Archives/edgar/data/1065088/000106508813000162/0001065088-13-000162-index.htm",
    "finalLink": "https://www.sec.gov/Archives/edgar/data/1065088/000106508813000162/ebay10-qq32013.htm"
  },
  {
    "date": "2013-06-30",
    "symbol": "EBAY",
    "reportedCurrency": "USD",
    "cik": "0001065088",
    "fillingDate": "2013-07-19",
    "acceptedDate": "2013-07-19 16:38:08",
    "calendarYear": "2013",
    "period": "Q2",
    "revenue": 3877000000,
    "costOfRevenue": 1211000000,
    "grossProfit": 2666000000,
    "grossProfitRatio": 0.6876450864,
    "researchAndDevelopmentExpenses": 451000000,
    "generalAndAdministrativeExpenses": 419000000,
    "sellingAndMarketingExpenses": 771000000,
    "sellingGeneralAndAdministrativeExpenses": 1190000000,
    "otherExpenses": 275000000,
    "operatingExpenses": 1916000000,
    "costAndExpenses": 3127000000,
    "interestIncome": 0,
    "interestExpense": 0,
    "depreciationAndAmortization": 347000000,
    "ebitda": 1097000000,
    "ebitdaratio": 0.2829507351,
    "operatingIncome": 750000000,
    "operatingIncomeRatio": 0.1934485427,
    "totalOtherIncomeExpensesNet": 6000000,
    "incomeBeforeTax": 756000000,
    "incomeBeforeTaxRatio": 0.194996131,
    "incomeTaxExpense": 116000000,
    "netIncome": 640000000,
    "netIncomeRatio": 0.1650760898,
    "eps": 0.49,
    "epsdiluted": 0.49,
    "weightedAverageShsOut": 1297000000,
    "weightedAverageShsOutDil": 1313000000,
    "link": "https://www.sec.gov/Archives/edgar/data/1065088/000106508813000116/0001065088-13-000116-index.htm",
    "finalLink": "https://www.sec.gov/Archives/edgar/data/1065088/000106508813000116/ebay10-qq22013.htm"
  },
  {
    "date": "2013-03-31",
    "symbol": "EBAY",
    "reportedCurrency": "USD",
    "cik": "0001065088",
    "fillingDate": "2013-04-19",
    "acceptedDate": "2013-04-19 17:26:27",
    "calendarYear": "2013",
    "period": "Q1",
    "revenue": 3748000000,
    "costOfRevenue": 1152000000,
    "grossProfit": 2596000000,
    "grossProfitRatio": 0.6926360726,
    "researchAndDevelopmentExpenses": 434000000,
    "generalAndAdministrativeExpenses": 408000000,
    "sellingAndMarketingExpenses": 697000000,
    "sellingGeneralAndAdministrativeExpenses": 1105000000,
    "otherExpenses": 257000000,
    "operatingExpenses": 1796000000,
    "costAndExpenses": 2948000000,
    "interestIncome": 0,
    "interestExpense": 0,
    "depreciationAndAmortization": 329000000,
    "ebitda": 1129000000,
    "ebitdaratio": 0.3012273212,
    "operatingIncome": 800000000,
    "operatingIncomeRatio": 0.2134471718,
    "totalOtherIncomeExpensesNet": 9000000,
    "incomeBeforeTax": 809000000,
    "incomeBeforeTaxRatio": 0.2158484525,
    "incomeTaxExpense": 132000000,
    "netIncome": 677000000,
    "netIncomeRatio": 0.1806296692,
    "eps": 0.52,
    "epsdiluted": 0.51,
    "weightedAverageShsOut": 1295000000,
    "weightedAverageShsOutDil": 1319000000,
    "link": "https://www.sec.gov/Archives/edgar/data/1065088/000106508813000058/0001065088-13-000058-index.htm",
    "finalLink": "https://www.sec.gov/Archives/edgar/data/1065088/000106508813000058/ebay10-qq12013.htm"
  },
  {
    "date": "2012-12-31",
    "symbol": "EBAY",
    "reportedCurrency": "USD",
    "cik": "0001065088",
    "fillingDate": "2013-02-01",
    "acceptedDate": "2013-01-31 20:09:24",
    "calendarYear": "2012",
    "period": "Q4",
    "revenue": 3993000000,
    "costOfRevenue": 1224000000,
    "grossProfit": 2769000000,
    "grossProfitRatio": 0.6934635612,
    "researchAndDevelopmentExpenses": 416000000,
    "generalAndAdministrativeExpenses": 436000000,
    "sellingAndMarketingExpenses": 793000000,
    "sellingGeneralAndAdministrativeExpenses": 1229000000,
    "otherExpenses": 1124000000,
    "operatingExpenses": 2769000000,
    "costAndExpenses": 3993000000,
    "interestIncome": 0,
    "interestExpense": 0,
    "depreciationAndAmortization": 318000000,
    "ebitda": 1450000000,
    "ebitdaratio": 0.3631354871,
    "operatingIncome": 873000000,
    "operatingIncomeRatio": 0.2186326071,
    "totalOtherIncomeExpensesNet": 4000000,
    "incomeBeforeTax": 877000000,
    "incomeBeforeTaxRatio": 0.2196343601,
    "incomeTaxExpense": 127000000,
    "netIncome": 750000000,
    "netIncomeRatio": 0.1878287002,
    "eps": 0.58,
    "epsdiluted": 0.57,
    "weightedAverageShsOut": 1294000000,
    "weightedAverageShsOutDil": 1318000000,
    "link": "https://www.sec.gov/Archives/edgar/data/1065088/000106508813000004/0001065088-13-000004-index.htm",
    "finalLink": "https://www.sec.gov/Archives/edgar/data/1065088/000106508813000004/ebay2012_10k.htm"
  },
  {
    "date": "2012-09-30",
    "symbol": "EBAY",
    "reportedCurrency": "USD",
    "cik": "0001065088",
    "fillingDate": "2012-10-19",
    "acceptedDate": "2012-10-19 17:04:58",
    "calendarYear": "2012",
    "period": "Q3",
    "revenue": 3404000000,
    "costOfRevenue": 1022000000,
    "grossProfit": 2382000000,
    "grossProfitRatio": 0.6997649824,
    "researchAndDevelopmentExpenses": 389000000,
    "generalAndAdministrativeExpenses": 369000000,
    "sellingAndMarketingExpenses": 726000000,
    "sellingGeneralAndAdministrativeExpenses": 1095000000,
    "otherExpenses": 231000000,
    "operatingExpenses": 1715000000,
    "costAndExpenses": 2737000000,
    "interestIncome": 0,
    "interestExpense": 0,
    "depreciationAndAmortization": 311000000,
    "ebitda": 978000000,
    "ebitdaratio": 0.2873090482,
    "operatingIncome": 667000000,
    "operatingIncomeRatio": 0.1959459459,
    "totalOtherIncomeExpensesNet": 5000000,
    "incomeBeforeTax": 672000000,
    "incomeBeforeTaxRatio": 0.1974148061,
    "incomeTaxExpense": 75000000,
    "netIncome": 597000000,
    "netIncomeRatio": 0.1753819036,
    "eps": 0.46,
    "epsdiluted": 0.45,
    "weightedAverageShsOut": 1292000000,
    "weightedAverageShsOutDil": 1314000000,
    "link": "https://www.sec.gov/Archives/edgar/data/1065088/000106508812000143/0001065088-12-000143-index.htm",
    "finalLink": "https://www.sec.gov/Archives/edgar/data/1065088/000106508812000143/ebay2012q3_10q.htm"
  },
  {
    "date": "2012-06-30",
    "symbol": "EBAY",
    "reportedCurrency": "USD",
    "cik": "0001065088",
    "fillingDate": "2012-07-19",
    "acceptedDate": "2012-07-18 20:45:44",
    "calendarYear": "2012",
    "period": "Q2",
    "revenue": 3398000000,
    "costOfRevenue": 987000000,
    "grossProfit": 2411000000,
    "grossProfitRatio": 0.7095350206,
    "researchAndDevelopmentExpenses": 394000000,
    "generalAndAdministrativeExpenses": 390000000,
    "sellingAndMarketingExpenses": 717000000,
    "sellingGeneralAndAdministrativeExpenses": 1107000000,
    "otherExpenses": 215000000,
    "operatingExpenses": 1716000000,
    "costAndExpenses": 2703000000,
    "interestIncome": 0,
    "interestExpense": 0,
    "depreciationAndAmortization": 290000000,
    "ebitda": 985000000,
    "ebitdaratio": 0.2898763979,
    "operatingIncome": 695000000,
    "operatingIncomeRatio": 0.2045320777,
    "totalOtherIncomeExpensesNet": 156000000,
    "incomeBeforeTax": 851000000,
    "incomeBeforeTaxRatio": 0.2504414361,
    "incomeTaxExpense": 159000000,
    "netIncome": 692000000,
    "netIncomeRatio": 0.2036492054,
    "eps": 0.54,
    "epsdiluted": 0.53,
    "weightedAverageShsOut": 1291000000,
    "weightedAverageShsOutDil": 1309000000,
    "link": "https://www.sec.gov/Archives/edgar/data/1065088/000106508812000085/0001065088-12-000085-index.htm",
    "finalLink": "https://www.sec.gov/Archives/edgar/data/1065088/000106508812000085/ebay2012q2_10q.htm"
  },
  {
    "date": "2012-03-31",
    "symbol": "EBAY",
    "reportedCurrency": "USD",
    "cik": "0001065088",
    "fillingDate": "2012-04-20",
    "acceptedDate": "2012-04-20 17:17:18",
    "calendarYear": "2012",
    "period": "Q1",
    "revenue": 3277000000,
    "costOfRevenue": 983000000,
    "grossProfit": 2294000000,
    "grossProfitRatio": 0.7000305157,
    "researchAndDevelopmentExpenses": 374000000,
    "generalAndAdministrativeExpenses": 372000000,
    "sellingAndMarketingExpenses": 677000000,
    "sellingGeneralAndAdministrativeExpenses": 1049000000,
    "otherExpenses": 218000000,
    "operatingExpenses": 1641000000,
    "costAndExpenses": 2624000000,
    "interestIncome": 0,
    "interestExpense": 0,
    "depreciationAndAmortization": 281000000,
    "ebitda": 934000000,
    "ebitdaratio": 0.2850167836,
    "operatingIncome": 653000000,
    "operatingIncomeRatio": 0.1992676228,
    "totalOtherIncomeExpensesNet": 31000000,
    "incomeBeforeTax": 684000000,
    "incomeBeforeTaxRatio": 0.2087274947,
    "incomeTaxExpense": 114000000,
    "netIncome": 570000000,
    "netIncomeRatio": 0.1739395789,
    "eps": 0.44,
    "epsdiluted": 0.44,
    "weightedAverageShsOut": 1288000000,
    "weightedAverageShsOutDil": 1308000000,
    "link": "https://www.sec.gov/Archives/edgar/data/1065088/000106508812000037/0001065088-12-000037-index.htm",
    "finalLink": "https://www.sec.gov/Archives/edgar/data/1065088/000106508812000037/ebay2012q1_10q.htm"
  },
  {
    "date": "2011-12-31",
    "symbol": "EBAY",
    "reportedCurrency": "USD",
    "cik": "0001065088",
    "fillingDate": "2012-01-31",
    "acceptedDate": "2012-01-30 20:50:48",
    "calendarYear": "2011",
    "period": "Q4",
    "revenue": 3380010000,
    "costOfRevenue": 1034432000,
    "grossProfit": 2345578000,
    "grossProfitRatio": 0.693955935,
    "researchAndDevelopmentExpenses": 344250000,
    "generalAndAdministrativeExpenses": 345987000,
    "sellingAndMarketingExpenses": 671822000,
    "sellingGeneralAndAdministrativeExpenses": 1017809000,
    "otherExpenses": 983519000,
    "operatingExpenses": 2345578000,
    "costAndExpenses": 3380010000,
    "interestIncome": 0,
    "interestExpense": 0,
    "depreciationAndAmortization": 272553000,
    "ebitda": 2587737000,
    "ebitdaratio": 0.7656003976,
    "operatingIncome": 753108000,
    "operatingIncomeRatio": 0.2228123585,
    "totalOtherIncomeExpensesNet": 1682093000,
    "incomeBeforeTax": 2435201000,
    "incomeBeforeTaxRatio": 0.7204715371,
    "incomeTaxExpense": 455589000,
    "netIncome": 1979612000,
    "netIncomeRatio": 0.5856822909,
    "eps": 1.54,
    "epsdiluted": 1.51,
    "weightedAverageShsOut": 1288525000,
    "weightedAverageShsOutDil": 1308467000,
    "link": "https://www.sec.gov/Archives/edgar/data/1065088/000106508812000006/0001065088-12-000006-index.htm",
    "finalLink": "https://www.sec.gov/Archives/edgar/data/1065088/000106508812000006/ebay2011q4_10k.htm"
  },
  {
    "date": "2011-09-30",
    "symbol": "EBAY",
    "reportedCurrency": "USD",
    "cik": "0001065088",
    "fillingDate": "2011-10-21",
    "acceptedDate": "2011-10-20 19:48:31",
    "calendarYear": "2011",
    "period": "Q3",
    "revenue": 2966000000,
    "costOfRevenue": 920000000,
    "grossProfit": 2046000000,
    "grossProfitRatio": 0.6898179366,
    "researchAndDevelopmentExpenses": 319000000,
    "generalAndAdministrativeExpenses": 336000000,
    "sellingAndMarketingExpenses": 623000000,
    "sellingGeneralAndAdministrativeExpenses": 959000000,
    "otherExpenses": 768000000,
    "operatingExpenses": 2046000000,
    "costAndExpenses": 2966000000,
    "interestIncome": 0,
    "interestExpense": 0,
    "depreciationAndAmortization": 266000000,
    "ebitda": 803000000,
    "ebitdaratio": 0.2707349966,
    "operatingIncome": 537000000,
    "operatingIncomeRatio": 0.1810519218,
    "totalOtherIncomeExpensesNet": 79000000,
    "incomeBeforeTax": 616000000,
    "incomeBeforeTaxRatio": 0.2076871207,
    "incomeTaxExpense": 125000000,
    "netIncome": 491000000,
    "netIncomeRatio": 0.1655428186,
    "eps": 0.38,
    "epsdiluted": 0.37,
    "weightedAverageShsOut": 1290000000,
    "weightedAverageShsOutDil": 1309000000,
    "link": "https://www.sec.gov/Archives/edgar/data/1065088/000106508811000027/0001065088-11-000027-index.htm",
    "finalLink": "https://www.sec.gov/Archives/edgar/data/1065088/000106508811000027/ebay2011q3_10q.htm"
  },
  {
    "date": "2011-06-30",
    "symbol": "EBAY",
    "reportedCurrency": "USD",
    "cik": "0001065088",
    "fillingDate": "2011-07-22",
    "acceptedDate": "2011-07-21 21:55:38",
    "calendarYear": "2011",
    "period": "Q2",
    "revenue": 2760000000,
    "costOfRevenue": 773000000,
    "grossProfit": 1987000000,
    "grossProfitRatio": 0.7199275362,
    "researchAndDevelopmentExpenses": 297000000,
    "generalAndAdministrativeExpenses": 392000000,
    "sellingAndMarketingExpenses": 608000000,
    "sellingGeneralAndAdministrativeExpenses": 1000000000,
    "otherExpenses": 690000000,
    "operatingExpenses": 1987000000,
    "costAndExpenses": 2760000000,
    "interestIncome": 0,
    "interestExpense": 0,
    "depreciationAndAmortization": 208000000,
    "ebitda": 727000000,
    "ebitdaratio": 0.2634057971,
    "operatingIncome": 519000000,
    "operatingIncomeRatio": 0.1880434783,
    "totalOtherIncomeExpensesNet": -228000000,
    "incomeBeforeTax": 291000000,
    "incomeBeforeTaxRatio": 0.1054347826,
    "incomeTaxExpense": 8000000,
    "netIncome": 283000000,
    "netIncomeRatio": 0.1025362319,
    "eps": 0.22,
    "epsdiluted": 0.22,
    "weightedAverageShsOut": 1297000000,
    "weightedAverageShsOutDil": 1315000000,
    "link": "https://www.sec.gov/Archives/edgar/data/1065088/000106508811000019/0001065088-11-000019-index.htm",
    "finalLink": "https://www.sec.gov/Archives/edgar/data/1065088/000106508811000019/ebay2011q2_10q.htm"
  },
  {
    "date": "2011-03-31",
    "symbol": "EBAY",
    "reportedCurrency": "USD",
    "cik": "0001065088",
    "fillingDate": "2011-04-29",
    "acceptedDate": "2011-04-28 21:56:10",
    "calendarYear": "2011",
    "period": "Q1",
    "revenue": 2546000000,
    "costOfRevenue": 729000000,
    "grossProfit": 1817000000,
    "grossProfitRatio": 0.7136684996,
    "researchAndDevelopmentExpenses": 275000000,
    "generalAndAdministrativeExpenses": 293000000,
    "sellingAndMarketingExpenses": 533000000,
    "sellingGeneralAndAdministrativeExpenses": 826000000,
    "otherExpenses": 716000000,
    "operatingExpenses": 1817000000,
    "costAndExpenses": 2546000000,
    "interestIncome": 0,
    "interestExpense": 0,
    "depreciationAndAmortization": 193000000,
    "ebitda": 758000000,
    "ebitdaratio": 0.2977219167,
    "operatingIncome": 565000000,
    "operatingIncomeRatio": 0.2219167321,
    "totalOtherIncomeExpensesNet": 3000000,
    "incomeBeforeTax": 568000000,
    "incomeBeforeTaxRatio": 0.2230950511,
    "incomeTaxExpense": 92000000,
    "netIncome": 476000000,
    "netIncomeRatio": 0.1869599372,
    "eps": 0.37,
    "epsdiluted": 0.36,
    "weightedAverageShsOut": 1297000000,
    "weightedAverageShsOutDil": 1320000000,
    "link": "https://www.sec.gov/Archives/edgar/data/1065088/000106508811000006/0001065088-11-000006-index.htm",
    "finalLink": "https://www.sec.gov/Archives/edgar/data/1065088/000106508811000006/ebay2011q110q.htm"
  },
  {
    "date": "2010-12-31",
    "symbol": "EBAY",
    "reportedCurrency": "USD",
    "cik": "0001065088",
    "fillingDate": "2011-01-28",
    "acceptedDate": "2011-01-28 17:31:10",
    "calendarYear": "2010",
    "period": "Q4",
    "revenue": 2495350000,
    "costOfRevenue": 702473000,
    "grossProfit": 1792877000,
    "grossProfitRatio": 0.7184871862,
    "researchAndDevelopmentExpenses": 246175000,
    "generalAndAdministrativeExpenses": 278878000,
    "sellingAndMarketingExpenses": 538765000,
    "sellingGeneralAndAdministrativeExpenses": 817643000,
    "otherExpenses": 729059000,
    "operatingExpenses": 1792877000,
    "costAndExpenses": 2495350000,
    "interestIncome": 0,
    "interestExpense": 0,
    "depreciationAndAmortization": 192288000,
    "ebitda": 783509000,
    "ebitdaratio": 0.313987617,
    "operatingIncome": 591221000,
    "operatingIncomeRatio": 0.2369290881,
    "totalOtherIncomeExpensesNet": -3816000,
    "incomeBeforeTax": 587405000,
    "incomeBeforeTaxRatio": 0.2353998437,
    "incomeTaxExpense": 28218000,
    "netIncome": 559187000,
    "netIncomeRatio": 0.2240916104,
    "eps": 0.43,
    "epsdiluted": 0.43,
    "weightedAverageShsOut": 1297278000,
    "weightedAverageShsOutDil": 1297278000,
    "link": "https://www.sec.gov/Archives/edgar/data/1065088/000106508811000003/0001065088-11-000003-index.htm",
    "finalLink": "https://www.sec.gov/Archives/edgar/data/1065088/000106508811000003/ebay10k20101231.htm"
  },
  {
    "date": "2010-09-30",
    "symbol": "EBAY",
    "reportedCurrency": "USD",
    "cik": "0001065088",
    "fillingDate": "2010-10-21",
    "acceptedDate": "2010-10-20 21:48:23",
    "calendarYear": "2010",
    "period": "Q3",
    "revenue": 2249488000,
    "costOfRevenue": 640268000,
    "grossProfit": 1609220000,
    "grossProfitRatio": 0.7153716757,
    "researchAndDevelopmentExpenses": 226803000,
    "generalAndAdministrativeExpenses": 261662000,
    "sellingAndMarketingExpenses": 483653000,
    "sellingGeneralAndAdministrativeExpenses": 745315000,
    "otherExpenses": 637102000,
    "operatingExpenses": 1609220000,
    "costAndExpenses": 2249488000,
    "interestIncome": 0,
    "interestExpense": 0,
    "depreciationAndAmortization": 194338000,
    "ebitda": 687519000,
    "ebitdaratio": 0.3056335486,
    "operatingIncome": 493181000,
    "operatingIncomeRatio": 0.2192414452,
    "totalOtherIncomeExpensesNet": 23820000,
    "incomeBeforeTax": 517001000,
    "incomeBeforeTaxRatio": 0.2298305214,
    "incomeTaxExpense": 85072000,
    "netIncome": 431929000,
    "netIncomeRatio": 0.1920121379,
    "eps": 0.33,
    "epsdiluted": 0.33,
    "weightedAverageShsOut": 1308888000,
    "weightedAverageShsOutDil": 1328415000,
    "link": "https://www.sec.gov/Archives/edgar/data/1065088/000144530510001112/0001445305-10-001112-index.htm",
    "finalLink": "https://www.sec.gov/Archives/edgar/data/1065088/000144530510001112/ebay09301010q.htm"
  },
  {
    "date": "2010-06-30",
    "symbol": "EBAY",
    "reportedCurrency": "USD",
    "cik": "0001065088",
    "fillingDate": "2010-07-23",
    "acceptedDate": "2010-07-22 20:24:23",
    "calendarYear": "2010",
    "period": "Q2",
    "revenue": 2215379000,
    "costOfRevenue": 615371000,
    "grossProfit": 1600008000,
    "grossProfitRatio": 0.722227664,
    "researchAndDevelopmentExpenses": 225317000,
    "generalAndAdministrativeExpenses": 262100000,
    "sellingAndMarketingExpenses": 478236000,
    "sellingGeneralAndAdministrativeExpenses": 740336000,
    "otherExpenses": 634355000,
    "operatingExpenses": 1600008000,
    "costAndExpenses": 2215379000,
    "interestIncome": 0,
    "interestExpense": 0,
    "depreciationAndAmortization": 187817000,
    "ebitda": 681245000,
    "ebitdaratio": 0.3075072031,
    "operatingIncome": 493428000,
    "operatingIncomeRatio": 0.2227284812,
    "totalOtherIncomeExpensesNet": 5958000,
    "incomeBeforeTax": 499386000,
    "incomeBeforeTaxRatio": 0.225417863,
    "incomeTaxExpense": 87194000,
    "netIncome": 412192000,
    "netIncomeRatio": 0.1860593605,
    "eps": 0.31,
    "epsdiluted": 0.31,
    "weightedAverageShsOut": 1310042000,
    "weightedAverageShsOutDil": 1329618000,
    "link": "https://www.sec.gov/Archives/edgar/data/1065088/000119312510164115/0001193125-10-164115-index.htm",
    "finalLink": "https://www.sec.gov/Archives/edgar/data/1065088/000119312510164115/d10q.htm"
  },
  {
    "date": "2010-03-31",
    "symbol": "EBAY",
    "reportedCurrency": "USD",
    "cik": "0001065088",
    "fillingDate": "2010-04-28",
    "acceptedDate": "2010-04-28 17:11:07",
    "calendarYear": "2010",
    "period": "Q1",
    "revenue": 2196057000,
    "costOfRevenue": 606555000,
    "grossProfit": 1589502000,
    "grossProfitRatio": 0.7237981528,
    "researchAndDevelopmentExpenses": 210139000,
    "generalAndAdministrativeExpenses": 276743000,
    "sellingAndMarketingExpenses": 446161000,
    "sellingGeneralAndAdministrativeExpenses": 722904000,
    "otherExpenses": 656459000,
    "operatingExpenses": 1589502000,
    "costAndExpenses": 2196057000,
    "interestIncome": 0,
    "interestExpense": 0,
    "depreciationAndAmortization": 188022000,
    "ebitda": 685200000,
    "ebitdaratio": 0.3120137592,
    "operatingIncome": 497178000,
    "operatingIncomeRatio": 0.226395763,
    "totalOtherIncomeExpensesNet": -2523000,
    "incomeBeforeTax": 494655000,
    "incomeBeforeTaxRatio": 0.2252468857,
    "incomeTaxExpense": 97002000,
    "netIncome": 397653000,
    "netIncomeRatio": 0.181075901,
    "eps": 0.31,
    "epsdiluted": 0.3,
    "weightedAverageShsOut": 1301248000,
    "weightedAverageShsOutDil": 1326021000,
    "link": "https://www.sec.gov/Archives/edgar/data/1065088/000119312510096869/0001193125-10-096869-index.htm",
    "finalLink": "https://www.sec.gov/Archives/edgar/data/1065088/000119312510096869/d10q.htm"
  },
  {
    "date": "2009-12-31",
    "symbol": "EBAY",
    "reportedCurrency": "USD",
    "cik": "0001065088",
    "fillingDate": "2010-02-17",
    "acceptedDate": "2010-02-17 17:20:56",
    "calendarYear": "2009",
    "period": "Q4",
    "revenue": 2370932000,
    "costOfRevenue": 670695000,
    "grossProfit": 1700237000,
    "grossProfitRatio": 0.7171175723,
    "researchAndDevelopmentExpenses": 197944000,
    "generalAndAdministrativeExpenses": 620423000,
    "sellingAndMarketingExpenses": 526400000,
    "sellingGeneralAndAdministrativeExpenses": 1146823000,
    "otherExpenses": 355470000,
    "operatingExpenses": 1700237000,
    "costAndExpenses": 2370932000,
    "interestIncome": 0,
    "interestExpense": 0,
    "depreciationAndAmortization": 200784000,
    "ebitda": 381406000,
    "ebitdaratio": 0.1608675407,
    "operatingIncome": 180622000,
    "operatingIncomeRatio": 0.0761818559,
    "totalOtherIncomeExpensesNet": 1412178000,
    "incomeBeforeTax": 1592800000,
    "incomeBeforeTaxRatio": 0.6718033246,
    "incomeTaxExpense": 237894000,
    "netIncome": 1354906000,
    "netIncomeRatio": 0.5714655671,
    "eps": 1.04,
    "epsdiluted": 1.04,
    "weightedAverageShsOut": 1294942000,
    "weightedAverageShsOutDil": 1301248000,
    "link": "https://www.sec.gov/Archives/edgar/data/1065088/000119312510033324/0001193125-10-033324-index.htm",
    "finalLink": "https://www.sec.gov/Archives/edgar/data/1065088/000119312510033324/d10k.htm"
  },
  {
    "date": "2009-09-30",
    "symbol": "EBAY",
    "reportedCurrency": "USD",
    "cik": "0001065088",
    "fillingDate": "2009-10-27",
    "acceptedDate": "2009-10-27 17:00:24",
    "calendarYear": "2009",
    "period": "Q3",
    "revenue": 2237852000,
    "costOfRevenue": 643908000,
    "grossProfit": 1593944000,
    "grossProfitRatio": 0.7122651543,
    "researchAndDevelopmentExpenses": 205207000,
    "generalAndAdministrativeExpenses": 272177000,
    "sellingAndMarketingExpenses": 491461000,
    "sellingGeneralAndAdministrativeExpenses": 763638000,
    "otherExpenses": 625099000,
    "operatingExpenses": 1593944000,
    "costAndExpenses": 2237852000,
    "interestIncome": 0,
    "interestExpense": 0,
    "depreciationAndAmortization": 215068000,
    "ebitda": 670682000,
    "ebitdaratio": 0.2996989971,
    "operatingIncome": 455614000,
    "operatingIncomeRatio": 0.2035943396,
    "totalOtherIncomeExpensesNet": -17279000,
    "incomeBeforeTax": 438335000,
    "incomeBeforeTaxRatio": 0.1958730962,
    "incomeTaxExpense": 88599000,
    "netIncome": 349736000,
    "netIncomeRatio": 0.1562820061,
    "eps": 0.27,
    "epsdiluted": 0.27,
    "weightedAverageShsOut": 1293511000,
    "weightedAverageShsOutDil": 1311274000,
    "link": "https://www.sec.gov/Archives/edgar/data/1065088/000119312509214947/0001193125-09-214947-index.htm",
    "finalLink": "https://www.sec.gov/Archives/edgar/data/1065088/000119312509214947/d10q.htm"
  },
  {
    "date": "2009-06-30",
    "symbol": "EBAY",
    "reportedCurrency": "USD",
    "cik": "0001065088",
    "fillingDate": "2009-07-29",
    "acceptedDate": "2009-07-28 20:38:07",
    "calendarYear": "2009",
    "period": "Q2",
    "revenue": 2097992000,
    "costOfRevenue": 591773000,
    "grossProfit": 1506219000,
    "grossProfitRatio": 0.7179336242,
    "researchAndDevelopmentExpenses": 198403000,
    "generalAndAdministrativeExpenses": 257498000,
    "sellingAndMarketingExpenses": 464500000,
    "sellingGeneralAndAdministrativeExpenses": 721998000,
    "otherExpenses": 585818000,
    "operatingExpenses": 1506219000,
    "costAndExpenses": 2097992000,
    "interestIncome": 0,
    "interestExpense": 0,
    "depreciationAndAmortization": 197805000,
    "ebitda": 627147000,
    "ebitdaratio": 0.29892726,
    "operatingIncome": 429342000,
    "operatingIncomeRatio": 0.2046442503,
    "totalOtherIncomeExpensesNet": -22182000,
    "incomeBeforeTax": 407160000,
    "incomeBeforeTaxRatio": 0.1940712834,
    "incomeTaxExpense": 79818000,
    "netIncome": 327342000,
    "netIncomeRatio": 0.1560263338,
    "eps": 0.25,
    "epsdiluted": 0.25,
    "weightedAverageShsOut": 1288815000,
    "weightedAverageShsOutDil": 1300434000,
    "link": "https://www.sec.gov/Archives/edgar/data/1065088/000119312509157212/0001193125-09-157212-index.htm",
    "finalLink": "https://www.sec.gov/Archives/edgar/data/1065088/000119312509157212/d10q.htm"
  },
  {
    "date": "2009-03-31",
    "symbol": "EBAY",
    "reportedCurrency": "USD",
    "cik": "0001065088",
    "fillingDate": "2009-04-28",
    "acceptedDate": "2009-04-28 17:14:41",
    "calendarYear": "2009",
    "period": "Q1",
    "revenue": 2020586000,
    "costOfRevenue": 573386000,
    "grossProfit": 1447200000,
    "grossProfitRatio": 0.7162278666,
    "researchAndDevelopmentExpenses": 201516000,
    "generalAndAdministrativeExpenses": 268291000,
    "sellingAndMarketingExpenses": 403316000,
    "sellingGeneralAndAdministrativeExpenses": 671607000,
    "otherExpenses": 574077000,
    "operatingExpenses": 1447200000,
    "costAndExpenses": 2020586000,
    "interestIncome": 0,
    "interestExpense": 0,
    "depreciationAndAmortization": 197289000,
    "ebitda": 626664000,
    "ebitdaratio": 0.3101397317,
    "operatingIncome": 429375000,
    "operatingIncomeRatio": 0.2125002351,
    "totalOtherIncomeExpensesNet": 11481000,
    "incomeBeforeTax": 440856000,
    "incomeBeforeTaxRatio": 0.2181822501,
    "incomeTaxExpense": 83743000,
    "netIncome": 357113000,
    "netIncomeRatio": 0.1767373425,
    "eps": 0.28,
    "epsdiluted": 0.28,
    "weightedAverageShsOut": 1283810000,
    "weightedAverageShsOutDil": 1287814000,
    "link": "https://www.sec.gov/Archives/edgar/data/1065088/000119312509090300/0001193125-09-090300-index.htm",
    "finalLink": "https://www.sec.gov/Archives/edgar/data/1065088/000119312509090300/d10q.htm"
  },
  {
    "date": "2008-12-31",
    "symbol": "EBAY",
    "reportedCurrency": "USD",
    "cik": "0001065088",
    "fillingDate": "2009-02-20",
    "acceptedDate": "2009-02-19 18:24:04",
    "calendarYear": "2008",
    "period": "Q4",
    "revenue": 2035846000,
    "costOfRevenue": 579591000,
    "grossProfit": 1456255000,
    "grossProfitRatio": 0.7153070517,
    "researchAndDevelopmentExpenses": 171207000,
    "generalAndAdministrativeExpenses": 0,
    "sellingAndMarketingExpenses": 0,
    "sellingGeneralAndAdministrativeExpenses": 362569000,
    "otherExpenses": 922479000,
    "operatingExpenses": 1456255000,
    "costAndExpenses": 2035846000,
    "interestIncome": 0,
    "interestExpense": 0,
    "depreciationAndAmortization": 201897000,
    "ebitda": 771279000,
    "ebitdaratio": 0.3788493825,
    "operatingIncome": 502582000,
    "operatingIncomeRatio": 0.2468664133,
    "totalOtherIncomeExpensesNet": -29314000,
    "incomeBeforeTax": 473268000,
    "incomeBeforeTaxRatio": 0.2324674853,
    "incomeTaxExpense": 106076000,
    "netIncome": 367192000,
    "netIncomeRatio": 0.1803633477,
    "eps": 0.29,
    "epsdiluted": 0.29,
    "weightedAverageShsOut": 1279313000,
    "weightedAverageShsOutDil": 1283810000,
    "link": "https://www.sec.gov/Archives/edgar/data/1065088/000095013409003306/0000950134-09-003306-index.htm",
    "finalLink": "https://www.sec.gov/Archives/edgar/data/1065088/000095013409003306/f50770e10vk.htm"
  },
  {
    "date": "2008-09-30",
    "symbol": "EBAY",
    "reportedCurrency": "USD",
    "cik": "0001065088",
    "fillingDate": "2008-10-23",
    "acceptedDate": "2008-10-23 17:23:36",
    "calendarYear": "2008",
    "period": "Q3",
    "revenue": 2117531000,
    "costOfRevenue": 560963000,
    "grossProfit": 1556568000,
    "grossProfitRatio": 0.7350862868,
    "researchAndDevelopmentExpenses": 190842000,
    "generalAndAdministrativeExpenses": 248909000,
    "sellingAndMarketingExpenses": 451753000,
    "sellingGeneralAndAdministrativeExpenses": 700662000,
    "otherExpenses": 665064000,
    "operatingExpenses": 1556568000,
    "costAndExpenses": 2117531000,
    "interestIncome": 0,
    "interestExpense": 0,
    "depreciationAndAmortization": 178578000,
    "ebitda": 702653000,
    "ebitdaratio": 0.331826547,
    "operatingIncome": 524075000,
    "operatingIncomeRatio": 0.2474934251,
    "totalOtherIncomeExpensesNet": 38567000,
    "incomeBeforeTax": 562642000,
    "incomeBeforeTaxRatio": 0.2657066178,
    "incomeTaxExpense": 70423000,
    "netIncome": 492219000,
    "netIncomeRatio": 0.2324494895,
    "eps": 0.38,
    "epsdiluted": 0.38,
    "weightedAverageShsOut": 1288937000,
    "weightedAverageShsOutDil": 1297484000,
    "link": "https://www.sec.gov/Archives/edgar/data/1065088/000089161808000464/0000891618-08-000464-index.htm",
    "finalLink": "https://www.sec.gov/Archives/edgar/data/1065088/000089161808000464/f50180e10vq.htm"
  },
  {
    "date": "2008-06-30",
    "symbol": "EBAY",
    "reportedCurrency": "USD",
    "cik": "0001065088",
    "fillingDate": "2008-07-24",
    "acceptedDate": "2008-07-24 16:15:54",
    "calendarYear": "2008",
    "period": "Q2",
    "revenue": 2195661000,
    "costOfRevenue": 562103000,
    "grossProfit": 1633558000,
    "grossProfitRatio": 0.7439937222,
    "researchAndDevelopmentExpenses": 186791000,
    "generalAndAdministrativeExpenses": 0,
    "sellingAndMarketingExpenses": 0,
    "sellingGeneralAndAdministrativeExpenses": 846482000,
    "otherExpenses": 600285000,
    "operatingExpenses": 1633558000,
    "costAndExpenses": 2195661000,
    "interestIncome": 0,
    "interestExpense": 0,
    "depreciationAndAmortization": 173359000,
    "ebitda": 718726000,
    "ebitdaratio": 0.3273392386,
    "operatingIncome": 545367000,
    "operatingIncomeRatio": 0.2483839718,
    "totalOtherIncomeExpensesNet": 22766000,
    "incomeBeforeTax": 568133000,
    "incomeBeforeTaxRatio": 0.2587526034,
    "incomeTaxExpense": 107788000,
    "netIncome": 460345000,
    "netIncomeRatio": 0.2096612364,
    "eps": 0.35,
    "epsdiluted": 0.35,
    "weightedAverageShsOut": 1312007000,
    "weightedAverageShsOutDil": 1325136000,
    "link": "https://www.sec.gov/Archives/edgar/data/1065088/000095013408013257/0000950134-08-013257-index.htm",
    "finalLink": "https://www.sec.gov/Archives/edgar/data/1065088/000095013408013257/f42336e10vq.htm"
  },
  {
    "date": "2008-03-31",
    "symbol": "EBAY",
    "reportedCurrency": "USD",
    "cik": "0001065088",
    "fillingDate": "2008-04-24",
    "acceptedDate": "2008-04-23 19:42:25",
    "calendarYear": "2008",
    "period": "Q1",
    "revenue": 2192223000,
    "costOfRevenue": 525412000,
    "grossProfit": 1666811000,
    "grossProfitRatio": 0.7603291271,
    "researchAndDevelopmentExpenses": 176760000,
    "generalAndAdministrativeExpenses": 281721000,
    "sellingAndMarketingExpenses": 514554000,
    "sellingGeneralAndAdministrativeExpenses": 796275000,
    "otherExpenses": 693776000,
    "operatingExpenses": 1666811000,
    "costAndExpenses": 2192223000,
    "interestIncome": 0,
    "interestExpense": 0,
    "depreciationAndAmortization": 165980000,
    "ebitda": 718757000,
    "ebitdaratio": 0.3278667362,
    "operatingIncome": 552777000,
    "operatingIncomeRatio": 0.2521536358,
    "totalOtherIncomeExpensesNet": 26744000,
    "incomeBeforeTax": 579521000,
    "incomeBeforeTaxRatio": 0.2643531247,
    "incomeTaxExpense": 119803000,
    "netIncome": 459718000,
    "netIncomeRatio": 0.209704031,
    "eps": 0.34,
    "epsdiluted": 0.34,
    "weightedAverageShsOut": 1333791000,
    "weightedAverageShsOutDil": 1343989000,
    "link": "https://www.sec.gov/Archives/edgar/data/1065088/000095013408007202/0000950134-08-007202-index.htm",
    "finalLink": "https://www.sec.gov/Archives/edgar/data/1065088/000095013408007202/f40060e10vq.htm"
  },
  {
    "date": "2007-12-31",
    "symbol": "EBAY",
    "reportedCurrency": "USD",
    "cik": "0001065088",
    "fillingDate": "2008-02-29",
    "acceptedDate": "2008-02-28 20:39:58",
    "calendarYear": "2007",
    "period": "Q4",
    "revenue": 2180606000,
    "costOfRevenue": 505973000,
    "grossProfit": 1674633000,
    "grossProfitRatio": 0.7679667946,
    "researchAndDevelopmentExpenses": 169316000,
    "generalAndAdministrativeExpenses": 0,
    "sellingAndMarketingExpenses": 0,
    "sellingGeneralAndAdministrativeExpenses": 825864000,
    "otherExpenses": 679453000,
    "operatingExpenses": 1674633000,
    "costAndExpenses": 2180606000,
    "interestIncome": 0,
    "interestExpense": 0,
    "depreciationAndAmortization": 159816000,
    "ebitda": 785956000,
    "ebitdaratio": 0.3604300823,
    "operatingIncome": 626140000,
    "operatingIncomeRatio": 0.2871403637,
    "totalOtherIncomeExpensesNet": 45325000,
    "incomeBeforeTax": 671465000,
    "incomeBeforeTaxRatio": 0.3079258701,
    "incomeTaxExpense": 140579000,
    "netIncome": 530886000,
    "netIncomeRatio": 0.2434580112,
    "eps": 0.4,
    "epsdiluted": 0.4,
    "weightedAverageShsOut": 1333791000,
    "weightedAverageShsOutDil": 1333791000,
    "link": "https://www.sec.gov/Archives/edgar/data/1065088/000095013408003741/0000950134-08-003741-index.htm",
    "finalLink": "https://www.sec.gov/Archives/edgar/data/1065088/000095013408003741/f36571e10vk.htm"
  },
  {
    "date": "2007-09-30",
    "symbol": "EBAY",
    "reportedCurrency": "USD",
    "cik": "0001065088",
    "fillingDate": "2007-10-29",
    "acceptedDate": "2007-10-26 19:37:47",
    "calendarYear": "2007",
    "period": "Q3",
    "revenue": 1889220000,
    "costOfRevenue": 446521000,
    "grossProfit": 1442699000,
    "grossProfitRatio": 0.7636479605,
    "researchAndDevelopmentExpenses": 164879000,
    "generalAndAdministrativeExpenses": 0,
    "sellingAndMarketingExpenses": 0,
    "sellingGeneralAndAdministrativeExpenses": 772687000,
    "otherExpenses": 505133000,
    "operatingExpenses": 1442699000,
    "costAndExpenses": 1889220000,
    "interestIncome": 0,
    "interestExpense": 0,
    "depreciationAndAmortization": 151720000,
    "ebitda": -785973000,
    "ebitdaratio": -0.4160304253,
    "operatingIncome": -937693000,
    "operatingIncomeRatio": -0.4963387006,
    "totalOtherIncomeExpensesNet": 35635000,
    "incomeBeforeTax": -902058000,
    "incomeBeforeTaxRatio": -0.4774764188,
    "incomeTaxExpense": 33577000,
    "netIncome": -935635000,
    "netIncomeRatio": -0.4952493622,
    "eps": -0.69,
    "epsdiluted": -0.69,
    "weightedAverageShsOut": 1354786000,
    "weightedAverageShsOutDil": 1354786000,
    "link": "https://www.sec.gov/Archives/edgar/data/1065088/000095013407022080/0000950134-07-022080-index.htm",
    "finalLink": "https://www.sec.gov/Archives/edgar/data/1065088/000095013407022080/f34877e10vq.htm"
  },
  {
    "date": "2007-06-30",
    "symbol": "EBAY",
    "reportedCurrency": "USD",
    "cik": "0001065088",
    "fillingDate": "2007-07-27",
    "acceptedDate": "2007-07-26 21:35:06",
    "calendarYear": "2007",
    "period": "Q2",
    "revenue": 1834429000,
    "costOfRevenue": 416789000,
    "grossProfit": 1417640000,
    "grossProfitRatio": 0.7727963306,
    "researchAndDevelopmentExpenses": 147934000,
    "generalAndAdministrativeExpenses": 0,
    "sellingAndMarketingExpenses": 0,
    "sellingGeneralAndAdministrativeExpenses": 761246000,
    "otherExpenses": 508460000,
    "operatingExpenses": 1417640000,
    "costAndExpenses": 1834429000,
    "interestIncome": 0,
    "interestExpense": 0,
    "depreciationAndAmortization": 146722000,
    "ebitda": 603628000,
    "ebitdaratio": 0.3290549811,
    "operatingIncome": 456906000,
    "operatingIncomeRatio": 0.2490725997,
    "totalOtherIncomeExpensesNet": 31233000,
    "incomeBeforeTax": 488139000,
    "incomeBeforeTaxRatio": 0.2660986062,
    "incomeTaxExpense": 112315000,
    "netIncome": 375824000,
    "netIncomeRatio": 0.2048724699,
    "eps": 0.28,
    "epsdiluted": 0.27,
    "weightedAverageShsOut": 1361046000,
    "weightedAverageShsOutDil": 1378697000,
    "link": "https://www.sec.gov/Archives/edgar/data/1065088/000095013407015993/0000950134-07-015993-index.htm",
    "finalLink": "https://www.sec.gov/Archives/edgar/data/1065088/000095013407015993/f32134e10vq.htm"
  },
  {
    "date": "2007-03-31",
    "symbol": "EBAY",
    "reportedCurrency": "USD",
    "cik": "0001065088",
    "fillingDate": "2007-04-25",
    "acceptedDate": "2007-04-24 21:25:09",
    "calendarYear": "2007",
    "period": "Q1",
    "revenue": 1768074000,
    "costOfRevenue": 393689000,
    "grossProfit": 1374385000,
    "grossProfitRatio": 0.777334546,
    "researchAndDevelopmentExpenses": 137598000,
    "generalAndAdministrativeExpenses": 0,
    "sellingAndMarketingExpenses": 0,
    "sellingGeneralAndAdministrativeExpenses": 721611000,
    "otherExpenses": 515176000,
    "operatingExpenses": 1374385000,
    "costAndExpenses": 1768074000,
    "interestIncome": 0,
    "interestExpense": 0,
    "depreciationAndAmortization": 143449000,
    "ebitda": 611276000,
    "ebitdaratio": 0.3457298733,
    "operatingIncome": 467827000,
    "operatingIncomeRatio": 0.2645969569,
    "totalOtherIncomeExpensesNet": 25478000,
    "incomeBeforeTax": 493305000,
    "incomeBeforeTaxRatio": 0.2790069873,
    "incomeTaxExpense": 116129000,
    "netIncome": 377176000,
    "netIncomeRatio": 0.2133259128,
    "eps": 0.28,
    "epsdiluted": 0.27,
    "weightedAverageShsOut": 1366915000,
    "weightedAverageShsOutDil": 1384287000,
    "link": "https://www.sec.gov/Archives/edgar/data/1065088/000095013407008928/0000950134-07-008928-index.htm",
    "finalLink": "https://www.sec.gov/Archives/edgar/data/1065088/000095013407008928/f29096e10vq.htm"
  },
  {
    "date": "2006-12-31",
    "symbol": "EBAY",
    "reportedCurrency": "USD",
    "cik": "0001065088",
    "fillingDate": "2007-02-28",
    "acceptedDate": "2007-02-28 06:02:45",
    "calendarYear": "2006",
    "period": "Q4",
    "revenue": 1719901000,
    "costOfRevenue": 370028000,
    "grossProfit": 1349873000,
    "grossProfitRatio": 0.7848550585,
    "researchAndDevelopmentExpenses": 131246000,
    "generalAndAdministrativeExpenses": 0,
    "sellingAndMarketingExpenses": 0,
    "sellingGeneralAndAdministrativeExpenses": 737053000,
    "otherExpenses": 481574000,
    "operatingExpenses": 1349873000,
    "costAndExpenses": 1719901000,
    "interestIncome": 0,
    "interestExpense": 0,
    "depreciationAndAmortization": -99129000,
    "ebitda": 481572000,
    "ebitdaratio": 0.2799998372,
    "operatingIncome": 449885000,
    "operatingIncomeRatio": 0.2615761023,
    "totalOtherIncomeExpensesNet": 33713000,
    "incomeBeforeTax": 483598000,
    "incomeBeforeTaxRatio": 0.281177812,
    "incomeTaxExpense": 137130000,
    "netIncome": 346467000,
    "netIncomeRatio": 0.2014458972,
    "eps": 0.25,
    "epsdiluted": 0.25,
    "weightedAverageShsOut": 1366915000,
    "weightedAverageShsOutDil": 1366915000,
    "link": "https://www.sec.gov/Archives/edgar/data/1065088/000095013407004291/0000950134-07-004291-index.htm",
    "finalLink": "https://www.sec.gov/Archives/edgar/data/1065088/000095013407004291/f27529e10vk.htm"
  },
  {
    "date": "2006-09-30",
    "symbol": "EBAY",
    "reportedCurrency": "USD",
    "cik": "0001065088",
    "fillingDate": "2006-10-30",
    "acceptedDate": "2006-10-27 21:28:17",
    "calendarYear": "2006",
    "period": "Q3",
    "revenue": 1448637000,
    "costOfRevenue": 319995000,
    "grossProfit": 1128642000,
    "grossProfitRatio": 0.7791061529,
    "researchAndDevelopmentExpenses": 120405000,
    "generalAndAdministrativeExpenses": 0,
    "sellingAndMarketingExpenses": 0,
    "sellingGeneralAndAdministrativeExpenses": 622008000,
    "otherExpenses": 386229000,
    "operatingExpenses": 1128642000,
    "costAndExpenses": 1448637000,
    "interestIncome": 0,
    "interestExpense": 0,
    "depreciationAndAmortization": 135224000,
    "ebitda": 474257000,
    "ebitdaratio": 0.3273815317,
    "operatingIncome": 339033000,
    "operatingIncomeRatio": 0.2340358558,
    "totalOtherIncomeExpensesNet": 40677000,
    "incomeBeforeTax": 379710000,
    "incomeBeforeTaxRatio": 0.2621153539,
    "incomeTaxExpense": 98814000,
    "netIncome": 280896000,
    "netIncomeRatio": 0.1939036487,
    "eps": 0.2,
    "epsdiluted": 0.2,
    "weightedAverageShsOut": 1406382000,
    "weightedAverageShsOutDil": 1426112000,
    "link": "https://www.sec.gov/Archives/edgar/data/1065088/000095013406019858/0000950134-06-019858-index.htm",
    "finalLink": "https://www.sec.gov/Archives/edgar/data/1065088/000095013406019858/f24230e10vq.htm"
  },
  {
    "date": "2006-06-30",
    "symbol": "EBAY",
    "reportedCurrency": "USD",
    "cik": "0001065088",
    "fillingDate": "2006-07-28",
    "acceptedDate": "2006-07-27 20:55:11",
    "calendarYear": "2006",
    "period": "Q2",
    "revenue": 1410784000,
    "costOfRevenue": 292479000,
    "grossProfit": 1118305000,
    "grossProfitRatio": 0.792683359,
    "researchAndDevelopmentExpenses": 123972000,
    "generalAndAdministrativeExpenses": 0,
    "sellingAndMarketingExpenses": 0,
    "sellingGeneralAndAdministrativeExpenses": 620923000,
    "otherExpenses": 373410000,
    "operatingExpenses": 1118305000,
    "costAndExpenses": 1410784000,
    "interestIncome": 0,
    "interestExpense": 0,
    "depreciationAndAmortization": 142426000,
    "ebitda": 453840000,
    "ebitdaratio": 0.3216934697,
    "operatingIncome": 311414000,
    "operatingIncomeRatio": 0.2207382562,
    "totalOtherIncomeExpensesNet": 24701000,
    "incomeBeforeTax": 336115000,
    "incomeBeforeTaxRatio": 0.2382469606,
    "incomeTaxExpense": 86120000,
    "netIncome": 249994000,
    "netIncomeRatio": 0.1772021798,
    "eps": 0.18,
    "epsdiluted": 0.17,
    "weightedAverageShsOut": 1411925000,
    "weightedAverageShsOutDil": 1435757000,
    "link": "https://www.sec.gov/Archives/edgar/data/1065088/000095013406014091/0000950134-06-014091-index.htm",
    "finalLink": "https://www.sec.gov/Archives/edgar/data/1065088/000095013406014091/f22371e10vq.htm"
  },
  {
    "date": "2006-03-31",
    "symbol": "EBAY",
    "reportedCurrency": "USD",
    "cik": "0001065088",
    "fillingDate": "2006-04-26",
    "acceptedDate": "2006-04-26 06:12:33",
    "calendarYear": "2006",
    "period": "Q1",
    "revenue": 1390419000,
    "costOfRevenue": 283597000,
    "grossProfit": 1106822000,
    "grossProfitRatio": 0.7960348643,
    "researchAndDevelopmentExpenses": 119070000,
    "generalAndAdministrativeExpenses": 0,
    "sellingAndMarketingExpenses": 0,
    "sellingGeneralAndAdministrativeExpenses": 618236000,
    "otherExpenses": 369516000,
    "operatingExpenses": 1106822000,
    "costAndExpenses": 1390419000,
    "interestIncome": 0,
    "interestExpense": 0,
    "depreciationAndAmortization": 123286000,
    "ebitda": 445910000,
    "ebitdaratio": 0.3207018891,
    "operatingIncome": 322624000,
    "operatingIncomeRatio": 0.2320336532,
    "totalOtherIncomeExpensesNet": 25013000,
    "incomeBeforeTax": 347637000,
    "incomeBeforeTaxRatio": 0.2500231944,
    "incomeTaxExpense": 99354000,
    "netIncome": 248282000,
    "netIncomeRatio": 0.1785663171,
    "eps": 0.18,
    "epsdiluted": 0.17,
    "weightedAverageShsOut": 1406309000,
    "weightedAverageShsOutDil": 1437581000,
    "link": "https://www.sec.gov/Archives/edgar/data/1065088/000095013406007934/0000950134-06-007934-index.htm",
    "finalLink": "https://www.sec.gov/Archives/edgar/data/1065088/000095013406007934/f19639a1e10vqza.htm"
  },
  {
    "date": "2005-12-31",
    "symbol": "EBAY",
    "reportedCurrency": "USD",
    "cik": "0001065088",
    "fillingDate": "2006-02-24",
    "acceptedDate": "2006-02-23 20:30:17",
    "calendarYear": "2005",
    "period": "Q4",
    "revenue": 1328859000,
    "costOfRevenue": 239520000,
    "grossProfit": 1089339000,
    "grossProfitRatio": 0.8197551433,
    "researchAndDevelopmentExpenses": 103882000,
    "generalAndAdministrativeExpenses": 0,
    "sellingAndMarketingExpenses": 0,
    "sellingGeneralAndAdministrativeExpenses": 560189000,
    "otherExpenses": 425268000,
    "operatingExpenses": 1089339000,
    "costAndExpenses": 1328859000,
    "interestIncome": 0,
    "interestExpense": 0,
    "depreciationAndAmortization": 144099000,
    "ebitda": 514510000,
    "ebitdaratio": 0.3871817853,
    "operatingIncome": 370411000,
    "operatingIncomeRatio": 0.278743644,
    "totalOtherIncomeExpensesNet": 24641000,
    "incomeBeforeTax": 395052000,
    "incomeBeforeTaxRatio": 0.2972866196,
    "incomeTaxExpense": 115830000,
    "netIncome": 279221000,
    "netIncomeRatio": 0.2101208631,
    "eps": 0.2,
    "epsdiluted": 0.2,
    "weightedAverageShsOut": 1394324000,
    "weightedAverageShsOutDil": 1406309000,
    "link": "https://www.sec.gov/Archives/edgar/data/1065088/000095013406003678/0000950134-06-003678-index.htm",
    "finalLink": "https://www.sec.gov/Archives/edgar/data/1065088/000095013406003678/f17187e10vk.htm"
  },
  {
    "date": "2005-09-30",
    "symbol": "EBAY",
    "reportedCurrency": "USD",
    "cik": "0001065088",
    "fillingDate": "2005-10-25",
    "acceptedDate": "2005-10-25 17:30:15",
    "calendarYear": "2005",
    "period": "Q3",
    "revenue": 1105515000,
    "costOfRevenue": 200375000,
    "grossProfit": 905140000,
    "grossProfitRatio": 0.8187496325,
    "researchAndDevelopmentExpenses": 78881000,
    "generalAndAdministrativeExpenses": 0,
    "sellingAndMarketingExpenses": 0,
    "sellingGeneralAndAdministrativeExpenses": 440324000,
    "otherExpenses": 385935000,
    "operatingExpenses": 905140000,
    "costAndExpenses": 1105515000,
    "interestIncome": 0,
    "interestExpense": 0,
    "depreciationAndAmortization": 97227000,
    "ebitda": 453963000,
    "ebitdaratio": 0.4106348625,
    "operatingIncome": 356736000,
    "operatingIncomeRatio": 0.3226876162,
    "totalOtherIncomeExpensesNet": 30226000,
    "incomeBeforeTax": 386962000,
    "incomeBeforeTaxRatio": 0.3500287196,
    "incomeTaxExpense": 131989000,
    "netIncome": 254971000,
    "netIncomeRatio": 0.2306354957,
    "eps": 0.19,
    "epsdiluted": 0.18,
    "weightedAverageShsOut": 1357239000,
    "weightedAverageShsOutDil": 1387038000,
    "link": "https://www.sec.gov/Archives/edgar/data/1065088/000089161805000803/0000891618-05-000803-index.htm",
    "finalLink": "https://www.sec.gov/Archives/edgar/data/1065088/000089161805000803/f13552e10vq.htm"
  },
  {
    "date": "2005-06-30",
    "symbol": "EBAY",
    "reportedCurrency": "USD",
    "cik": "0001065088",
    "fillingDate": "2005-07-27",
    "acceptedDate": "2005-07-27 06:02:01",
    "calendarYear": "2005",
    "period": "Q2",
    "revenue": 1086303000,
    "costOfRevenue": 191840000,
    "grossProfit": 894463000,
    "grossProfitRatio": 0.8234010216,
    "researchAndDevelopmentExpenses": 71639000,
    "generalAndAdministrativeExpenses": 0,
    "sellingAndMarketingExpenses": 0,
    "sellingGeneralAndAdministrativeExpenses": 418044000,
    "otherExpenses": 404780000,
    "operatingExpenses": 894463000,
    "costAndExpenses": 1086303000,
    "interestIncome": 0,
    "interestExpense": 0,
    "depreciationAndAmortization": 88951000,
    "ebitda": 467937000,
    "ebitdaratio": 0.4307610308,
    "operatingIncome": 378986000,
    "operatingIncomeRatio": 0.3488768787,
    "totalOtherIncomeExpensesNet": 32120000,
    "incomeBeforeTax": 411106000,
    "incomeBeforeTaxRatio": 0.3784450563,
    "incomeTaxExpense": 119518000,
    "netIncome": 291560000,
    "netIncomeRatio": 0.2683965708,
    "eps": 0.22,
    "epsdiluted": 0.21,
    "weightedAverageShsOut": 1351375000,
    "weightedAverageShsOutDil": 1379088000,
    "link": "https://www.sec.gov/Archives/edgar/data/1065088/000095013405014066/0000950134-05-014066-index.htm",
    "finalLink": "https://www.sec.gov/Archives/edgar/data/1065088/000095013405014066/f10727e10vq.htm"
  },
  {
    "date": "2005-03-31",
    "symbol": "EBAY",
    "reportedCurrency": "USD",
    "cik": "0001065088",
    "fillingDate": "2005-04-27",
    "acceptedDate": "2005-04-27 06:02:15",
    "calendarYear": "2005",
    "period": "Q1",
    "revenue": 1031724000,
    "costOfRevenue": 186369000,
    "grossProfit": 845355000,
    "grossProfitRatio": 0.8193615734,
    "researchAndDevelopmentExpenses": 73789000,
    "generalAndAdministrativeExpenses": 0,
    "sellingAndMarketingExpenses": 0,
    "sellingGeneralAndAdministrativeExpenses": 407738000,
    "otherExpenses": 363828000,
    "operatingExpenses": 845355000,
    "costAndExpenses": 1031724000,
    "interestIncome": 0,
    "interestExpense": 0,
    "depreciationAndAmortization": 79660000,
    "ebitda": 415234000,
    "ebitdaratio": 0.4024661634,
    "operatingIncome": 335574000,
    "operatingIncomeRatio": 0.3252555916,
    "totalOtherIncomeExpensesNet": 20683000,
    "incomeBeforeTax": 356257000,
    "incomeBeforeTaxRatio": 0.3453026197,
    "incomeTaxExpense": 99948000,
    "netIncome": 256291000,
    "netIncomeRatio": 0.2484104276,
    "eps": 0.19,
    "epsdiluted": 0.19,
    "weightedAverageShsOut": 1343442000,
    "weightedAverageShsOutDil": 1382150000,
    "link": "https://www.sec.gov/Archives/edgar/data/1065088/000095013405008154/0000950134-05-008154-index.htm",
    "finalLink": "https://www.sec.gov/Archives/edgar/data/1065088/000095013405008154/f07687e10vq.htm"
  },
  {
    "date": "2004-12-31",
    "symbol": "EBAY",
    "reportedCurrency": "USD",
    "cik": "0001065088",
    "fillingDate": "2005-02-28",
    "acceptedDate": "2005-02-28 06:02:53",
    "calendarYear": "2004",
    "period": "Q4",
    "revenue": 935782000,
    "costOfRevenue": 176405000,
    "grossProfit": 759377000,
    "grossProfitRatio": 0.8114892144,
    "researchAndDevelopmentExpenses": 64568000,
    "generalAndAdministrativeExpenses": 0,
    "sellingAndMarketingExpenses": 0,
    "sellingGeneralAndAdministrativeExpenses": 385157000,
    "otherExpenses": 309652000,
    "operatingExpenses": 759377000,
    "costAndExpenses": 935782000,
    "interestIncome": 0,
    "interestExpense": 0,
    "depreciationAndAmortization": 77055000,
    "ebitda": 361778000,
    "ebitdaratio": 0.3866049999,
    "operatingIncome": 284723000,
    "operatingIncomeRatio": 0.3042621038,
    "totalOtherIncomeExpensesNet": 16497000,
    "incomeBeforeTax": 301220000,
    "incomeBeforeTaxRatio": 0.3218912097,
    "incomeTaxExpense": 95782000,
    "netIncome": 205379000,
    "netIncomeRatio": 0.2194731252,
    "eps": 0.15,
    "epsdiluted": 0.15,
    "weightedAverageShsOut": 1343442000,
    "weightedAverageShsOutDil": 1343442000,
    "link": "https://www.sec.gov/Archives/edgar/data/1065088/000095013405003827/0000950134-05-003827-index.htm",
    "finalLink": "https://www.sec.gov/Archives/edgar/data/1065088/000095013405003827/f05426e10vk.htm"
  },
  {
    "date": "2004-09-30",
    "symbol": "EBAY",
    "reportedCurrency": "USD",
    "cik": "0001065088",
    "fillingDate": "2004-10-27",
    "acceptedDate": "2004-10-27 17:24:14",
    "calendarYear": "2004",
    "period": "Q3",
    "revenue": 805876000,
    "costOfRevenue": 157121000,
    "grossProfit": 648755000,
    "grossProfitRatio": 0.8050307988,
    "researchAndDevelopmentExpenses": 63403000,
    "generalAndAdministrativeExpenses": 0,
    "sellingAndMarketingExpenses": 0,
    "sellingGeneralAndAdministrativeExpenses": 313026000,
    "otherExpenses": 272326000,
    "operatingExpenses": 648755000,
    "costAndExpenses": 805876000,
    "interestIncome": 0,
    "interestExpense": 0,
    "depreciationAndAmortization": 65974000,
    "ebitda": 319887000,
    "ebitdaratio": 0.3969432022,
    "operatingIncome": 253913000,
    "operatingIncomeRatio": 0.3150770094,
    "totalOtherIncomeExpensesNet": 10927000,
    "incomeBeforeTax": 264840000,
    "incomeBeforeTaxRatio": 0.3286361674,
    "incomeTaxExpense": 80749000,
    "netIncome": 182349000,
    "netIncomeRatio": 0.2262742655,
    "eps": 0.14,
    "epsdiluted": 0.13,
    "weightedAverageShsOut": 1329790000,
    "weightedAverageShsOutDil": 1354142000,
    "link": "https://www.sec.gov/Archives/edgar/data/1065088/000089161804001299/0000891618-04-001299-index.htm",
    "finalLink": "https://www.sec.gov/Archives/edgar/data/1065088/000089161804001299/f02570e10vq.htm"
  },
  {
    "date": "2004-06-30",
    "symbol": "EBAY",
    "reportedCurrency": "USD",
    "cik": "0001065088",
    "fillingDate": "2004-08-04",
    "acceptedDate": "2004-08-03 21:42:32",
    "calendarYear": "2004",
    "period": "Q2",
    "revenue": 773412000,
    "costOfRevenue": 146531000,
    "grossProfit": 626881000,
    "grossProfitRatio": 0.8105395313,
    "researchAndDevelopmentExpenses": 59978000,
    "generalAndAdministrativeExpenses": 0,
    "sellingAndMarketingExpenses": 0,
    "sellingGeneralAndAdministrativeExpenses": 292090000,
    "otherExpenses": 274813000,
    "operatingExpenses": 626881000,
    "costAndExpenses": 773412000,
    "interestIncome": 0,
    "interestExpense": 0,
    "depreciationAndAmortization": 60252000,
    "ebitda": 314110000,
    "ebitdaratio": 0.4061354104,
    "operatingIncome": 253858000,
    "operatingIncomeRatio": 0.3282312661,
    "totalOtherIncomeExpensesNet": 20396000,
    "incomeBeforeTax": 274254000,
    "incomeBeforeTaxRatio": 0.3546027214,
    "incomeTaxExpense": 81598000,
    "netIncome": 190395000,
    "netIncomeRatio": 0.2461753891,
    "eps": 0.14,
    "epsdiluted": 0.14,
    "weightedAverageShsOut": 1316138000,
    "weightedAverageShsOutDil": 1364842000,
    "link": "https://www.sec.gov/Archives/edgar/data/1065088/000089161804001174/0000891618-04-001174-index.htm",
    "finalLink": "https://www.sec.gov/Archives/edgar/data/1065088/000089161804001174/f00487e10vq.htm"
  },
  {
    "date": "2004-03-31",
    "symbol": "EBAY",
    "reportedCurrency": "USD",
    "cik": "0001065088",
    "fillingDate": "2004-05-10",
    "acceptedDate": "2004-05-07 18:40:29",
    "calendarYear": "2004",
    "period": "Q1",
    "revenue": 756239000,
    "costOfRevenue": 134358000,
    "grossProfit": 621881000,
    "grossProfitRatio": 0.8223339447,
    "researchAndDevelopmentExpenses": 52698000,
    "generalAndAdministrativeExpenses": 0,
    "sellingAndMarketingExpenses": 0,
    "sellingGeneralAndAdministrativeExpenses": 283326000,
    "otherExpenses": 285857000,
    "operatingExpenses": 621881000,
    "costAndExpenses": 756239000,
    "interestIncome": 0,
    "interestExpense": 0,
    "depreciationAndAmortization": 56241000,
    "ebitda": 322989000,
    "ebitdaratio": 0.4270991049,
    "operatingIncome": 266748000,
    "operatingIncomeRatio": 0.3527297587,
    "totalOtherIncomeExpensesNet": 21168000,
    "incomeBeforeTax": 287916000,
    "incomeBeforeTaxRatio": 0.3807209097,
    "incomeTaxExpense": 85756000,
    "netIncome": 200100000,
    "netIncomeRatio": 0.26459889,
    "eps": 0.16,
    "epsdiluted": 0.15,
    "weightedAverageShsOut": 1305002000,
    "weightedAverageShsOutDil": 1347596000,
    "link": "https://www.sec.gov/Archives/edgar/data/1065088/000095013404006993/0000950134-04-006993-index.htm",
    "finalLink": "https://www.sec.gov/Archives/edgar/data/1065088/000095013404006993/f98560e10vq.htm"
  },
  {
    "date": "2003-12-31",
    "symbol": "EBAY",
    "reportedCurrency": "USD",
    "cik": "0001065088",
    "fillingDate": "2004-03-08",
    "acceptedDate": "2004-03-05 19:41:45",
    "calendarYear": "2003",
    "period": "Q4",
    "revenue": 648393000,
    "costOfRevenue": 115457000,
    "grossProfit": 532936000,
    "grossProfitRatio": 0.8219336113,
    "researchAndDevelopmentExpenses": 46427000,
    "generalAndAdministrativeExpenses": 0,
    "sellingAndMarketingExpenses": 0,
    "sellingGeneralAndAdministrativeExpenses": 268770000,
    "otherExpenses": 217739000,
    "operatingExpenses": 532936000,
    "costAndExpenses": 648393000,
    "interestIncome": 0,
    "interestExpense": 0,
    "depreciationAndAmortization": 40386000,
    "ebitda": 243528000,
    "ebitdaratio": 0.3755870282,
    "operatingIncome": 203142000,
    "operatingIncomeRatio": 0.3133007297,
    "totalOtherIncomeExpensesNet": 8405000,
    "incomeBeforeTax": 211547000,
    "incomeBeforeTaxRatio": 0.326263547,
    "incomeTaxExpense": 67040000,
    "netIncome": 142462000,
    "netIncomeRatio": 0.219715512,
    "eps": 0.11,
    "epsdiluted": 0.11,
    "weightedAverageShsOut": 1293400000,
    "weightedAverageShsOutDil": 1305002000,
    "link": "https://www.sec.gov/Archives/edgar/data/1065088/000089161804000676/0000891618-04-000676-index.htm",
    "finalLink": "https://www.sec.gov/Archives/edgar/data/1065088/000089161804000676/f96707ore10vk.htm"
  },
  {
    "date": "2003-09-30",
    "symbol": "EBAY",
    "reportedCurrency": "USD",
    "cik": "0001065088",
    "fillingDate": "2003-11-12",
    "acceptedDate": "2003-11-12 16:51:56",
    "calendarYear": "2003",
    "period": "Q3",
    "revenue": 530942000,
    "costOfRevenue": 109353000,
    "grossProfit": 421589000,
    "grossProfitRatio": 0.7940396503,
    "researchAndDevelopmentExpenses": 39737000,
    "generalAndAdministrativeExpenses": 0,
    "sellingAndMarketingExpenses": 0,
    "sellingGeneralAndAdministrativeExpenses": 210646000,
    "otherExpenses": 171206000,
    "operatingExpenses": 421589000,
    "costAndExpenses": 530942000,
    "interestIncome": 0,
    "interestExpense": 0,
    "depreciationAndAmortization": 44319000,
    "ebitda": 200191000,
    "ebitdaratio": 0.3770487172,
    "operatingIncome": 155872000,
    "operatingIncomeRatio": 0.2935763228,
    "totalOtherIncomeExpensesNet": 5539000,
    "incomeBeforeTax": 161411000,
    "incomeBeforeTaxRatio": 0.3040087241,
    "incomeTaxExpense": 51137000,
    "netIncome": 103250000,
    "netIncomeRatio": 0.1944656855,
    "eps": 0.08,
    "epsdiluted": 0.08,
    "weightedAverageShsOut": 1285458000,
    "weightedAverageShsOutDil": 1324462000,
    "link": "https://www.sec.gov/Archives/edgar/data/1065088/000089161803005864/0000891618-03-005864-index.htm",
    "finalLink": "https://www.sec.gov/Archives/edgar/data/1065088/000089161803005864/f94352ore10vq.htm"
  },
  {
    "date": "2003-06-30",
    "symbol": "EBAY",
    "reportedCurrency": "USD",
    "cik": "0001065088",
    "fillingDate": "2003-08-11",
    "acceptedDate": "2003-08-11 08:33:56",
    "calendarYear": "2003",
    "period": "Q2",
    "revenue": 509269000,
    "costOfRevenue": 99150000,
    "grossProfit": 410119000,
    "grossProfitRatio": 0.8053091784,
    "researchAndDevelopmentExpenses": 38819000,
    "generalAndAdministrativeExpenses": 0,
    "sellingAndMarketingExpenses": 0,
    "sellingGeneralAndAdministrativeExpenses": 204092000,
    "otherExpenses": 167208000,
    "operatingExpenses": 410119000,
    "costAndExpenses": 509269000,
    "interestIncome": 0,
    "interestExpense": 0,
    "depreciationAndAmortization": 40006000,
    "ebitda": 162089000,
    "ebitdaratio": 0.3182777668,
    "operatingIncome": 122083000,
    "operatingIncomeRatio": 0.239722033,
    "totalOtherIncomeExpensesNet": 10872000,
    "incomeBeforeTax": 132955000,
    "incomeBeforeTaxRatio": 0.2610702792,
    "incomeTaxExpense": 39543000,
    "netIncome": 91868000,
    "netIncomeRatio": 0.180391895,
    "eps": 0.0723,
    "epsdiluted": 0.0704,
    "weightedAverageShsOut": 1270045000,
    "weightedAverageShsOutDil": 1304749000,
    "link": "https://www.sec.gov/Archives/edgar/data/1065088/000089161803004232/0000891618-03-004232-index.htm",
    "finalLink": "https://www.sec.gov/Archives/edgar/data/1065088/000089161803004232/f92035e10vq.htm"
  },
  {
    "date": "2003-03-31",
    "symbol": "EBAY",
    "reportedCurrency": "USD",
    "cik": "0001065088",
    "fillingDate": "2003-05-15",
    "acceptedDate": "2003-05-14 20:25:13",
    "calendarYear": "2003",
    "period": "Q1",
    "revenue": 476492000,
    "costOfRevenue": 92098000,
    "grossProfit": 384394000,
    "grossProfitRatio": 0.8067165871,
    "researchAndDevelopmentExpenses": 34332000,
    "generalAndAdministrativeExpenses": 0,
    "sellingAndMarketingExpenses": 0,
    "sellingGeneralAndAdministrativeExpenses": 186760000,
    "otherExpenses": 163302000,
    "operatingExpenses": 384394000,
    "costAndExpenses": 476492000,
    "interestIncome": 0,
    "interestExpense": 0,
    "depreciationAndAmortization": 34292000,
    "ebitda": 182436000,
    "ebitdaratio": 0.3828731647,
    "operatingIncome": 148144000,
    "operatingIncomeRatio": 0.3109055346,
    "totalOtherIncomeExpensesNet": 7443000,
    "incomeBeforeTax": 155587000,
    "incomeBeforeTaxRatio": 0.3265259438,
    "incomeTaxExpense": 49018000,
    "netIncome": 104191000,
    "netIncomeRatio": 0.2186626428,
    "eps": 0.0825,
    "epsdiluted": 0.08,
    "weightedAverageShsOut": 1254632000,
    "weightedAverageShsOutDil": 1285036000,
    "link": "https://www.sec.gov/Archives/edgar/data/1065088/000089161803002565/0000891618-03-002565-index.htm",
    "finalLink": "https://www.sec.gov/Archives/edgar/data/1065088/000089161803002565/f90120e10vq.htm"
  },
  {
    "date": "2002-12-31",
    "symbol": "EBAY",
    "reportedCurrency": "USD",
    "cik": "0001065088",
    "fillingDate": "2003-03-31",
    "acceptedDate": "2003-03-31 08:17:45",
    "calendarYear": "2002",
    "period": "Q4",
    "revenue": 413928000,
    "costOfRevenue": 82664000,
    "grossProfit": 331264000,
    "grossProfitRatio": 0.8002937709,
    "researchAndDevelopmentExpenses": 31820000,
    "generalAndAdministrativeExpenses": 0,
    "sellingAndMarketingExpenses": 0,
    "sellingGeneralAndAdministrativeExpenses": 172078000,
    "otherExpenses": 127366000,
    "operatingExpenses": 331264000,
    "costAndExpenses": 413928000,
    "interestIncome": 0,
    "interestExpense": 0,
    "depreciationAndAmortization": 27289000,
    "ebitda": 141212000,
    "ebitdaratio": 0.3411511181,
    "operatingIncome": 113923000,
    "operatingIncomeRatio": 0.2752241936,
    "totalOtherIncomeExpensesNet": 24033000,
    "incomeBeforeTax": 137956000,
    "incomeBeforeTaxRatio": 0.3332850158,
    "incomeTaxExpense": 48935000,
    "netIncome": 86996000,
    "netIncomeRatio": 0.2101718173,
    "eps": 0.0693,
    "epsdiluted": 0.0693,
    "weightedAverageShsOut": 1245108000,
    "weightedAverageShsOutDil": 1254632000,
    "link": "https://www.sec.gov/Archives/edgar/data/1065088/000089161803001538/0000891618-03-001538-index.htm",
    "finalLink": "https://www.sec.gov/Archives/edgar/data/1065088/000089161803001538/f88540e10vk.htm"
  },
  {
    "date": "2002-09-30",
    "symbol": "EBAY",
    "reportedCurrency": "USD",
    "cik": "0001065088",
    "fillingDate": "2002-11-14",
    "acceptedDate": "2002-11-14 17:26:55",
    "calendarYear": "2002",
    "period": "Q3",
    "revenue": 288779000,
    "costOfRevenue": 45374000,
    "grossProfit": 243405000,
    "grossProfitRatio": 0.8428763864,
    "researchAndDevelopmentExpenses": 24163000,
    "generalAndAdministrativeExpenses": 0,
    "sellingAndMarketingExpenses": 0,
    "sellingGeneralAndAdministrativeExpenses": 127360000,
    "otherExpenses": 91882000,
    "operatingExpenses": 243405000,
    "costAndExpenses": 288779000,
    "interestIncome": 0,
    "interestExpense": 0,
    "depreciationAndAmortization": 17762000,
    "ebitda": 107879000,
    "ebitdaratio": 0.3735694077,
    "operatingIncome": 90117000,
    "operatingIncomeRatio": 0.3120621652,
    "totalOtherIncomeExpensesNet": 6079000,
    "incomeBeforeTax": 96196000,
    "incomeBeforeTaxRatio": 0.3331128649,
    "incomeTaxExpense": 34314000,
    "netIncome": 61003000,
    "netIncomeRatio": 0.211244585,
    "eps": 0.055,
    "epsdiluted": 0.0525,
    "weightedAverageShsOut": 1129068000,
    "weightedAverageShsOutDil": 1146364000,
    "link": "https://www.sec.gov/Archives/edgar/data/1065088/000089161802005206/0000891618-02-005206-index.htm",
    "finalLink": "https://www.sec.gov/Archives/edgar/data/1065088/000089161802005206/f85887e10vq.htm"
  },
  {
    "date": "2002-06-30",
    "symbol": "EBAY",
    "reportedCurrency": "USD",
    "cik": "0001065088",
    "fillingDate": "2002-08-06",
    "acceptedDate": "2002-08-06 16:42:08",
    "calendarYear": "2002",
    "period": "Q2",
    "revenue": 266287000,
    "costOfRevenue": 44561000,
    "grossProfit": 221726000,
    "grossProfitRatio": 0.8326579968,
    "researchAndDevelopmentExpenses": 24346000,
    "generalAndAdministrativeExpenses": 0,
    "sellingAndMarketingExpenses": 0,
    "sellingGeneralAndAdministrativeExpenses": 116400000,
    "otherExpenses": 80980000,
    "operatingExpenses": 221726000,
    "costAndExpenses": 266287000,
    "interestIncome": 0,
    "interestExpense": 0,
    "depreciationAndAmortization": 17601000,
    "ebitda": 97042000,
    "ebitdaratio": 0.364426352,
    "operatingIncome": 79441000,
    "operatingIncomeRatio": 0.2983284952,
    "totalOtherIncomeExpensesNet": 8303000,
    "incomeBeforeTax": 87744000,
    "incomeBeforeTaxRatio": 0.3295091386,
    "incomeTaxExpense": 33286000,
    "netIncome": 54308000,
    "netIncomeRatio": 0.2039453672,
    "eps": 0.0475,
    "epsdiluted": 0.0475,
    "weightedAverageShsOut": 1122828000,
    "weightedAverageShsOutDil": 1141664000,
    "link": "https://www.sec.gov/Archives/edgar/data/1065088/000089161802003551/0000891618-02-003551-index.htm",
    "finalLink": "https://www.sec.gov/Archives/edgar/data/1065088/000089161802003551/f83131e10vq.htm"
  },
  {
    "date": "2002-03-31",
    "symbol": "EBAY",
    "reportedCurrency": "USD",
    "cik": "0001065088",
    "fillingDate": "2002-05-10",
    "acceptedDate": "2002-05-09 21:05:37",
    "calendarYear": "2002",
    "period": "Q1",
    "revenue": 245106000,
    "costOfRevenue": 41277000,
    "grossProfit": 203829000,
    "grossProfitRatio": 0.8315953098,
    "researchAndDevelopmentExpenses": 24307000,
    "generalAndAdministrativeExpenses": 0,
    "sellingAndMarketingExpenses": 0,
    "sellingGeneralAndAdministrativeExpenses": 105597000,
    "otherExpenses": 73925000,
    "operatingExpenses": 203829000,
    "costAndExpenses": 245106000,
    "interestIncome": 0,
    "interestExpense": 0,
    "depreciationAndAmortization": 13924000,
    "ebitda": 84640000,
    "ebitdaratio": 0.345319984,
    "operatingIncome": 70716000,
    "operatingIncomeRatio": 0.2885119091,
    "totalOtherIncomeExpensesNet": 5521000,
    "incomeBeforeTax": 76237000,
    "incomeBeforeTaxRatio": 0.3110368575,
    "incomeTaxExpense": 29411000,
    "netIncome": 47584000,
    "netIncomeRatio": 0.1941364144,
    "eps": 0.0425,
    "epsdiluted": 0.0425,
    "weightedAverageShsOut": 1113328000,
    "weightedAverageShsOutDil": 1139564000,
    "link": "https://www.sec.gov/Archives/edgar/data/1065088/000089161802002255/0000891618-02-002255-index.htm",
    "finalLink": "https://www.sec.gov/Archives/edgar/data/1065088/000089161802002255/f81188e10-q.htm"
  },
  {
    "date": "2001-12-31",
    "symbol": "EBAY",
    "reportedCurrency": "USD",
    "cik": "0001065088",
    "fillingDate": "2002-03-25",
    "acceptedDate": "2002-03-25 00:00:00",
    "calendarYear": "2001",
    "period": "Q4",
    "revenue": 219401000,
    "costOfRevenue": 39989000,
    "grossProfit": 179412000,
    "grossProfitRatio": 0.8177355618,
    "researchAndDevelopmentExpenses": 21723000,
    "generalAndAdministrativeExpenses": 0,
    "sellingAndMarketingExpenses": 0,
    "sellingGeneralAndAdministrativeExpenses": 102800000,
    "otherExpenses": 54889000,
    "operatingExpenses": 179412000,
    "costAndExpenses": 219401000,
    "interestIncome": 0,
    "interestExpense": 0,
    "depreciationAndAmortization": 27632000,
    "ebitda": 69250000,
    "ebitdaratio": 0.3156321074,
    "operatingIncome": 41618000,
    "operatingIncomeRatio": 0.1896891992,
    "totalOtherIncomeExpensesNet": 6464000,
    "incomeBeforeTax": 48082000,
    "incomeBeforeTaxRatio": 0.2191512345,
    "incomeTaxExpense": 24038000,
    "netIncome": 25935000,
    "netIncomeRatio": 0.1182082124,
    "eps": 0.0233,
    "epsdiluted": 0.0233,
    "weightedAverageShsOut": 1098144000,
    "weightedAverageShsOutDil": 1113328000,
    "link": "https://www.sec.gov/Archives/edgar/data/1065088/000089161802001364/0000891618-02-001364-index.htm",
    "finalLink": "https://www.sec.gov/Archives/edgar/data/1065088/000089161802001364/f79949e10-k.htm"
  },
  {
    "date": "2001-09-30",
    "symbol": "EBAY",
    "reportedCurrency": "USD",
    "cik": "0001065088",
    "fillingDate": "2001-11-14",
    "acceptedDate": "2001-11-14 00:00:00",
    "calendarYear": "2001",
    "period": "Q3",
    "revenue": 194425000,
    "costOfRevenue": 34953000,
    "grossProfit": 159472000,
    "grossProfitRatio": 0.8202237367,
    "researchAndDevelopmentExpenses": 20177000,
    "generalAndAdministrativeExpenses": 0,
    "sellingAndMarketingExpenses": 0,
    "sellingGeneralAndAdministrativeExpenses": 93873000,
    "otherExpenses": 45422000,
    "operatingExpenses": 159472000,
    "costAndExpenses": 194425000,
    "interestIncome": 0,
    "interestExpense": 0,
    "depreciationAndAmortization": 23560000,
    "ebitda": 56209000,
    "ebitdaratio": 0.2891037675,
    "operatingIncome": 32649000,
    "operatingIncomeRatio": 0.1679259355,
    "totalOtherIncomeExpensesNet": 2520000,
    "incomeBeforeTax": 35169000,
    "incomeBeforeTaxRatio": 0.1808872316,
    "incomeTaxExpense": 19268000,
    "netIncome": 18838000,
    "netIncomeRatio": 0.0968908319,
    "eps": 0.0175,
    "epsdiluted": 0.0175,
    "weightedAverageShsOut": 1084944000,
    "weightedAverageShsOutDil": 1129268000,
    "link": "https://www.sec.gov/Archives/edgar/data/1065088/000089161801502192/0000891618-01-502192-index.htm",
    "finalLink": "https://www.sec.gov/Archives/edgar/data/1065088/000089161801502192/f77006e10-q.txt"
  },
  {
    "date": "2001-06-30",
    "symbol": "EBAY",
    "reportedCurrency": "USD",
    "cik": "0001065088",
    "fillingDate": "2001-08-14",
    "acceptedDate": "2001-08-14 00:00:00",
    "calendarYear": "2001",
    "period": "Q2",
    "revenue": 180905000,
    "costOfRevenue": 32872000,
    "grossProfit": 148033000,
    "grossProfitRatio": 0.8182913684,
    "researchAndDevelopmentExpenses": 17651000,
    "generalAndAdministrativeExpenses": 0,
    "sellingAndMarketingExpenses": 0,
    "sellingGeneralAndAdministrativeExpenses": 85721000,
    "otherExpenses": 44661000,
    "operatingExpenses": 148033000,
    "costAndExpenses": 180905000,
    "interestIncome": 0,
    "interestExpense": 0,
    "depreciationAndAmortization": 23542000,
    "ebitda": 58996000,
    "ebitdaratio": 0.3261159172,
    "operatingIncome": 35454000,
    "operatingIncomeRatio": 0.1959813162,
    "totalOtherIncomeExpensesNet": 9188000,
    "incomeBeforeTax": 44642000,
    "incomeBeforeTaxRatio": 0.2467704044,
    "incomeTaxExpense": 21276000,
    "netIncome": 24608000,
    "netIncomeRatio": 0.1360271966,
    "eps": 0.0225,
    "epsdiluted": 0.0225,
    "weightedAverageShsOut": 1068300000,
    "weightedAverageShsOutDil": 1134328000,
    "link": "https://www.sec.gov/Archives/edgar/data/1065088/000109581101504152/0001095811-01-504152-index.htm",
    "finalLink": "https://www.sec.gov/Archives/edgar/data/1065088/000109581101504152/f74902e10-q.txt"
  },
  {
    "date": "2001-03-31",
    "symbol": "EBAY",
    "reportedCurrency": "USD",
    "cik": "0001065088",
    "fillingDate": "2001-05-15",
    "acceptedDate": "2001-05-15 00:00:00",
    "calendarYear": "2001",
    "period": "Q1",
    "revenue": 154090000,
    "costOfRevenue": 27002000,
    "grossProfit": 127088000,
    "grossProfitRatio": 0.8247647479,
    "researchAndDevelopmentExpenses": 15737000,
    "generalAndAdministrativeExpenses": 0,
    "sellingAndMarketingExpenses": 0,
    "sellingGeneralAndAdministrativeExpenses": 76864000,
    "otherExpenses": 34487000,
    "operatingExpenses": 127088000,
    "costAndExpenses": 154090000,
    "interestIncome": 0,
    "interestExpense": 0,
    "depreciationAndAmortization": 14998000,
    "ebitda": 45703000,
    "ebitdaratio": 0.29659939,
    "operatingIncome": 30705000,
    "operatingIncomeRatio": 0.1992666623,
    "totalOtherIncomeExpensesNet": 5789000,
    "incomeBeforeTax": 36494000,
    "incomeBeforeTaxRatio": 0.2368356155,
    "incomeTaxExpense": 15427000,
    "netIncome": 21067000,
    "netIncomeRatio": 0.1367188007,
    "eps": 0.02,
    "epsdiluted": 0.02,
    "weightedAverageShsOut": 1057116000,
    "weightedAverageShsOutDil": 1114928000,
    "link": "https://www.sec.gov/Archives/edgar/data/1065088/000109581101502243/0001095811-01-502243-index.htm",
    "finalLink": "https://www.sec.gov/Archives/edgar/data/1065088/000109581101502243/f72456e10-q.txt"
  },
  {
    "date": "2000-12-31",
    "symbol": "EBAY",
    "reportedCurrency": "USD",
    "cik": "0001065088",
    "fillingDate": "2001-03-28",
    "acceptedDate": "2001-03-28 00:00:00",
    "calendarYear": "2000",
    "period": "Q4",
    "revenue": 134008000,
    "costOfRevenue": 13308000,
    "grossProfit": 120700000,
    "grossProfitRatio": 0.900692496,
    "researchAndDevelopmentExpenses": 14142000,
    "generalAndAdministrativeExpenses": 0,
    "sellingAndMarketingExpenses": 0,
    "sellingGeneralAndAdministrativeExpenses": 67923000,
    "otherExpenses": 38635000,
    "operatingExpenses": 120700000,
    "costAndExpenses": 134008000,
    "interestIncome": 0,
    "interestExpense": 0,
    "depreciationAndAmortization": 11200000,
    "ebitda": 38050000,
    "ebitdaratio": 0.2839382723,
    "operatingIncome": 26850000,
    "operatingIncomeRatio": 0.2003611725,
    "totalOtherIncomeExpensesNet": 12923000,
    "incomeBeforeTax": 39773000,
    "incomeBeforeTaxRatio": 0.2967957137,
    "incomeTaxExpense": 15910000,
    "netIncome": 23863000,
    "netIncomeRatio": 0.1780714584,
    "eps": 0.0226,
    "epsdiluted": 0.0226,
    "weightedAverageShsOut": 1039576000,
    "weightedAverageShsOutDil": 1057116000,
    "link": "https://www.sec.gov/Archives/edgar/data/1065088/000109581101001836/0001095811-01-001836-index.htm",
    "finalLink": "https://www.sec.gov/Archives/edgar/data/1065088/000109581101001836/f70837e10-k.txt"
  },
  {
    "date": "2000-09-30",
    "symbol": "EBAY",
    "reportedCurrency": "USD",
    "cik": "0001065088",
    "fillingDate": "2000-11-09",
    "acceptedDate": "2000-11-09 00:00:00",
    "calendarYear": "2000",
    "period": "Q3",
    "revenue": 113377000,
    "costOfRevenue": 9027000,
    "grossProfit": 104350000,
    "grossProfitRatio": 0.9203806769,
    "researchAndDevelopmentExpenses": 15783000,
    "generalAndAdministrativeExpenses": 0,
    "sellingAndMarketingExpenses": 0,
    "sellingGeneralAndAdministrativeExpenses": 58478000,
    "otherExpenses": 30089000,
    "operatingExpenses": 104350000,
    "costAndExpenses": 113377000,
    "interestIncome": 0,
    "interestExpense": 0,
    "depreciationAndAmortization": 13114000,
    "ebitda": 30072000,
    "ebitdaratio": 0.2652389815,
    "operatingIncome": 14923000,
    "operatingIncomeRatio": 0.1316228159,
    "totalOtherIncomeExpensesNet": 10429000,
    "incomeBeforeTax": 25352000,
    "incomeBeforeTaxRatio": 0.2236079628,
    "incomeTaxExpense": 10141000,
    "netIncome": 15211000,
    "netIncomeRatio": 0.1341630137,
    "eps": 0.015,
    "epsdiluted": 0.0125,
    "weightedAverageShsOut": 1022964000,
    "weightedAverageShsOutDil": 1121188000,
    "link": "https://www.sec.gov/Archives/edgar/data/1065088/000109581100004475/0001095811-00-004475-index.htm",
    "finalLink": "https://www.sec.gov/Archives/edgar/data/1065088/000109581100004475/f66886e10-q.txt"
  },
  {
    "date": "2000-06-30",
    "symbol": "EBAY",
    "reportedCurrency": "USD",
    "cik": "0001065088",
    "fillingDate": "2000-08-09",
    "acceptedDate": "2000-08-09 00:00:00",
    "calendarYear": "2000",
    "period": "Q2",
    "revenue": 98152000,
    "costOfRevenue": 24204000,
    "grossProfit": 73948000,
    "grossProfitRatio": 0.7534028853,
    "researchAndDevelopmentExpenses": 13600000,
    "generalAndAdministrativeExpenses": 0,
    "sellingAndMarketingExpenses": 0,
    "sellingGeneralAndAdministrativeExpenses": 57703000,
    "otherExpenses": 2645000,
    "operatingExpenses": 73948000,
    "costAndExpenses": 98152000,
    "interestIncome": 0,
    "interestExpense": 0,
    "depreciationAndAmortization": 10562000,
    "ebitda": 12033000,
    "ebitdaratio": 0.1225955661,
    "operatingIncome": 1471000,
    "operatingIncomeRatio": 0.014986959,
    "totalOtherIncomeExpensesNet": 10394000,
    "incomeBeforeTax": 11865000,
    "incomeBeforeTaxRatio": 0.1208839351,
    "incomeTaxExpense": 5401000,
    "netIncome": 7459000,
    "netIncomeRatio": 0.0759943761,
    "eps": 0.0051,
    "epsdiluted": 0.0049,
    "weightedAverageShsOut": 1462890000,
    "weightedAverageShsOutDil": 1512002000,
    "link": "https://www.sec.gov/Archives/edgar/data/1065088/000089161800004293/0000891618-00-004293-index.htm",
    "finalLink": "https://www.sec.gov/Archives/edgar/data/1065088/000089161800004293/e10-q.txt"
  },
  {
    "date": "2000-03-31",
    "symbol": "EBAY",
    "reportedCurrency": "USD",
    "cik": "0001065088",
    "fillingDate": "2000-05-15",
    "acceptedDate": "2000-05-15 00:00:00",
    "calendarYear": "2000",
    "period": "Q1",
    "revenue": 85887000,
    "costOfRevenue": 15051000,
    "grossProfit": 70836000,
    "grossProfitRatio": 0.8247581124,
    "researchAndDevelopmentExpenses": 12338000,
    "generalAndAdministrativeExpenses": 0,
    "sellingAndMarketingExpenses": 0,
    "sellingGeneralAndAdministrativeExpenses": 56514000,
    "otherExpenses": 1984000,
    "operatingExpenses": 70836000,
    "costAndExpenses": 85887000,
    "interestIncome": 0,
    "interestExpense": 0,
    "depreciationAndAmortization": 10315000,
    "ebitda": 11123000,
    "ebitdaratio": 0.129507376,
    "operatingIncome": 808000,
    "operatingIncomeRatio": 0.0094077101,
    "totalOtherIncomeExpensesNet": 2224000,
    "incomeBeforeTax": 3032000,
    "incomeBeforeTaxRatio": 0.0353021994,
    "incomeTaxExpense": 1274000,
    "netIncome": 1758000,
    "netIncomeRatio": 0.0204687555,
    "eps": 0.0012,
    "epsdiluted": 0.0012,
    "weightedAverageShsOut": 1462890000,
    "weightedAverageShsOutDil": 1512002000,
    "link": "https://www.sec.gov/Archives/edgar/data/1065088/000101287000002859/0001012870-00-002859-index.html",
    "finalLink": "https://www.sec.gov/Archives/edgar/data/1065088/000101287000002859/"
  },
  {
    "date": "1999-12-31",
    "symbol": "EBAY",
    "reportedCurrency": "USD",
    "cik": "0001065088",
    "fillingDate": "2000-03-30",
    "acceptedDate": "2000-03-30 00:00:00",
    "calendarYear": "1999",
    "period": "Q4",
    "revenue": 73900000,
    "costOfRevenue": 5900000,
    "grossProfit": 68000000,
    "grossProfitRatio": 0.9201623816,
    "researchAndDevelopmentExpenses": 9300000,
    "generalAndAdministrativeExpenses": 0,
    "sellingAndMarketingExpenses": 0,
    "sellingGeneralAndAdministrativeExpenses": 42500000,
    "otherExpenses": 16200000,
    "operatingExpenses": 68000000,
    "costAndExpenses": 73900000,
    "interestIncome": 0,
    "interestExpense": 0,
    "depreciationAndAmortization": 15800000,
    "ebitda": 16200000,
    "ebitdaratio": 0.2192151556,
    "operatingIncome": 400000,
    "operatingIncomeRatio": 0.0054127199,
    "totalOtherIncomeExpensesNet": 8100000,
    "incomeBeforeTax": 8500000,
    "incomeBeforeTaxRatio": 0.1150202977,
    "incomeTaxExpense": 3600000,
    "netIncome": 4900000,
    "netIncomeRatio": 0.0663058187,
    "eps": 0.0026,
    "epsdiluted": 0.0026,
    "weightedAverageShsOut": 1902816000,
    "weightedAverageShsOutDil": 1902816000,
    "link": "https://www.sec.gov/Archives/edgar/data/1065088/000101287000001759/0001012870-00-001759-index.html",
    "finalLink": "https://www.sec.gov/Archives/edgar/data/1065088/000101287000001759/"
  },
  {
    "date": "1999-09-30",
    "symbol": "EBAY",
    "reportedCurrency": "USD",
    "cik": "0001065088",
    "fillingDate": "1999-11-15",
    "acceptedDate": "1999-11-15 00:00:00",
    "calendarYear": "1999",
    "period": "Q3",
    "revenue": 58500000,
    "costOfRevenue": 15600000,
    "grossProfit": 42900000,
    "grossProfitRatio": 0.7333333333,
    "researchAndDevelopmentExpenses": 6900000,
    "generalAndAdministrativeExpenses": 0,
    "sellingAndMarketingExpenses": 0,
    "sellingGeneralAndAdministrativeExpenses": 39000000,
    "otherExpenses": -3000000,
    "operatingExpenses": 42900000,
    "costAndExpenses": 58500000,
    "interestIncome": 0,
    "interestExpense": 0,
    "depreciationAndAmortization": 1700000,
    "ebitda": -3000000,
    "ebitdaratio": -0.0512820513,
    "operatingIncome": -4800000,
    "operatingIncomeRatio": -0.0820512821,
    "totalOtherIncomeExpensesNet": 7200000,
    "incomeBeforeTax": 2400000,
    "incomeBeforeTaxRatio": 0.041025641,
    "incomeTaxExpense": 1000000,
    "netIncome": 1400000,
    "netIncomeRatio": 0.0239316239,
    "eps": 0.0013,
    "epsdiluted": 0.0013,
    "weightedAverageShsOut": 927840000,
    "weightedAverageShsOutDil": 1120656000,
    "link": "https://www.sec.gov/Archives/edgar/data/1065088/000101287099004228/0001012870-99-004228-index.html",
    "finalLink": "https://www.sec.gov/Archives/edgar/data/1065088/000101287099004228/"
  },
  {
    "date": "1999-06-30",
    "symbol": "EBAY",
    "reportedCurrency": "USD",
    "cik": "0001065088",
    "fillingDate": "1999-08-09",
    "acceptedDate": "1999-08-09 00:00:00",
    "calendarYear": "1999",
    "period": "Q2",
    "revenue": 49500000,
    "costOfRevenue": 5700000,
    "grossProfit": 43800000,
    "grossProfitRatio": 0.8848484848,
    "researchAndDevelopmentExpenses": 5500000,
    "generalAndAdministrativeExpenses": 0,
    "sellingAndMarketingExpenses": 0,
    "sellingGeneralAndAdministrativeExpenses": 33000000,
    "otherExpenses": 5300000,
    "operatingExpenses": 43800000,
    "costAndExpenses": 49500000,
    "interestIncome": 0,
    "interestExpense": 0,
    "depreciationAndAmortization": 4900000,
    "ebitda": 5300000,
    "ebitdaratio": 0.1070707071,
    "operatingIncome": -200000,
    "operatingIncomeRatio": -0.004040404,
    "totalOtherIncomeExpensesNet": 1600000,
    "incomeBeforeTax": 1400000,
    "incomeBeforeTaxRatio": 0.0282828283,
    "incomeTaxExpense": 600000,
    "netIncome": 800000,
    "netIncomeRatio": 0.0161616162,
    "eps": 0.0013,
    "epsdiluted": 0.0013,
    "weightedAverageShsOut": 854840000,
    "weightedAverageShsOutDil": 1092912000,
    "link": "https://www.sec.gov/Archives/edgar/data/1065088/000101287099002671/0001012870-99-002671-index.html",
    "finalLink": "https://www.sec.gov/Archives/edgar/data/1065088/000101287099002671/"
  },
  {
    "date": "1999-03-31",
    "symbol": "EBAY",
    "reportedCurrency": "USD",
    "cik": "0001065088",
    "fillingDate": "1999-05-14",
    "acceptedDate": "1999-05-14 00:00:00",
    "calendarYear": "1999",
    "period": "Q1",
    "revenue": 42800000,
    "costOfRevenue": 5300000,
    "grossProfit": 37500000,
    "grossProfitRatio": 0.8761682243,
    "researchAndDevelopmentExpenses": 2200000,
    "generalAndAdministrativeExpenses": 0,
    "sellingAndMarketingExpenses": 0,
    "sellingGeneralAndAdministrativeExpenses": 24600000,
    "otherExpenses": 10700000,
    "operatingExpenses": 37500000,
    "costAndExpenses": 42800000,
    "interestIncome": 0,
    "interestExpense": 0,
    "depreciationAndAmortization": 3000000,
    "ebitda": 10700000,
    "ebitdaratio": 0.25,
    "operatingIncome": 7700000,
    "operatingIncomeRatio": 0.1799065421,
    "totalOtherIncomeExpensesNet": 400000,
    "incomeBeforeTax": 8100000,
    "incomeBeforeTaxRatio": 0.1892523364,
    "incomeTaxExpense": 4300000,
    "netIncome": 3800000,
    "netIncomeRatio": 0.0887850467,
    "eps": 0.0038,
    "epsdiluted": 0.0028,
    "weightedAverageShsOut": 1562904000,
    "weightedAverageShsOutDil": 2117232000,
    "link": "https://www.sec.gov/Archives/edgar/data/1065088/000101287099001558/0001012870-99-001558-index.html",
    "finalLink": "https://www.sec.gov/Archives/edgar/data/1065088/"
  },
  {
    "date": "1998-12-31",
    "symbol": "EBAY",
    "reportedCurrency": "USD",
    "cik": "0001065088",
    "fillingDate": "1999-03-29",
    "acceptedDate": "1999-03-29 00:00:00",
    "calendarYear": "1998",
    "period": "Q4",
    "revenue": 19500000,
    "costOfRevenue": 1800000,
    "grossProfit": 17700000,
    "grossProfitRatio": 0.9076923077,
    "researchAndDevelopmentExpenses": 1500000,
    "generalAndAdministrativeExpenses": 0,
    "sellingAndMarketingExpenses": 0,
    "sellingGeneralAndAdministrativeExpenses": 12500000,
    "otherExpenses": 3700000,
    "operatingExpenses": 17700000,
    "costAndExpenses": 19500000,
    "interestIncome": 0,
    "interestExpense": 0,
    "depreciationAndAmortization": 2100000,
    "ebitda": 3700000,
    "ebitdaratio": 0.1897435897,
    "operatingIncome": 1600000,
    "operatingIncomeRatio": 0.0820512821,
    "totalOtherIncomeExpensesNet": 1100000,
    "incomeBeforeTax": 2700000,
    "incomeBeforeTaxRatio": 0.1384615385,
    "incomeTaxExpense": 1200000,
    "netIncome": 1500000,
    "netIncomeRatio": 0.0769230769,
    "eps": 0.001,
    "epsdiluted": 0.001,
    "weightedAverageShsOut": 1520752000,
    "weightedAverageShsOutDil": 1520752000,
    "link": "https://www.sec.gov/Archives/edgar/data/1065088/000101287099000878/0001012870-99-000878-index.html",
    "finalLink": "https://www.sec.gov/Archives/edgar/data/1065088/"
  },
  {
    "date": "1998-09-30",
    "symbol": "EBAY",
    "reportedCurrency": "USD",
    "cik": "0001065088",
    "fillingDate": "1998-11-13",
    "acceptedDate": "1998-11-13 00:00:00",
    "calendarYear": "1998",
    "period": "Q3",
    "revenue": 21700000,
    "costOfRevenue": 3300000,
    "grossProfit": 18400000,
    "grossProfitRatio": 0.8479262673,
    "researchAndDevelopmentExpenses": 1500000,
    "generalAndAdministrativeExpenses": 0,
    "sellingAndMarketingExpenses": 0,
    "sellingGeneralAndAdministrativeExpenses": 13600000,
    "otherExpenses": 3300000,
    "operatingExpenses": 18400000,
    "costAndExpenses": 21700000,
    "interestIncome": 0,
    "interestExpense": 0,
    "depreciationAndAmortization": -500000,
    "ebitda": 3300000,
    "ebitdaratio": 0.1520737327,
    "operatingIncome": 1900000,
    "operatingIncomeRatio": 0.0875576037,
    "totalOtherIncomeExpensesNet": -200000,
    "incomeBeforeTax": 1700000,
    "incomeBeforeTaxRatio": 0.0783410138,
    "incomeTaxExpense": 1200000,
    "netIncome": 500000,
    "netIncomeRatio": 0.0230414747,
    "eps": 0.0007,
    "epsdiluted": 0.0007,
    "weightedAverageShsOut": 967304000,
    "weightedAverageShsOutDil": 967304000,
    "link": "https://www.sec.gov/Archives/edgar/data/1065088/000101287098002896/0001012870-98-002896-index.html",
    "finalLink": "https://www.sec.gov/Archives/edgar/data/1065088/"
  },
  {
    "date": "1998-06-30",
    "symbol": "EBAY",
    "reportedCurrency": "USD",
    "cik": "0001065088",
    "fillingDate": "1998-06-30",
    "acceptedDate": "1998-06-29 20:00:00",
    "calendarYear": "1998",
    "period": "Q2",
    "revenue": 19500000,
    "costOfRevenue": 1300000,
    "grossProfit": 18200000,
    "grossProfitRatio": 0.9333333333,
    "researchAndDevelopmentExpenses": 1000000,
    "generalAndAdministrativeExpenses": 0,
    "sellingAndMarketingExpenses": 0,
    "sellingGeneralAndAdministrativeExpenses": 10800000,
    "otherExpenses": 6400000,
    "operatingExpenses": 18200000,
    "costAndExpenses": 19500000,
    "interestIncome": 0,
    "interestExpense": 0,
    "depreciationAndAmortization": 2200000,
    "ebitda": 6400000,
    "ebitdaratio": 0.3282051282,
    "operatingIncome": 4200000,
    "operatingIncomeRatio": 0.2153846154,
    "totalOtherIncomeExpensesNet": -500000,
    "incomeBeforeTax": 3700000,
    "incomeBeforeTaxRatio": 0.1897435897,
    "incomeTaxExpense": 1000000,
    "netIncome": 2700000,
    "netIncomeRatio": 0.1384615385,
    "eps": 0.0001,
    "epsdiluted": 0.0001,
    "weightedAverageShsOut": 967304000,
    "weightedAverageShsOutDil": 967304000,
    "link": "",
    "finalLink": ""
  },
  {
    "date": "1998-03-31",
    "symbol": "EBAY",
    "reportedCurrency": "USD",
    "cik": "0001065088",
    "fillingDate": "1998-06-28",
    "acceptedDate": "1998-06-29 00:00:00",
    "calendarYear": "1998",
    "period": "Q1",
    "revenue": 25400000,
    "costOfRevenue": 3300000,
    "grossProfit": 22100000,
    "grossProfitRatio": 0.8700787402,
    "researchAndDevelopmentExpenses": 600000,
    "generalAndAdministrativeExpenses": 0,
    "sellingAndMarketingExpenses": 0,
    "sellingGeneralAndAdministrativeExpenses": 14900000,
    "otherExpenses": 6600000,
    "operatingExpenses": 22100000,
    "costAndExpenses": 25400000,
    "interestIncome": 0,
    "interestExpense": 0,
    "depreciationAndAmortization": 3400000,
    "ebitda": 6600000,
    "ebitdaratio": 0.2598425197,
    "operatingIncome": 5100000,
    "operatingIncomeRatio": 0.2007874016,
    "totalOtherIncomeExpensesNet": -1100000,
    "incomeBeforeTax": 4000000,
    "incomeBeforeTaxRatio": 0.157480315,
    "incomeTaxExpense": 1400000,
    "netIncome": 2600000,
    "netIncomeRatio": 0.1023622047,
    "eps": 0.003999999999999999,
    "epsdiluted": 0.0006999999999999999,
    "weightedAverageShsOut": 967304000,
    "weightedAverageShsOutDil": 967304000,
    "link": null,
    "finalLink": null
  }
]