[
  {
    "date": "2024-12-31",
    "symbol": "EBAY",
    "reportedCurrency": "USD",
    "cik": "0001065088",
    "fillingDate": "2025-02-27",
    "acceptedDate": "2025-02-27 16:06:24",
    "calendarYear": "2024",
    "period": "FY",
    "revenue": 10283000000,
    "costOfRevenue": 2880000000,
    "grossProfit": 7403000000,
    "grossProfitRatio": 0.7199260916,
    "researchAndDevelopmentExpenses": 1479000000,
    "generalAndAdministrativeExpenses": 914000000,
    "sellingAndMarketingExpenses": 2319000000,
    "sellingGeneralAndAdministrativeExpenses": 3233000000,
    "otherExpenses": 373000000,
    "operatingExpenses": 5085000000,
    "costAndExpenses": 7965000000,
    "interestIncome": 272000000,
    "interestExpense": 259000000,
    "depreciationAndAmortization": 324000000,
    "ebitda": 2861000000,
    "ebitdaratio": 0.2782261986,
    "operatingIncome": 2318000000,
    "operatingIncomeRatio": 0.2254205971,
    "totalOtherIncomeExpensesNet": -40000000,
    "incomeBeforeTax": 2278000000,
    "incomeBeforeTaxRatio": 0.2215306817,
    "incomeTaxExpense": 297000000,
    "netIncome": 1975000000,
    "netIncomeRatio": 0.1920645726,
    "eps": 3.98,
    "epsdiluted": 3.94,
    "weightedAverageShsOut": 496000000,
    "weightedAverageShsOutDil": 501000000,
    "link": "https://www.sec.gov/Archives/edgar/data/1065088/000106508825000037/0001065088-25-000037-index.htm",
    "finalLink": "https://www.sec.gov/Archives/edgar/data/1065088/000106508825000037/ebay-20241231.htm"
  },
  {
    "date": "2023-12-31",
    "symbol": "EBAY",
    "reportedCurrency": "USD",
    "cik": "0001065088",
    "fillingDate": "2024-05-29",
    "acceptedDate": "2024-05-28 18:45:03",
    "calendarYear": "2023",
    "period": "FY",
    "revenue": 10112000000,
    "costOfRevenue": 2833000000,
    "grossProfit": 7279000000,
    "grossProfitRatio": 0.7198378165,
    "researchAndDevelopmentExpenses": 1544000000,
    "generalAndAdministrativeExpenses": 1196000000,
    "sellingAndMarketingExpenses": 2217000000,
    "sellingGeneralAndAdministrativeExpenses": 3413000000,
    "otherExpenses": 381000000,
    "operatingExpenses": 5338000000,
    "costAndExpenses": 8171000000,
    "interestIncome": 204000000,
    "interestExpense": 263000000,
    "depreciationAndAmortization": 403000000,
    "ebitda": 4373000000,
    "ebitdaratio": 0.4324564873,
    "operatingIncome": 1941000000,
    "operatingIncomeRatio": 0.1919501582,
    "totalOtherIncomeExpensesNet": 1766000000,
    "incomeBeforeTax": 3707000000,
    "incomeBeforeTaxRatio": 0.3665941456,
    "incomeTaxExpense": 932000000,
    "netIncome": 2767000000,
    "netIncomeRatio": 0.2736352848,
    "eps": 5.22,
    "epsdiluted": 5.19,
    "weightedAverageShsOut": 530000000,
    "weightedAverageShsOutDil": 533000000,
    "link": "https://www.sec.gov/Archives/edgar/data/1065088/000106508824000094/0001065088-24-000094-index.htm",
    "finalLink": "https://www.sec.gov/Archives/edgar/data/1065088/000106508824000094/ebay-20231231.htm"
  },
  {
    "date": "2022-12-31",
    "symbol": "EBAY",
    "reportedCurrency": "USD",
    "cik": "0001065088",
    "fillingDate": "2023-05-12",
    "acceptedDate": "2023-05-12 16:58:53",
    "calendarYear": "2022",
    "period": "FY",
    "revenue": 9795000000,
    "costOfRevenue": 2680000000,
    "grossProfit": 7115000000,
    "grossProfitRatio": 0.7263910158,
    "researchAndDevelopmentExpenses": 1330000000,
    "generalAndAdministrativeExpenses": 963000000,
    "sellingAndMarketingExpenses": 2136000000,
    "sellingGeneralAndAdministrativeExpenses": 3099000000,
    "otherExpenses": 336000000,
    "operatingExpenses": 4765000000,
    "costAndExpenses": 7445000000,
    "interestIncome": 73000000,
    "interestExpense": 235000000,
    "depreciationAndAmortization": 442000000,
    "ebitda": -924000000,
    "ebitdaratio": -0.0943338438,
    "operatingIncome": 2350000000,
    "operatingIncomeRatio": 0.2399183257,
    "totalOtherIncomeExpensesNet": -3951000000,
    "incomeBeforeTax": -1601000000,
    "incomeBeforeTaxRatio": -0.1634507402,
    "incomeTaxExpense": -327000000,
    "netIncome": -1269000000,
    "netIncomeRatio": -0.1295558959,
    "eps": -2.28,
    "epsdiluted": -2.28,
    "weightedAverageShsOut": 558000000,
    "weightedAverageShsOutDil": 558000000,
    "link": "https://www.sec.gov/Archives/edgar/data/1065088/000106508823000015/0001065088-23-000015-index.htm",
    "finalLink": "https://www.sec.gov/Archives/edgar/data/1065088/000106508823000015/ebay-20221231.htm"
  },
  {
    "date": "2021-12-31",
    "symbol": "EBAY",
    "reportedCurrency": "USD",
    "cik": "0001065088",
    "fillingDate": "2022-02-24",
    "acceptedDate": "2022-02-24 16:21:30",
    "calendarYear": "2021",
    "period": "FY",
    "revenue": 10420000000,
    "costOfRevenue": 2650000000,
    "grossProfit": 7770000000,
    "grossProfitRatio": 0.745681382,
    "researchAndDevelopmentExpenses": 1325000000,
    "generalAndAdministrativeExpenses": 921000000,
    "sellingAndMarketingExpenses": 2170000000,
    "sellingGeneralAndAdministrativeExpenses": 3091000000,
    "otherExpenses": 431000000,
    "operatingExpenses": 4847000000,
    "costAndExpenses": 7497000000,
    "interestIncome": 19000000,
    "interestExpense": 269000000,
    "depreciationAndAmortization": 502000000,
    "ebitda": 1169000000,
    "ebitdaratio": 0.1121880998,
    "operatingIncome": 2923000000,
    "operatingIncomeRatio": 0.2805182342,
    "totalOtherIncomeExpensesNet": -2525000000,
    "incomeBeforeTax": 398000000,
    "incomeBeforeTaxRatio": 0.0381957774,
    "incomeTaxExpense": 146000000,
    "netIncome": 13608000000,
    "netIncomeRatio": 1.305950096,
    "eps": 20.87,
    "epsdiluted": 20.87,
    "weightedAverageShsOut": 652000000,
    "weightedAverageShsOutDil": 652000000,
    "link": "https://www.sec.gov/Archives/edgar/data/1065088/000106508822000006/0001065088-22-000006-index.htm",
    "finalLink": "https://www.sec.gov/Archives/edgar/data/1065088/000106508822000006/ebay-20211231.htm"
  },
  {
    "date": "2020-12-31",
    "symbol": "EBAY",
    "reportedCurrency": "USD",
    "cik": "0001065088",
    "fillingDate": "2021-02-04",
    "acceptedDate": "2021-02-04 16:15:53",
    "calendarYear": "2020",
    "period": "FY",
    "revenue": 8894000000,
    "costOfRevenue": 1797000000,
    "grossProfit": 7097000000,
    "grossProfitRatio": 0.7979536766,
    "researchAndDevelopmentExpenses": 1028000000,
    "generalAndAdministrativeExpenses": 985000000,
    "sellingAndMarketingExpenses": 2091000000,
    "sellingGeneralAndAdministrativeExpenses": 3076000000,
    "otherExpenses": 357000000,
    "operatingExpenses": 4461000000,
    "costAndExpenses": 6258000000,
    "interestIncome": 38000000,
    "interestExpense": 304000000,
    "depreciationAndAmortization": 583000000,
    "ebitda": 4232000000,
    "ebitdaratio": 0.4758263998,
    "operatingIncome": 2636000000,
    "operatingIncomeRatio": 0.2963795817,
    "totalOtherIncomeExpensesNet": 709000000,
    "incomeBeforeTax": 3345000000,
    "incomeBeforeTaxRatio": 0.3760962447,
    "incomeTaxExpense": 858000000,
    "netIncome": 5667000000,
    "netIncomeRatio": 0.6371711266,
    "eps": 7.98,
    "epsdiluted": 7.89,
    "weightedAverageShsOut": 710000000,
    "weightedAverageShsOutDil": 718000000,
    "link": "https://www.sec.gov/Archives/edgar/data/1065088/000106508821000006/0001065088-21-000006-index.htm",
    "finalLink": "https://www.sec.gov/Archives/edgar/data/1065088/000106508821000006/ebay-20201231.htm"
  },
  {
    "date": "2019-12-31",
    "symbol": "EBAY",
    "reportedCurrency": "USD",
    "cik": "0001065088",
    "fillingDate": "2020-01-31",
    "acceptedDate": "2020-01-31 16:53:51",
    "calendarYear": "2019",
    "period": "FY",
    "revenue": 7429000000,
    "costOfRevenue": 1585000000,
    "grossProfit": 5844000000,
    "grossProfitRatio": 0.7866469242,
    "researchAndDevelopmentExpenses": 930000000,
    "generalAndAdministrativeExpenses": 988000000,
    "sellingAndMarketingExpenses": 1866000000,
    "sellingGeneralAndAdministrativeExpenses": 2854000000,
    "otherExpenses": 290000000,
    "operatingExpenses": 4074000000,
    "costAndExpenses": 5659000000,
    "interestIncome": 112000000,
    "interestExpense": 311000000,
    "depreciationAndAmortization": 600000000,
    "ebitda": 2563000000,
    "ebitdaratio": 0.344999327,
    "operatingIncome": 1770000000,
    "operatingIncomeRatio": 0.2382554853,
    "totalOtherIncomeExpensesNet": -118000000,
    "incomeBeforeTax": 1652000000,
    "incomeBeforeTaxRatio": 0.2223717862,
    "incomeTaxExpense": 219000000,
    "netIncome": 1786000000,
    "netIncomeRatio": 0.2404092072,
    "eps": 2.1,
    "epsdiluted": 2.09,
    "weightedAverageShsOut": 849000000,
    "weightedAverageShsOutDil": 856000000,
    "link": "https://www.sec.gov/Archives/edgar/data/1065088/000106508820000006/0001065088-20-000006-index.htm",
    "finalLink": "https://www.sec.gov/Archives/edgar/data/1065088/000106508820000006/ebay201910-k.htm"
  },
  {
    "date": "2018-12-31",
    "symbol": "EBAY",
    "reportedCurrency": "USD",
    "cik": "0001065088",
    "fillingDate": "2019-01-30",
    "acceptedDate": "2019-01-30 17:31:09",
    "calendarYear": "2018",
    "period": "FY",
    "revenue": 8650000000,
    "costOfRevenue": 2023000000,
    "grossProfit": 6627000000,
    "grossProfitRatio": 0.7661271676,
    "researchAndDevelopmentExpenses": 1051000000,
    "generalAndAdministrativeExpenses": 979000000,
    "sellingAndMarketingExpenses": 2576000000,
    "sellingGeneralAndAdministrativeExpenses": 3555000000,
    "otherExpenses": 269000000,
    "operatingExpenses": 4875000000,
    "costAndExpenses": 6898000000,
    "interestIncome": 176000000,
    "interestExpense": 342000000,
    "depreciationAndAmortization": 635000000,
    "ebitda": 3226000000,
    "ebitdaratio": 0.3729479769,
    "operatingIncome": 1752000000,
    "operatingIncomeRatio": 0.2025433526,
    "totalOtherIncomeExpensesNet": 497000000,
    "incomeBeforeTax": 2249000000,
    "incomeBeforeTaxRatio": 0.26,
    "incomeTaxExpense": 121000000,
    "netIncome": 2530000000,
    "netIncomeRatio": 0.2924855491,
    "eps": 2.58,
    "epsdiluted": 2.55,
    "weightedAverageShsOut": 980000000,
    "weightedAverageShsOutDil": 991000000,
    "link": "https://www.sec.gov/Archives/edgar/data/1065088/000106508819000006/0001065088-19-000006-index.htm",
    "finalLink": "https://www.sec.gov/Archives/edgar/data/1065088/000106508819000006/ebay201810-k.htm"
  },
  {
    "date": "2017-12-31",
    "symbol": "EBAY",
    "reportedCurrency": "USD",
    "cik": "0001065088",
    "fillingDate": "2018-02-05",
    "acceptedDate": "2018-02-05 08:57:23",
    "calendarYear": "2017",
    "period": "FY",
    "revenue": 9927000000,
    "costOfRevenue": 2221000000,
    "grossProfit": 7706000000,
    "grossProfitRatio": 0.7762667473,
    "researchAndDevelopmentExpenses": 1224000000,
    "generalAndAdministrativeExpenses": 1030000000,
    "sellingAndMarketingExpenses": 2878000000,
    "sellingGeneralAndAdministrativeExpenses": 3908000000,
    "otherExpenses": 310000000,
    "operatingExpenses": 5442000000,
    "costAndExpenses": 7663000000,
    "interestIncome": 177000000,
    "interestExpense": 292000000,
    "depreciationAndAmortization": 676000000,
    "ebitda": 3243000000,
    "ebitdaratio": 0.326684799,
    "operatingIncome": 2264000000,
    "operatingIncomeRatio": 0.2280648736,
    "totalOtherIncomeExpensesNet": 11000000,
    "incomeBeforeTax": 2275000000,
    "incomeBeforeTaxRatio": 0.2291729626,
    "incomeTaxExpense": 3288000000,
    "netIncome": -1017000000,
    "netIncomeRatio": -0.1024478694,
    "eps": -0.95,
    "epsdiluted": -0.95,
    "weightedAverageShsOut": 1064000000,
    "weightedAverageShsOutDil": 1064000000,
    "link": "https://www.sec.gov/Archives/edgar/data/1065088/000106508818000009/0001065088-18-000009-index.htm",
    "finalLink": "https://www.sec.gov/Archives/edgar/data/1065088/000106508818000009/ebay201710-k.htm"
  },
  {
    "date": "2016-12-31",
    "symbol": "EBAY",
    "reportedCurrency": "USD",
    "cik": "0001065088",
    "fillingDate": "2017-02-06",
    "acceptedDate": "2017-02-06 17:09:13",
    "calendarYear": "2016",
    "period": "FY",
    "revenue": 9298000000,
    "costOfRevenue": 2004000000,
    "grossProfit": 7294000000,
    "grossProfitRatio": 0.7844697784,
    "researchAndDevelopmentExpenses": 1114000000,
    "generalAndAdministrativeExpenses": 899000000,
    "sellingAndMarketingExpenses": 2691000000,
    "sellingGeneralAndAdministrativeExpenses": 3590000000,
    "otherExpenses": 265000000,
    "operatingExpenses": 4969000000,
    "costAndExpenses": 6973000000,
    "interestIncome": 125000000,
    "interestExpense": 225000000,
    "depreciationAndAmortization": 682000000,
    "ebitda": 4558000000,
    "ebitdaratio": 0.490212949,
    "operatingIncome": 2325000000,
    "operatingIncomeRatio": 0.250053775,
    "totalOtherIncomeExpensesNet": 1326000000,
    "incomeBeforeTax": 3651000000,
    "incomeBeforeTaxRatio": 0.3926650893,
    "incomeTaxExpense": -3634000000,
    "netIncome": 7266000000,
    "netIncomeRatio": 0.7814583781,
    "eps": 6.41,
    "epsdiluted": 6.35,
    "weightedAverageShsOut": 1133000000,
    "weightedAverageShsOutDil": 1144000000,
    "link": "https://www.sec.gov/Archives/edgar/data/1065088/000106508817000007/0001065088-17-000007-index.htm",
    "finalLink": "https://www.sec.gov/Archives/edgar/data/1065088/000106508817000007/ebay201610-k.htm"
  },
  {
    "date": "2015-12-31",
    "symbol": "EBAY",
    "reportedCurrency": "USD",
    "cik": "0001065088",
    "fillingDate": "2016-02-01",
    "acceptedDate": "2016-02-01 17:30:13",
    "calendarYear": "2015",
    "period": "FY",
    "revenue": 8592000000,
    "costOfRevenue": 1771000000,
    "grossProfit": 6821000000,
    "grossProfitRatio": 0.7938780261,
    "researchAndDevelopmentExpenses": 923000000,
    "generalAndAdministrativeExpenses": 1122000000,
    "sellingAndMarketingExpenses": 2267000000,
    "sellingGeneralAndAdministrativeExpenses": 3389000000,
    "otherExpenses": 312000000,
    "operatingExpenses": 4624000000,
    "costAndExpenses": 6395000000,
    "interestIncome": 97000000,
    "interestExpense": 144000000,
    "depreciationAndAmortization": 687000000,
    "ebitda": 3237000000,
    "ebitdaratio": 0.3767458101,
    "operatingIncome": 2197000000,
    "operatingIncomeRatio": 0.2557029795,
    "totalOtherIncomeExpensesNet": 209000000,
    "incomeBeforeTax": 2406000000,
    "incomeBeforeTaxRatio": 0.280027933,
    "incomeTaxExpense": 459000000,
    "netIncome": 1725000000,
    "netIncomeRatio": 0.2007681564,
    "eps": 1.43,
    "epsdiluted": 1.42,
    "weightedAverageShsOut": 1208000000,
    "weightedAverageShsOutDil": 1220000000,
    "link": "https://www.sec.gov/Archives/edgar/data/1065088/000106508816000265/0001065088-16-000265-index.htm",
    "finalLink": "https://www.sec.gov/Archives/edgar/data/1065088/000106508816000265/ebay201510-k.htm"
  },
  {
    "date": "2014-12-31",
    "symbol": "EBAY",
    "reportedCurrency": "USD",
    "cik": "0001065088",
    "fillingDate": "2015-02-06",
    "acceptedDate": "2015-02-05 19:54:38",
    "calendarYear": "2014",
    "period": "FY",
    "revenue": 8790000000,
    "costOfRevenue": 1663000000,
    "grossProfit": 7127000000,
    "grossProfitRatio": 0.8108077361,
    "researchAndDevelopmentExpenses": 983000000,
    "generalAndAdministrativeExpenses": 889000000,
    "sellingAndMarketingExpenses": 2442000000,
    "sellingGeneralAndAdministrativeExpenses": 3331000000,
    "otherExpenses": 337000000,
    "operatingExpenses": 4651000000,
    "costAndExpenses": 6314000000,
    "interestIncome": 125000000,
    "interestExpense": 109000000,
    "depreciationAndAmortization": 682000000,
    "ebitda": 3306000000,
    "ebitdaratio": 0.376109215,
    "operatingIncome": 2476000000,
    "operatingIncomeRatio": 0.2816837315,
    "totalOtherIncomeExpensesNet": 39000000,
    "incomeBeforeTax": 2515000000,
    "incomeBeforeTaxRatio": 0.2861205916,
    "incomeTaxExpense": 3380000000,
    "netIncome": 46000000,
    "netIncomeRatio": 0.0052332196,
    "eps": 0.0368,
    "epsdiluted": 0.0368,
    "weightedAverageShsOut": 1251000000,
    "weightedAverageShsOutDil": 1251000000,
    "link": "https://www.sec.gov/Archives/edgar/data/1065088/000106508815000054/0001065088-15-000054-index.htm",
    "finalLink": "https://www.sec.gov/Archives/edgar/data/1065088/000106508815000054/ebay201410-k.htm"
  },
  {
    "date": "2013-12-31",
    "symbol": "EBAY",
    "reportedCurrency": "USD",
    "cik": "0001065088",
    "fillingDate": "2014-01-31",
    "acceptedDate": "2014-01-31 16:06:53",
    "calendarYear": "2013",
    "period": "FY",
    "revenue": 8257000000,
    "costOfRevenue": 1492000000,
    "grossProfit": 6765000000,
    "grossProfitRatio": 0.8193048323,
    "researchAndDevelopmentExpenses": 915000000,
    "generalAndAdministrativeExpenses": 880000000,
    "sellingAndMarketingExpenses": 2144000000,
    "sellingGeneralAndAdministrativeExpenses": 3024000000,
    "otherExpenses": 372000000,
    "operatingExpenses": 4311000000,
    "costAndExpenses": 5803000000,
    "interestIncome": 102000000,
    "interestExpense": 95000000,
    "depreciationAndAmortization": 660000000,
    "ebitda": 3326000000,
    "ebitdaratio": 0.4028097372,
    "operatingIncome": 2454000000,
    "operatingIncomeRatio": 0.2972023737,
    "totalOtherIncomeExpensesNet": 117000000,
    "incomeBeforeTax": 2571000000,
    "incomeBeforeTaxRatio": 0.3113721691,
    "incomeTaxExpense": 504000000,
    "netIncome": 2856000000,
    "netIncomeRatio": 0.3458883372,
    "eps": 2.2,
    "epsdiluted": 2.18,
    "weightedAverageShsOut": 1295000000,
    "weightedAverageShsOutDil": 1313000000,
    "link": "https://www.sec.gov/Archives/edgar/data/1065088/000106508814000010/0001065088-14-000010-index.htm",
    "finalLink": "https://www.sec.gov/Archives/edgar/data/1065088/000106508814000010/ebay201310-k.htm"
  },
  {
    "date": "2012-12-31",
    "symbol": "EBAY",
    "reportedCurrency": "USD",
    "cik": "0001065088",
    "fillingDate": "2013-02-01",
    "acceptedDate": "2013-01-31 20:09:24",
    "calendarYear": "2012",
    "period": "FY",
    "revenue": 14072000000,
    "costOfRevenue": 4216000000,
    "grossProfit": 9856000000,
    "grossProfitRatio": 0.7003979534,
    "researchAndDevelopmentExpenses": 1573000000,
    "generalAndAdministrativeExpenses": 1567000000,
    "sellingAndMarketingExpenses": 2913000000,
    "sellingGeneralAndAdministrativeExpenses": 4480000000,
    "otherExpenses": 915000000,
    "operatingExpenses": 6968000000,
    "costAndExpenses": 11184000000,
    "interestIncome": 134000000,
    "interestExpense": 63000000,
    "depreciationAndAmortization": 1200000000,
    "ebitda": 4347000000,
    "ebitdaratio": 0.3089113132,
    "operatingIncome": 2888000000,
    "operatingIncomeRatio": 0.2052302445,
    "totalOtherIncomeExpensesNet": 196000000,
    "incomeBeforeTax": 3084000000,
    "incomeBeforeTaxRatio": 0.2191586128,
    "incomeTaxExpense": 475000000,
    "netIncome": 2609000000,
    "netIncomeRatio": 0.1854036384,
    "eps": 2.02,
    "epsdiluted": 1.99,
    "weightedAverageShsOut": 1292000000,
    "weightedAverageShsOutDil": 1313000000,
    "link": "https://www.sec.gov/Archives/edgar/data/1065088/000106508813000004/0001065088-13-000004-index.htm",
    "finalLink": "https://www.sec.gov/Archives/edgar/data/1065088/000106508813000004/ebay2012_10k.htm"
  },
  {
    "date": "2011-12-31",
    "symbol": "EBAY",
    "reportedCurrency": "USD",
    "cik": "0001065088",
    "fillingDate": "2012-01-31",
    "acceptedDate": "2012-01-30 20:50:48",
    "calendarYear": "2011",
    "period": "FY",
    "revenue": 11652000000,
    "costOfRevenue": 3461000000,
    "grossProfit": 8191000000,
    "grossProfitRatio": 0.7029694473,
    "researchAndDevelopmentExpenses": 1235000000,
    "generalAndAdministrativeExpenses": 1364000000,
    "sellingAndMarketingExpenses": 2435000000,
    "sellingGeneralAndAdministrativeExpenses": 3799000000,
    "otherExpenses": 784000000,
    "operatingExpenses": 5818000000,
    "costAndExpenses": 9279000000,
    "interestIncome": 111000000,
    "interestExpense": 25000000,
    "depreciationAndAmortization": 940000000,
    "ebitda": 4875000000,
    "ebitdaratio": 0.4183831102,
    "operatingIncome": 2373000000,
    "operatingIncomeRatio": 0.2036560247,
    "totalOtherIncomeExpensesNet": 1537000000,
    "incomeBeforeTax": 3910000000,
    "incomeBeforeTaxRatio": 0.3355647099,
    "incomeTaxExpense": 681000000,
    "netIncome": 3229000000,
    "netIncomeRatio": 0.2771198078,
    "eps": 2.5,
    "epsdiluted": 2.46,
    "weightedAverageShsOut": 1293000000,
    "weightedAverageShsOutDil": 1313000000,
    "link": "https://www.sec.gov/Archives/edgar/data/1065088/000106508812000006/0001065088-12-000006-index.htm",
    "finalLink": "https://www.sec.gov/Archives/edgar/data/1065088/000106508812000006/ebay2011q4_10k.htm"
  },
  {
    "date": "2010-12-31",
    "symbol": "EBAY",
    "reportedCurrency": "USD",
    "cik": "0001065088",
    "fillingDate": "2011-01-28",
    "acceptedDate": "2011-01-28 17:31:10",
    "calendarYear": "2010",
    "period": "FY",
    "revenue": 9156000000,
    "costOfRevenue": 2564000000,
    "grossProfit": 6592000000,
    "grossProfitRatio": 0.7199650502,
    "researchAndDevelopmentExpenses": 908000000,
    "generalAndAdministrativeExpenses": 1101000000,
    "sellingAndMarketingExpenses": 1947000000,
    "sellingGeneralAndAdministrativeExpenses": 3048000000,
    "otherExpenses": 582000000,
    "operatingExpenses": 4538000000,
    "costAndExpenses": 7102000000,
    "interestIncome": 86000000,
    "interestExpense": 4000000,
    "depreciationAndAmortization": 762000000,
    "ebitda": 2864000000,
    "ebitdaratio": 0.3128003495,
    "operatingIncome": 2054000000,
    "operatingIncomeRatio": 0.2243337702,
    "totalOtherIncomeExpensesNet": 44000000,
    "incomeBeforeTax": 2098000000,
    "incomeBeforeTaxRatio": 0.2291393622,
    "incomeTaxExpense": 297000000,
    "netIncome": 1801000000,
    "netIncomeRatio": 0.1967016164,
    "eps": 1.38,
    "epsdiluted": 1.36,
    "weightedAverageShsOut": 1306000000,
    "weightedAverageShsOutDil": 1327000000,
    "link": "https://www.sec.gov/Archives/edgar/data/1065088/000106508811000003/0001065088-11-000003-index.htm",
    "finalLink": "https://www.sec.gov/Archives/edgar/data/1065088/000106508811000003/ebay10k20101231.htm"
  },
  {
    "date": "2009-12-31",
    "symbol": "EBAY",
    "reportedCurrency": "USD",
    "cik": "0001065088",
    "fillingDate": "2010-02-17",
    "acceptedDate": "2010-02-17 17:20:56",
    "calendarYear": "2009",
    "period": "FY",
    "revenue": 8727362000,
    "costOfRevenue": 2479762000,
    "grossProfit": 6247600000,
    "grossProfitRatio": 0.7158635106,
    "researchAndDevelopmentExpenses": 803070000,
    "generalAndAdministrativeExpenses": 1418389000,
    "sellingAndMarketingExpenses": 1885677000,
    "sellingGeneralAndAdministrativeExpenses": 3304066000,
    "otherExpenses": 2140464000,
    "operatingExpenses": 6247600000,
    "costAndExpenses": 8727362000,
    "interestIncome": 0,
    "interestExpense": 0,
    "depreciationAndAmortization": 810946000,
    "ebitda": 2305899000,
    "ebitdaratio": 0.2642148911,
    "operatingIncome": 1494953000,
    "operatingIncomeRatio": 0.1712949457,
    "totalOtherIncomeExpensesNet": 1384198000,
    "incomeBeforeTax": 2879151000,
    "incomeBeforeTaxRatio": 0.3298993442,
    "incomeTaxExpense": 490054000,
    "netIncome": 2389097000,
    "netIncomeRatio": 0.2737478977,
    "eps": 1.85,
    "epsdiluted": 1.83,
    "weightedAverageShsOut": 1289848000,
    "weightedAverageShsOutDil": 1304981000,
    "link": "https://www.sec.gov/Archives/edgar/data/1065088/000119312510033324/0001193125-10-033324-index.htm",
    "finalLink": "https://www.sec.gov/Archives/edgar/data/1065088/000119312510033324/d10k.htm"
  },
  {
    "date": "2008-12-31",
    "symbol": "EBAY",
    "reportedCurrency": "USD",
    "cik": "0001065088",
    "fillingDate": "2009-02-20",
    "acceptedDate": "2009-02-19 18:24:04",
    "calendarYear": "2008",
    "period": "FY",
    "revenue": 8541261000,
    "costOfRevenue": 2228069000,
    "grossProfit": 6313192000,
    "grossProfitRatio": 0.7391405086,
    "researchAndDevelopmentExpenses": 725600000,
    "generalAndAdministrativeExpenses": 998871000,
    "sellingAndMarketingExpenses": 1881551000,
    "sellingGeneralAndAdministrativeExpenses": 2880422000,
    "otherExpenses": 2707170000,
    "operatingExpenses": 6313192000,
    "costAndExpenses": 8541261000,
    "interestIncome": 115919000,
    "interestExpense": 8037000,
    "depreciationAndAmortization": 719814000,
    "ebitda": 2844615000,
    "ebitdaratio": 0.3330439147,
    "operatingIncome": 2124801000,
    "operatingIncomeRatio": 0.248769005,
    "totalOtherIncomeExpensesNet": 58763000,
    "incomeBeforeTax": 2183564000,
    "incomeBeforeTaxRatio": 0.2556489024,
    "incomeTaxExpense": 404090000,
    "netIncome": 1779474000,
    "netIncomeRatio": 0.208338558,
    "eps": 1.37,
    "epsdiluted": 1.36,
    "weightedAverageShsOut": 1303454000,
    "weightedAverageShsOutDil": 1312608000,
    "link": "https://www.sec.gov/Archives/edgar/data/1065088/000095013409003306/0000950134-09-003306-index.htm",
    "finalLink": "https://www.sec.gov/Archives/edgar/data/1065088/000095013409003306/f50770e10vk.htm"
  },
  {
    "date": "2007-12-31",
    "symbol": "EBAY",
    "reportedCurrency": "USD",
    "cik": "0001065088",
    "fillingDate": "2008-02-29",
    "acceptedDate": "2008-02-28 20:39:58",
    "calendarYear": "2007",
    "period": "FY",
    "revenue": 7672329000,
    "costOfRevenue": 1762972000,
    "grossProfit": 5909357000,
    "grossProfitRatio": 0.7702168403,
    "researchAndDevelopmentExpenses": 619727000,
    "generalAndAdministrativeExpenses": 0,
    "sellingAndMarketingExpenses": 0,
    "sellingGeneralAndAdministrativeExpenses": 3081408000,
    "otherExpenses": 2208222000,
    "operatingExpenses": 5909357000,
    "costAndExpenses": 7672329000,
    "interestIncome": 0,
    "interestExpense": 0,
    "depreciationAndAmortization": 601707000,
    "ebitda": 1214887000,
    "ebitdaratio": 0.1583465725,
    "operatingIncome": 613180000,
    "operatingIncomeRatio": 0.0799209731,
    "totalOtherIncomeExpensesNet": 137671000,
    "incomeBeforeTax": 750851000,
    "incomeBeforeTaxRatio": 0.0978648074,
    "incomeTaxExpense": 402600000,
    "netIncome": 348251000,
    "netIncomeRatio": 0.0453905196,
    "eps": 0.26,
    "epsdiluted": 0.25,
    "weightedAverageShsOut": 1358797000,
    "weightedAverageShsOutDil": 1376174000,
    "link": "https://www.sec.gov/Archives/edgar/data/1065088/000095013408003741/0000950134-08-003741-index.htm",
    "finalLink": "https://www.sec.gov/Archives/edgar/data/1065088/000095013408003741/f36571e10vk.htm"
  },
  {
    "date": "2006-12-31",
    "symbol": "EBAY",
    "reportedCurrency": "USD",
    "cik": "0001065088",
    "fillingDate": "2007-02-28",
    "acceptedDate": "2007-02-28 06:02:45",
    "calendarYear": "2006",
    "period": "FY",
    "revenue": 5969741000,
    "costOfRevenue": 1256792000,
    "grossProfit": 4712949000,
    "grossProfitRatio": 0.7894729436,
    "researchAndDevelopmentExpenses": 494693000,
    "generalAndAdministrativeExpenses": 0,
    "sellingAndMarketingExpenses": 0,
    "sellingGeneralAndAdministrativeExpenses": 2598220000,
    "otherExpenses": 1620036000,
    "operatingExpenses": 4712949000,
    "costAndExpenses": 5969741000,
    "interestIncome": 0,
    "interestExpense": 0,
    "depreciationAndAmortization": 544552000,
    "ebitda": 1967508000,
    "ebitdaratio": 0.3295801275,
    "operatingIncome": 1422956000,
    "operatingIncomeRatio": 0.2383614298,
    "totalOtherIncomeExpensesNet": 124105000,
    "incomeBeforeTax": 1547061000,
    "incomeBeforeTaxRatio": 0.2591504389,
    "incomeTaxExpense": 421418000,
    "netIncome": 1125639000,
    "netIncomeRatio": 0.1885574265,
    "eps": 0.8,
    "epsdiluted": 0.79,
    "weightedAverageShsOut": 1399251000,
    "weightedAverageShsOutDil": 1425472000,
    "link": "https://www.sec.gov/Archives/edgar/data/1065088/000095013407004291/0000950134-07-004291-index.htm",
    "finalLink": "https://www.sec.gov/Archives/edgar/data/1065088/000095013407004291/f27529e10vk.htm"
  },
  {
    "date": "2005-12-31",
    "symbol": "EBAY",
    "reportedCurrency": "USD",
    "cik": "0001065088",
    "fillingDate": "2006-02-24",
    "acceptedDate": "2006-02-23 20:30:17",
    "calendarYear": "2005",
    "period": "FY",
    "revenue": 4552401000,
    "costOfRevenue": 818104000,
    "grossProfit": 3734297000,
    "grossProfitRatio": 0.8202917537,
    "researchAndDevelopmentExpenses": 328191000,
    "generalAndAdministrativeExpenses": 0,
    "sellingAndMarketingExpenses": 0,
    "sellingGeneralAndAdministrativeExpenses": 1835458000,
    "otherExpenses": 1570648000,
    "operatingExpenses": 3734297000,
    "costAndExpenses": 4552401000,
    "interestIncome": 0,
    "interestExpense": 0,
    "depreciationAndAmortization": 378165000,
    "ebitda": 1819872000,
    "ebitdaratio": 0.3997609174,
    "operatingIncome": 1441707000,
    "operatingIncomeRatio": 0.3166915656,
    "totalOtherIncomeExpensesNet": 107670000,
    "incomeBeforeTax": 1549377000,
    "incomeBeforeTaxRatio": 0.3403428213,
    "incomeTaxExpense": 467285000,
    "netIncome": 1082043000,
    "netIncomeRatio": 0.2376862232,
    "eps": 0.79,
    "epsdiluted": 0.78,
    "weightedAverageShsOut": 1361708000,
    "weightedAverageShsOutDil": 1393875000,
    "link": "https://www.sec.gov/Archives/edgar/data/1065088/000095013406003678/0000950134-06-003678-index.htm",
    "finalLink": "https://www.sec.gov/Archives/edgar/data/1065088/000095013406003678/f17187e10vk.htm"
  },
  {
    "date": "2004-12-31",
    "symbol": "EBAY",
    "reportedCurrency": "USD",
    "cik": "0001065088",
    "fillingDate": "2005-02-28",
    "acceptedDate": "2005-02-28 06:02:53",
    "calendarYear": "2004",
    "period": "FY",
    "revenue": 3271309000,
    "costOfRevenue": 614415000,
    "grossProfit": 2656894000,
    "grossProfitRatio": 0.8121806897,
    "researchAndDevelopmentExpenses": 240647000,
    "generalAndAdministrativeExpenses": 0,
    "sellingAndMarketingExpenses": 0,
    "sellingGeneralAndAdministrativeExpenses": 1291078000,
    "otherExpenses": 1125169000,
    "operatingExpenses": 2656894000,
    "costAndExpenses": 3271309000,
    "interestIncome": 0,
    "interestExpense": 0,
    "depreciationAndAmortization": 259522000,
    "ebitda": 1318764000,
    "ebitdaratio": 0.4031303677,
    "operatingIncome": 1059242000,
    "operatingIncomeRatio": 0.3237975991,
    "totalOtherIncomeExpensesNet": 68988000,
    "incomeBeforeTax": 1128230000,
    "incomeBeforeTaxRatio": 0.3448864048,
    "incomeTaxExpense": 343885000,
    "netIncome": 778223000,
    "netIncomeRatio": 0.2378934549,
    "eps": 0.59,
    "epsdiluted": 0.57,
    "weightedAverageShsOut": 1329790000,
    "weightedAverageShsOutDil": 1354142000,
    "link": "https://www.sec.gov/Archives/edgar/data/1065088/000095013405003827/0000950134-05-003827-index.htm",
    "finalLink": "https://www.sec.gov/Archives/edgar/data/1065088/000095013405003827/f05426e10vk.htm"
  },
  {
    "date": "2003-12-31",
    "symbol": "EBAY",
    "reportedCurrency": "USD",
    "cik": "0001065088",
    "fillingDate": "2004-03-08",
    "acceptedDate": "2004-03-05 19:41:45",
    "calendarYear": "2003",
    "period": "FY",
    "revenue": 2165096000,
    "costOfRevenue": 416058000,
    "grossProfit": 1749038000,
    "grossProfitRatio": 0.8078339251,
    "researchAndDevelopmentExpenses": 159315000,
    "generalAndAdministrativeExpenses": 0,
    "sellingAndMarketingExpenses": 0,
    "sellingGeneralAndAdministrativeExpenses": 870268000,
    "otherExpenses": 719455000,
    "operatingExpenses": 1749038000,
    "costAndExpenses": 2165096000,
    "interestIncome": 0,
    "interestExpense": 0,
    "depreciationAndAmortization": 159003000,
    "ebitda": 788244000,
    "ebitdaratio": 0.364068845,
    "operatingIncome": 629241000,
    "operatingIncomeRatio": 0.2906296072,
    "totalOtherIncomeExpensesNet": 32259000,
    "incomeBeforeTax": 661500000,
    "incomeBeforeTaxRatio": 0.3055291775,
    "incomeTaxExpense": 206738000,
    "netIncome": 441771000,
    "netIncomeRatio": 0.2040422226,
    "eps": 0.35,
    "epsdiluted": 0.34,
    "weightedAverageShsOut": 1276576000,
    "weightedAverageShsOutDil": 1313314000,
    "link": "https://www.sec.gov/Archives/edgar/data/1065088/000089161804000676/0000891618-04-000676-index.htm",
    "finalLink": "https://www.sec.gov/Archives/edgar/data/1065088/000089161804000676/f96707ore10vk.htm"
  },
  {
    "date": "2002-12-31",
    "symbol": "EBAY",
    "reportedCurrency": "USD",
    "cik": "0001065088",
    "fillingDate": "2003-03-31",
    "acceptedDate": "2003-03-31 08:17:45",
    "calendarYear": "2002",
    "period": "FY",
    "revenue": 1214100000,
    "costOfRevenue": 213876000,
    "grossProfit": 1000224000,
    "grossProfitRatio": 0.8238398814,
    "researchAndDevelopmentExpenses": 104636000,
    "generalAndAdministrativeExpenses": 0,
    "sellingAndMarketingExpenses": 0,
    "sellingGeneralAndAdministrativeExpenses": 521435000,
    "otherExpenses": 374153000,
    "operatingExpenses": 1000224000,
    "costAndExpenses": 1214100000,
    "interestIncome": 0,
    "interestExpense": 0,
    "depreciationAndAmortization": 76576000,
    "ebitda": 430773000,
    "ebitdaratio": 0.3548085001,
    "operatingIncome": 354197000,
    "operatingIncomeRatio": 0.2917362655,
    "totalOtherIncomeExpensesNet": 41640000,
    "incomeBeforeTax": 395837000,
    "incomeBeforeTaxRatio": 0.3260332757,
    "incomeTaxExpense": 145946000,
    "netIncome": 249891000,
    "netIncomeRatio": 0.2058240672,
    "eps": 0.21,
    "epsdiluted": 0.21,
    "weightedAverageShsOut": 1187088000,
    "weightedAverageShsOutDil": 1200498000,
    "link": "https://www.sec.gov/Archives/edgar/data/1065088/000089161803001538/0000891618-03-001538-index.htm",
    "finalLink": "https://www.sec.gov/Archives/edgar/data/1065088/000089161803001538/f88540e10vk.htm"
  },
  {
    "date": "2001-12-31",
    "symbol": "EBAY",
    "reportedCurrency": "USD",
    "cik": "0001065088",
    "fillingDate": "2002-03-25",
    "acceptedDate": "2002-03-25 00:00:00",
    "calendarYear": "2001",
    "period": "FY",
    "revenue": 748821000,
    "costOfRevenue": 134816000,
    "grossProfit": 614005000,
    "grossProfitRatio": 0.8199623141,
    "researchAndDevelopmentExpenses": 75288000,
    "generalAndAdministrativeExpenses": 0,
    "sellingAndMarketingExpenses": 0,
    "sellingGeneralAndAdministrativeExpenses": 359258000,
    "otherExpenses": 179459000,
    "operatingExpenses": 614005000,
    "costAndExpenses": 748821000,
    "interestIncome": 0,
    "interestExpense": 0,
    "depreciationAndAmortization": 89732000,
    "ebitda": 230158000,
    "ebitdaratio": 0.307360504,
    "operatingIncome": 140426000,
    "operatingIncomeRatio": 0.187529463,
    "totalOtherIncomeExpensesNet": 22517000,
    "incomeBeforeTax": 162943000,
    "incomeBeforeTaxRatio": 0.2175993996,
    "incomeTaxExpense": 80009000,
    "netIncome": 90448000,
    "netIncomeRatio": 0.1207872108,
    "eps": 0.085,
    "epsdiluted": 0.08,
    "weightedAverageShsOut": 1075884000,
    "weightedAverageShsOutDil": 1122380000,
    "link": "https://www.sec.gov/Archives/edgar/data/1065088/000089161802001364/0000891618-02-001364-index.htm",
    "finalLink": "https://www.sec.gov/Archives/edgar/data/1065088/000089161802001364/f79949e10-k.htm"
  },
  {
    "date": "2000-12-31",
    "symbol": "EBAY",
    "reportedCurrency": "USD",
    "cik": "0001065088",
    "fillingDate": "2001-03-28",
    "acceptedDate": "2001-03-28 00:00:00",
    "calendarYear": "2000",
    "period": "FY",
    "revenue": 431424000,
    "costOfRevenue": 51695000,
    "grossProfit": 379729000,
    "grossProfitRatio": 0.8801758827,
    "researchAndDevelopmentExpenses": 55863000,
    "generalAndAdministrativeExpenses": 0,
    "sellingAndMarketingExpenses": 0,
    "sellingGeneralAndAdministrativeExpenses": 239794000,
    "otherExpenses": 84072000,
    "operatingExpenses": 379729000,
    "costAndExpenses": 431424000,
    "interestIncome": 0,
    "interestExpense": 0,
    "depreciationAndAmortization": 45191000,
    "ebitda": 81735000,
    "ebitdaratio": 0.1894539942,
    "operatingIncome": 36544000,
    "operatingIncomeRatio": 0.0847055333,
    "totalOtherIncomeExpensesNet": 44473000,
    "incomeBeforeTax": 81017000,
    "incomeBeforeTaxRatio": 0.1877897382,
    "incomeTaxExpense": 32725000,
    "netIncome": 48292000,
    "netIncomeRatio": 0.1119362854,
    "eps": 0.0475,
    "epsdiluted": 0.0425,
    "weightedAverageShsOut": 1007104000,
    "weightedAverageShsOutDil": 1121384000,
    "link": "https://www.sec.gov/Archives/edgar/data/1065088/000109581101001836/0001095811-01-001836-index.htm",
    "finalLink": "https://www.sec.gov/Archives/edgar/data/1065088/000109581101001836/f70837e10-k.txt"
  },
  {
    "date": "1999-12-31",
    "symbol": "EBAY",
    "reportedCurrency": "USD",
    "cik": "0001065088",
    "fillingDate": "2000-03-30",
    "acceptedDate": "2000-03-30 00:00:00",
    "calendarYear": "1999",
    "period": "FY",
    "revenue": 224724000,
    "costOfRevenue": 57588000,
    "grossProfit": 167136000,
    "grossProfitRatio": 0.7437389865,
    "researchAndDevelopmentExpenses": 24847000,
    "generalAndAdministrativeExpenses": 0,
    "sellingAndMarketingExpenses": 0,
    "sellingGeneralAndAdministrativeExpenses": 140158000,
    "otherExpenses": 2131000,
    "operatingExpenses": 167136000,
    "costAndExpenses": 224724000,
    "interestIncome": 0,
    "interestExpense": 0,
    "depreciationAndAmortization": 25523000,
    "ebitda": 26509000,
    "ebitdaratio": 0.1179624784,
    "operatingIncome": 986000,
    "operatingIncomeRatio": 0.0043876044,
    "totalOtherIncomeExpensesNet": 17053000,
    "incomeBeforeTax": 18039000,
    "incomeBeforeTaxRatio": 0.0802718001,
    "incomeTaxExpense": 8472000,
    "netIncome": 9567000,
    "netIncomeRatio": 0.0425722219,
    "eps": 0.005,
    "epsdiluted": 0.005,
    "weightedAverageShsOut": 1741392000,
    "weightedAverageShsOutDil": 2184264000,
    "link": "https://www.sec.gov/Archives/edgar/data/1065088/000101287000001759/0001012870-00-001759-index.html",
    "finalLink": "https://www.sec.gov/Archives/edgar/data/1065088/000101287000001759/"
  },
  {
    "date": "1998-12-31",
    "symbol": "EBAY",
    "reportedCurrency": "USD",
    "cik": "0001065088",
    "fillingDate": "1999-03-29",
    "acceptedDate": "1999-03-29 00:00:00",
    "calendarYear": "1998",
    "period": "FY",
    "revenue": 86100000,
    "costOfRevenue": 9700000,
    "grossProfit": 76400000,
    "grossProfitRatio": 0.887340302,
    "researchAndDevelopmentExpenses": 4600000,
    "generalAndAdministrativeExpenses": 0,
    "sellingAndMarketingExpenses": 0,
    "sellingGeneralAndAdministrativeExpenses": 51800000,
    "otherExpenses": 20000000,
    "operatingExpenses": 76400000,
    "costAndExpenses": 86100000,
    "interestIncome": 0,
    "interestExpense": 0,
    "depreciationAndAmortization": 7200000,
    "ebitda": 20000000,
    "ebitdaratio": 0.2322880372,
    "operatingIncome": 12800000,
    "operatingIncomeRatio": 0.1486643438,
    "totalOtherIncomeExpensesNet": -700000,
    "incomeBeforeTax": 12100000,
    "incomeBeforeTaxRatio": 0.1405342625,
    "incomeTaxExpense": 4800000,
    "netIncome": 7300000,
    "netIncomeRatio": 0.0847851336,
    "eps": 0.0058,
    "epsdiluted": 0.0025,
    "weightedAverageShsOut": 1249536000,
    "weightedAverageShsOutDil": 1249536000,
    "link": "https://www.sec.gov/Archives/edgar/data/1065088/000101287099000878/0001012870-99-000878-index.html",
    "finalLink": "https://www.sec.gov/Archives/edgar/data/1065088/"
  },
  {
    "date": "1997-12-31",
    "symbol": "EBAY",
    "reportedCurrency": "USD",
    "cik": "0001065088",
    "fillingDate": "1997-12-31",
    "acceptedDate": "1997-12-30 19:00:00",
    "calendarYear": "1997",
    "period": "FY",
    "revenue": 41400000,
    "costOfRevenue": 6900000,
    "grossProfit": 34500000,
    "grossProfitRatio": 0.8333333333,
    "researchAndDevelopmentExpenses": 800000,
    "generalAndAdministrativeExpenses": 0,
    "sellingAndMarketingExpenses": 0,
    "sellingGeneralAndAdministrativeExpenses": 22100000,
    "otherExpenses": 11600000,
    "operatingExpenses": 34500000,
    "costAndExpenses": 41400000,
    "interestIncome": 0,
    "interestExpense": 0,
    "depreciationAndAmortization": 1500000,
    "ebitda": 11600000,
    "ebitdaratio": 0.2801932367,
    "operatingIncome": 10100000,
    "operatingIncomeRatio": 0.2439613527,
    "totalOtherIncomeExpensesNet": -2000000,
    "incomeBeforeTax": 8100000,
    "incomeBeforeTaxRatio": 0.1956521739,
    "incomeTaxExpense": 1000000,
    "netIncome": 7100000,
    "netIncomeRatio": 0.1714975845,
    "eps": 0.0073,
    "epsdiluted": 0.0073,
    "weightedAverageShsOut": 967304000,
    "weightedAverageShsOutDil": 967304000,
    "link": "",
    "finalLink": ""
  }
]