[
  {
    "date": "2025-06-30",
    "symbol": "ECL",
    "reportedCurrency": "USD",
    "cik": "0000031462",
    "fillingDate": "2025-08-07",
    "acceptedDate": "2025-08-07 16:16:08",
    "calendarYear": "2025",
    "period": "Q2",
    "revenue": 4025200000,
    "costOfRevenue": 2222800000,
    "grossProfit": 1802400000,
    "grossProfitRatio": 0.4477789923,
    "researchAndDevelopmentExpenses": 0,
    "generalAndAdministrativeExpenses": 0,
    "sellingAndMarketingExpenses": 0,
    "sellingGeneralAndAdministrativeExpenses": 1067700000,
    "otherExpenses": 24600000,
    "operatingExpenses": 1092300000,
    "costAndExpenses": 3315100000,
    "interestIncome": 13000000,
    "interestExpense": 76200000,
    "depreciationAndAmortization": 241700000,
    "ebitda": 977800000,
    "ebitdaratio": 0.2429196065,
    "operatingIncome": 710100000,
    "operatingIncomeRatio": 0.1764135944,
    "totalOtherIncomeExpensesNet": -50200000,
    "incomeBeforeTax": 659900000,
    "incomeBeforeTaxRatio": 0.1639421644,
    "incomeTaxExpense": 131400000,
    "netIncome": 524200000,
    "netIncomeRatio": 0.1302295538,
    "eps": 1.85,
    "epsdiluted": 1.84,
    "weightedAverageShsOut": 283400000,
    "weightedAverageShsOutDil": 285400000,
    "link": "https://www.sec.gov/Archives/edgar/data/31462/000155837025010768/0001558370-25-010768-index.htm",
    "finalLink": "https://www.sec.gov/Archives/edgar/data/31462/000155837025010768/ecl-20250630x10q.htm"
  },
  {
    "date": "2025-03-31",
    "symbol": "ECL",
    "reportedCurrency": "USD",
    "cik": "0000031462",
    "fillingDate": "2025-05-08",
    "acceptedDate": "2025-05-08 16:08:33",
    "calendarYear": "2025",
    "period": "Q1",
    "revenue": 3695000000,
    "costOfRevenue": 2057500000,
    "grossProfit": 1637500000,
    "grossProfitRatio": 0.4431664411,
    "researchAndDevelopmentExpenses": 0,
    "generalAndAdministrativeExpenses": 0,
    "sellingAndMarketingExpenses": 0,
    "sellingGeneralAndAdministrativeExpenses": 1050700000,
    "otherExpenses": 0,
    "operatingExpenses": 1050700000,
    "costAndExpenses": 3108200000,
    "interestIncome": 14300000,
    "interestExpense": 72100000,
    "depreciationAndAmortization": 236100000,
    "ebitda": 818200000,
    "ebitdaratio": 0.2214343708,
    "operatingIncome": 586800000,
    "operatingIncomeRatio": 0.1588092016,
    "totalOtherIncomeExpensesNet": -76800000,
    "incomeBeforeTax": 510000000,
    "incomeBeforeTaxRatio": 0.1380243572,
    "incomeTaxExpense": 103500000,
    "netIncome": 402500000,
    "netIncomeRatio": 0.1089309878,
    "eps": 1.42,
    "epsdiluted": 1.41,
    "weightedAverageShsOut": 283400000,
    "weightedAverageShsOutDil": 285300000,
    "link": "https://www.sec.gov/Archives/edgar/data/31462/000155837025006969/0001558370-25-006969-index.htm",
    "finalLink": "https://www.sec.gov/Archives/edgar/data/31462/000155837025006969/ecl-20250331x10q.htm"
  },
  {
    "date": "2024-12-31",
    "symbol": "ECL",
    "reportedCurrency": "USD",
    "cik": "0000031462",
    "fillingDate": "2025-02-21",
    "acceptedDate": "2025-02-21 08:04:24",
    "calendarYear": "2024",
    "period": "Q4",
    "revenue": 4005200000,
    "costOfRevenue": 2267300000,
    "grossProfit": 1737900000,
    "grossProfitRatio": 0.4339109158,
    "researchAndDevelopmentExpenses": 207000000,
    "generalAndAdministrativeExpenses": 0,
    "sellingAndMarketingExpenses": 0,
    "sellingGeneralAndAdministrativeExpenses": 1052000000,
    "otherExpenses": -207000000,
    "operatingExpenses": 1052000000,
    "costAndExpenses": 3319300000,
    "interestIncome": 17500000,
    "interestExpense": 78700000,
    "depreciationAndAmortization": 235500000,
    "ebitda": 848500000,
    "ebitdaratio": 0.2118495955,
    "operatingIncome": 685900000,
    "operatingIncomeRatio": 0.1712523719,
    "totalOtherIncomeExpensesNet": -151600000,
    "incomeBeforeTax": 534299999,
    "incomeBeforeTaxRatio": 0.1334015777,
    "incomeTaxExpense": 54800000,
    "netIncome": 472900000,
    "netIncomeRatio": 0.118071507,
    "eps": 1.67,
    "epsdiluted": 1.66,
    "weightedAverageShsOut": 285700000,
    "weightedAverageShsOutDil": 285700000,
    "link": "https://www.sec.gov/Archives/edgar/data/31462/000155837025001263/0001558370-25-001263-index.htm",
    "finalLink": "https://www.sec.gov/Archives/edgar/data/31462/000155837025001263/ecl-20241231x10k.htm"
  },
  {
    "date": "2024-09-30",
    "symbol": "ECL",
    "reportedCurrency": "USD",
    "cik": "0000031462",
    "fillingDate": "2024-10-31",
    "acceptedDate": "2024-10-31 16:04:02",
    "calendarYear": "2024",
    "period": "Q3",
    "revenue": 3998500000,
    "costOfRevenue": 2263100000,
    "grossProfit": 1735400000,
    "grossProfitRatio": 0.4340127548,
    "researchAndDevelopmentExpenses": 0,
    "generalAndAdministrativeExpenses": 0,
    "sellingAndMarketingExpenses": 0,
    "sellingGeneralAndAdministrativeExpenses": 1028200000,
    "otherExpenses": 0,
    "operatingExpenses": 1028200000,
    "costAndExpenses": 3291300000,
    "interestIncome": 16000000,
    "interestExpense": 85900000,
    "depreciationAndAmortization": 230100000,
    "ebitda": 1303300000,
    "ebitdaratio": 0.3259472302,
    "operatingIncome": 707200000,
    "operatingIncomeRatio": 0.1768663249,
    "totalOtherIncomeExpensesNet": 280100000,
    "incomeBeforeTax": 987300000,
    "incomeBeforeTaxRatio": 0.2469175941,
    "incomeTaxExpense": 246500000,
    "netIncome": 736500000,
    "netIncomeRatio": 0.1841940728,
    "eps": 2.6,
    "epsdiluted": 2.58,
    "weightedAverageShsOut": 283600000,
    "weightedAverageShsOutDil": 286000000,
    "link": "https://www.sec.gov/Archives/edgar/data/31462/000155837024014051/0001558370-24-014051-index.htm",
    "finalLink": "https://www.sec.gov/Archives/edgar/data/31462/000155837024014051/ecl-20240930x10q.htm"
  },
  {
    "date": "2024-06-30",
    "symbol": "ECL",
    "reportedCurrency": "USD",
    "cik": "0000031462",
    "fillingDate": "2024-08-02",
    "acceptedDate": "2024-08-02 08:02:18",
    "calendarYear": "2024",
    "period": "Q2",
    "revenue": 3985800000,
    "costOfRevenue": 2241500000,
    "grossProfit": 1744300000,
    "grossProfitRatio": 0.4376285815,
    "researchAndDevelopmentExpenses": 0,
    "generalAndAdministrativeExpenses": 0,
    "sellingAndMarketingExpenses": 0,
    "sellingGeneralAndAdministrativeExpenses": 1071599999,
    "otherExpenses": 0,
    "operatingExpenses": 1071599999,
    "costAndExpenses": 3313100000,
    "interestIncome": 1400000,
    "interestExpense": 79800000,
    "depreciationAndAmortization": 235000000,
    "ebitda": 905500000,
    "ebitdaratio": 0.2271814943,
    "operatingIncome": 672700000,
    "operatingIncomeRatio": 0.1687741482,
    "totalOtherIncomeExpensesNet": -82000000,
    "incomeBeforeTax": 590700000,
    "incomeBeforeTaxRatio": 0.148201114,
    "incomeTaxExpense": 95700000,
    "netIncome": 490900000,
    "netIncomeRatio": 0.1231622259,
    "eps": 1.72,
    "epsdiluted": 1.71,
    "weightedAverageShsOut": 284600000,
    "weightedAverageShsOutDil": 287000000,
    "link": "https://www.sec.gov/Archives/edgar/data/31462/000155837024010647/0001558370-24-010647-index.htm",
    "finalLink": "https://www.sec.gov/Archives/edgar/data/31462/000155837024010647/ecl-20240630x10q.htm"
  },
  {
    "date": "2024-03-31",
    "symbol": "ECL",
    "reportedCurrency": "USD",
    "cik": "0000031462",
    "fillingDate": "2024-05-02",
    "acceptedDate": "2024-05-02 16:04:09",
    "calendarYear": "2024",
    "period": "Q1",
    "revenue": 3751900000,
    "costOfRevenue": 2126500000,
    "grossProfit": 1625400000,
    "grossProfitRatio": 0.4332205016,
    "researchAndDevelopmentExpenses": 0,
    "generalAndAdministrativeExpenses": 0,
    "sellingAndMarketingExpenses": 0,
    "sellingGeneralAndAdministrativeExpenses": 1078800000,
    "otherExpenses": 0,
    "operatingExpenses": 1078800000,
    "costAndExpenses": 3205300000,
    "interestIncome": 22900000,
    "interestExpense": 94000000,
    "depreciationAndAmortization": 234800000,
    "ebitda": 787700000,
    "ebitdaratio": 0.2099469602,
    "operatingIncome": 546600000,
    "operatingIncomeRatio": 0.1456861857,
    "totalOtherIncomeExpensesNet": -87700000,
    "incomeBeforeTax": 458900000,
    "incomeBeforeTaxRatio": 0.1223113622,
    "incomeTaxExpense": 42300000,
    "netIncome": 412100000,
    "netIncomeRatio": 0.1098376822,
    "eps": 1.44,
    "epsdiluted": 1.43,
    "weightedAverageShsOut": 285700000,
    "weightedAverageShsOutDil": 287800000,
    "link": "https://www.sec.gov/Archives/edgar/data/31462/000155837024006535/0001558370-24-006535-index.htm",
    "finalLink": "https://www.sec.gov/Archives/edgar/data/31462/000155837024006535/ecl-20240331x10q.htm"
  },
  {
    "date": "2023-12-31",
    "symbol": "ECL",
    "reportedCurrency": "USD",
    "cik": "0000031462",
    "fillingDate": "2024-02-23",
    "acceptedDate": "2024-02-23 08:04:47",
    "calendarYear": "2023",
    "period": "Q4",
    "revenue": 3938400000,
    "costOfRevenue": 2280100000,
    "grossProfit": 1658300000,
    "grossProfitRatio": 0.4210593134,
    "researchAndDevelopmentExpenses": 192000000,
    "generalAndAdministrativeExpenses": 0,
    "sellingAndMarketingExpenses": 0,
    "sellingGeneralAndAdministrativeExpenses": 1044800000,
    "otherExpenses": -192000000,
    "operatingExpenses": 1044800000,
    "costAndExpenses": 3324900000,
    "interestIncome": 24400000,
    "interestExpense": 96000000,
    "depreciationAndAmortization": 230500000,
    "ebitda": 864000000,
    "ebitdaratio": 0.2193784278,
    "operatingIncome": 613500000,
    "operatingIncomeRatio": 0.1557739183,
    "totalOtherIncomeExpensesNet": -76000000,
    "incomeBeforeTax": 537500000,
    "incomeBeforeTaxRatio": 0.1364767418,
    "incomeTaxExpense": 126700000,
    "netIncome": 405200000,
    "netIncomeRatio": 0.1028844201,
    "eps": 1.42,
    "epsdiluted": 1.41,
    "weightedAverageShsOut": 285300000,
    "weightedAverageShsOutDil": 287100000,
    "link": "https://www.sec.gov/Archives/edgar/data/31462/000155837024001581/0001558370-24-001581-index.htm",
    "finalLink": "https://www.sec.gov/Archives/edgar/data/31462/000155837024001581/ecl-20231231x10k.htm"
  },
  {
    "date": "2023-09-30",
    "symbol": "ECL",
    "reportedCurrency": "USD",
    "cik": "0000031462",
    "fillingDate": "2023-11-02",
    "acceptedDate": "2023-11-02 16:13:04",
    "calendarYear": "2023",
    "period": "Q3",
    "revenue": 3958100000,
    "costOfRevenue": 2326100000,
    "grossProfit": 1632000000,
    "grossProfitRatio": 0.412319042,
    "researchAndDevelopmentExpenses": 0,
    "generalAndAdministrativeExpenses": 0,
    "sellingAndMarketingExpenses": 0,
    "sellingGeneralAndAdministrativeExpenses": 1008300000,
    "otherExpenses": 0,
    "operatingExpenses": 1008300000,
    "costAndExpenses": 3334400000,
    "interestIncome": 17000000,
    "interestExpense": 92700000,
    "depreciationAndAmortization": 229400000,
    "ebitda": 828300000,
    "ebitdaratio": 0.2092670726,
    "operatingIncome": 623700000,
    "operatingIncomeRatio": 0.1575756045,
    "totalOtherIncomeExpensesNet": -117500000,
    "incomeBeforeTax": 506200000,
    "incomeBeforeTaxRatio": 0.127889644,
    "incomeTaxExpense": 96800000,
    "netIncome": 404000000,
    "netIncomeRatio": 0.1020691746,
    "eps": 1.42,
    "epsdiluted": 1.41,
    "weightedAverageShsOut": 285100000,
    "weightedAverageShsOutDil": 286900000,
    "link": "https://www.sec.gov/Archives/edgar/data/31462/000155837023017421/0001558370-23-017421-index.htm",
    "finalLink": "https://www.sec.gov/Archives/edgar/data/31462/000155837023017421/ecl-20230930x10q.htm"
  },
  {
    "date": "2023-06-30",
    "symbol": "ECL",
    "reportedCurrency": "USD",
    "cik": "0000031462",
    "fillingDate": "2023-08-03",
    "acceptedDate": "2023-08-03 16:05:55",
    "calendarYear": "2023",
    "period": "Q2",
    "revenue": 3852100000,
    "costOfRevenue": 2329500000,
    "grossProfit": 1522600000,
    "grossProfitRatio": 0.3952649204,
    "researchAndDevelopmentExpenses": 0,
    "generalAndAdministrativeExpenses": 0,
    "sellingAndMarketingExpenses": 0,
    "sellingGeneralAndAdministrativeExpenses": 1003700000,
    "otherExpenses": 0,
    "operatingExpenses": 1003700000,
    "costAndExpenses": 3333200000,
    "interestIncome": 4900000,
    "interestExpense": 84400000,
    "depreciationAndAmortization": 229400000,
    "ebitda": 735100000,
    "ebitdaratio": 0.1908309753,
    "operatingIncome": 518900000,
    "operatingIncomeRatio": 0.1347057449,
    "totalOtherIncomeExpensesNet": -97600000,
    "incomeBeforeTax": 421300000,
    "incomeBeforeTaxRatio": 0.1093689157,
    "incomeTaxExpense": 86600000,
    "netIncome": 329700000,
    "netIncomeRatio": 0.0855896784,
    "eps": 1.16,
    "epsdiluted": 1.15,
    "weightedAverageShsOut": 284900000,
    "weightedAverageShsOutDil": 286300000,
    "link": "https://www.sec.gov/Archives/edgar/data/31462/000155837023013204/0001558370-23-013204-index.htm",
    "finalLink": "https://www.sec.gov/Archives/edgar/data/31462/000155837023013204/ecl-20230630x10q.htm"
  },
  {
    "date": "2023-03-31",
    "symbol": "ECL",
    "reportedCurrency": "USD",
    "cik": "0000031462",
    "fillingDate": "2023-05-04",
    "acceptedDate": "2023-05-04 16:05:12",
    "calendarYear": "2023",
    "period": "Q1",
    "revenue": 3571600000,
    "costOfRevenue": 2207300000,
    "grossProfit": 1364300000,
    "grossProfitRatio": 0.3819856647,
    "researchAndDevelopmentExpenses": 0,
    "generalAndAdministrativeExpenses": 0,
    "sellingAndMarketingExpenses": 0,
    "sellingGeneralAndAdministrativeExpenses": 959700000,
    "otherExpenses": 0,
    "operatingExpenses": 959700000,
    "costAndExpenses": 3167000000,
    "interestIncome": 5900000,
    "interestExpense": 81600000,
    "depreciationAndAmortization": 234300000,
    "ebitda": 606400000,
    "ebitdaratio": 0.1697838504,
    "operatingIncome": 404600000,
    "operatingIncomeRatio": 0.1132825624,
    "totalOtherIncomeExpensesNet": -114100000,
    "incomeBeforeTax": 290500000,
    "incomeBeforeTaxRatio": 0.0813360959,
    "incomeTaxExpense": 52400000,
    "netIncome": 233400000,
    "netIncomeRatio": 0.0653488633,
    "eps": 0.82,
    "epsdiluted": 0.82,
    "weightedAverageShsOut": 284600000,
    "weightedAverageShsOutDil": 285900000,
    "link": "https://www.sec.gov/Archives/edgar/data/31462/000155837023008089/0001558370-23-008089-index.htm",
    "finalLink": "https://www.sec.gov/Archives/edgar/data/31462/000155837023008089/ecl-20230331x10q.htm"
  },
  {
    "date": "2022-12-31",
    "symbol": "ECL",
    "reportedCurrency": "USD",
    "cik": "0000031462",
    "fillingDate": "2023-02-24",
    "acceptedDate": "2023-02-24 08:08:42",
    "calendarYear": "2022",
    "period": "Q4",
    "revenue": 3671200000,
    "costOfRevenue": 2249600000,
    "grossProfit": 1421600000,
    "grossProfitRatio": 0.3872303334,
    "researchAndDevelopmentExpenses": 0,
    "generalAndAdministrativeExpenses": 0,
    "sellingAndMarketingExpenses": 0,
    "sellingGeneralAndAdministrativeExpenses": 876300000,
    "otherExpenses": 0,
    "operatingExpenses": 876300000,
    "costAndExpenses": 3125900000,
    "interestIncome": 3500000,
    "interestExpense": 75400000,
    "depreciationAndAmortization": 236500000,
    "ebitda": 633500000,
    "ebitdaratio": 0.1725593811,
    "operatingIncome": 545300000,
    "operatingIncomeRatio": 0.1485345391,
    "totalOtherIncomeExpensesNet": -223700000,
    "incomeBeforeTax": 321600000,
    "incomeBeforeTaxRatio": 0.0876007845,
    "incomeTaxExpense": 52100000,
    "netIncome": 264399999,
    "netIncomeRatio": 0.0720200477,
    "eps": 0.93,
    "epsdiluted": 0.93,
    "weightedAverageShsOut": 284600000,
    "weightedAverageShsOutDil": 285800000,
    "link": "https://www.sec.gov/Archives/edgar/data/31462/000155837023001969/0001558370-23-001969-index.htm",
    "finalLink": "https://www.sec.gov/Archives/edgar/data/31462/000155837023001969/ecl-20221231x10k.htm"
  },
  {
    "date": "2022-09-30",
    "symbol": "ECL",
    "reportedCurrency": "USD",
    "cik": "0000031462",
    "fillingDate": "2022-11-04",
    "acceptedDate": "2022-11-04 08:00:59",
    "calendarYear": "2022",
    "period": "Q3",
    "revenue": 3669300000,
    "costOfRevenue": 2287200000,
    "grossProfit": 1382100000,
    "grossProfitRatio": 0.3766658491,
    "researchAndDevelopmentExpenses": 0,
    "generalAndAdministrativeExpenses": 0,
    "sellingAndMarketingExpenses": 0,
    "sellingGeneralAndAdministrativeExpenses": 979200000,
    "otherExpenses": 0,
    "operatingExpenses": 979200000,
    "costAndExpenses": 3266400000,
    "interestIncome": 1600000,
    "interestExpense": 72700000,
    "depreciationAndAmortization": 232800000,
    "ebitda": 717700000,
    "ebitdaratio": 0.1955958902,
    "operatingIncome": 402900000,
    "operatingIncomeRatio": 0.1098029597,
    "totalOtherIncomeExpensesNet": 9300000,
    "incomeBeforeTax": 412200000,
    "incomeBeforeTaxRatio": 0.1123375031,
    "incomeTaxExpense": 60200000,
    "netIncome": 347100000,
    "netIncomeRatio": 0.0945956995,
    "eps": 1.22,
    "epsdiluted": 1.21,
    "weightedAverageShsOut": 284900000,
    "weightedAverageShsOutDil": 286300000,
    "link": "https://www.sec.gov/Archives/edgar/data/31462/000155837022016340/0001558370-22-016340-index.htm",
    "finalLink": "https://www.sec.gov/Archives/edgar/data/31462/000155837022016340/ecl-20220930x10q.htm"
  },
  {
    "date": "2022-06-30",
    "symbol": "ECL",
    "reportedCurrency": "USD",
    "cik": "0000031462",
    "fillingDate": "2022-08-04",
    "acceptedDate": "2022-08-04 17:02:28",
    "calendarYear": "2022",
    "period": "Q2",
    "revenue": 3580600000,
    "costOfRevenue": 2210200000,
    "grossProfit": 1370400000,
    "grossProfitRatio": 0.3827291515,
    "researchAndDevelopmentExpenses": 0,
    "generalAndAdministrativeExpenses": 0,
    "sellingAndMarketingExpenses": 0,
    "sellingGeneralAndAdministrativeExpenses": 1012500000,
    "otherExpenses": 0,
    "operatingExpenses": 1012500000,
    "costAndExpenses": 3222700000,
    "interestIncome": 1300000,
    "interestExpense": 60600000,
    "depreciationAndAmortization": 234700000,
    "ebitda": 684600000,
    "ebitdaratio": 0.1911970061,
    "operatingIncome": 357900000,
    "operatingIncomeRatio": 0.0999553148,
    "totalOtherIncomeExpensesNet": 31400000,
    "incomeBeforeTax": 389300000,
    "incomeBeforeTaxRatio": 0.1087247947,
    "incomeTaxExpense": 76600000,
    "netIncome": 308300000,
    "netIncomeRatio": 0.0861028878,
    "eps": 1.08,
    "epsdiluted": 1.08,
    "weightedAverageShsOut": 285100000,
    "weightedAverageShsOutDil": 286600000,
    "link": "https://www.sec.gov/Archives/edgar/data/31462/000155837022012280/0001558370-22-012280-index.htm",
    "finalLink": "https://www.sec.gov/Archives/edgar/data/31462/000155837022012280/ecl-20220630x10q.htm"
  },
  {
    "date": "2022-03-31",
    "symbol": "ECL",
    "reportedCurrency": "USD",
    "cik": "0000031462",
    "fillingDate": "2022-05-05",
    "acceptedDate": "2022-05-05 16:31:59",
    "calendarYear": "2022",
    "period": "Q1",
    "revenue": 3266700000,
    "costOfRevenue": 2020500000,
    "grossProfit": 1246200000,
    "grossProfitRatio": 0.3814859032,
    "researchAndDevelopmentExpenses": 0,
    "generalAndAdministrativeExpenses": 0,
    "sellingAndMarketingExpenses": 0,
    "sellingGeneralAndAdministrativeExpenses": 942800000,
    "otherExpenses": 0,
    "operatingExpenses": 942800000,
    "costAndExpenses": 2963300000,
    "interestIncome": 2100000,
    "interestExpense": 58300000,
    "depreciationAndAmortization": 234700000,
    "ebitda": 513300000,
    "ebitdaratio": 0.1571310497,
    "operatingIncome": 303400000,
    "operatingIncomeRatio": 0.0928766033,
    "totalOtherIncomeExpensesNet": -83100000,
    "incomeBeforeTax": 220300000,
    "incomeBeforeTaxRatio": 0.0674380874,
    "incomeTaxExpense": 45600000,
    "netIncome": 171900000,
    "netIncomeRatio": 0.052621912,
    "eps": 0.6,
    "epsdiluted": 0.6,
    "weightedAverageShsOut": 286200000,
    "weightedAverageShsOutDil": 288100000,
    "link": "https://www.sec.gov/Archives/edgar/data/31462/000155837022007407/0001558370-22-007407-index.htm",
    "finalLink": "https://www.sec.gov/Archives/edgar/data/31462/000155837022007407/ecl-20220331x10q.htm"
  },
  {
    "date": "2021-12-31",
    "symbol": "ECL",
    "reportedCurrency": "USD",
    "cik": "0000031462",
    "fillingDate": "2022-02-25",
    "acceptedDate": "2022-02-25 08:35:10",
    "calendarYear": "2021",
    "period": "Q4",
    "revenue": 3364600000,
    "costOfRevenue": 2023600000,
    "grossProfit": 1341000000,
    "grossProfitRatio": 0.3985614932,
    "researchAndDevelopmentExpenses": 0,
    "generalAndAdministrativeExpenses": 0,
    "sellingAndMarketingExpenses": 0,
    "sellingGeneralAndAdministrativeExpenses": 955900000,
    "otherExpenses": 0,
    "operatingExpenses": 955900000,
    "costAndExpenses": 2979500000,
    "interestIncome": 2200000,
    "interestExpense": 1400000,
    "depreciationAndAmortization": 215600000,
    "ebitda": 612500000,
    "ebitdaratio": 0.1820424419,
    "operatingIncome": 385100000,
    "operatingIncomeRatio": 0.114456399,
    "totalOtherIncomeExpensesNet": -35600000,
    "incomeBeforeTax": 349500000,
    "incomeBeforeTaxRatio": 0.1038756464,
    "incomeTaxExpense": 44200000,
    "netIncome": 301000000,
    "netIncomeRatio": 0.0894608572,
    "eps": 1.05,
    "epsdiluted": 1.04,
    "weightedAverageShsOut": 286700000,
    "weightedAverageShsOutDil": 289500000,
    "link": "https://www.sec.gov/Archives/edgar/data/31462/000155837022002059/0001558370-22-002059-index.htm",
    "finalLink": "https://www.sec.gov/Archives/edgar/data/31462/000155837022002059/ecl-20211231x10k.htm"
  },
  {
    "date": "2021-09-30",
    "symbol": "ECL",
    "reportedCurrency": "USD",
    "cik": "0000031462",
    "fillingDate": "2021-10-29",
    "acceptedDate": "2021-10-29 08:27:35",
    "calendarYear": "2021",
    "period": "Q3",
    "revenue": 3320800000,
    "costOfRevenue": 1959200000,
    "grossProfit": 1361600000,
    "grossProfitRatio": 0.4100216815,
    "researchAndDevelopmentExpenses": 0,
    "generalAndAdministrativeExpenses": 0,
    "sellingAndMarketingExpenses": 0,
    "sellingGeneralAndAdministrativeExpenses": 896900000,
    "otherExpenses": 0,
    "operatingExpenses": 896900000,
    "costAndExpenses": 2856100000,
    "interestIncome": 1900000,
    "interestExpense": 87900000,
    "depreciationAndAmortization": 206900000,
    "ebitda": 697200000,
    "ebitdaratio": 0.2099494098,
    "operatingIncome": 464700000,
    "operatingIncomeRatio": 0.13993616,
    "totalOtherIncomeExpensesNet": -62300000,
    "incomeBeforeTax": 402400000,
    "incomeBeforeTaxRatio": 0.1211756203,
    "incomeTaxExpense": 73800000,
    "netIncome": 324500000,
    "netIncomeRatio": 0.0977174175,
    "eps": 1.13,
    "epsdiluted": 1.12,
    "weightedAverageShsOut": 286400000,
    "weightedAverageShsOutDil": 289200000,
    "link": "https://www.sec.gov/Archives/edgar/data/31462/000155837021013798/0001558370-21-013798-index.htm",
    "finalLink": "https://www.sec.gov/Archives/edgar/data/31462/000155837021013798/ecl-20210930x10q.htm"
  },
  {
    "date": "2021-06-30",
    "symbol": "ECL",
    "reportedCurrency": "USD",
    "cik": "0000031462",
    "fillingDate": "2021-08-05",
    "acceptedDate": "2021-08-05 08:34:32",
    "calendarYear": "2021",
    "period": "Q2",
    "revenue": 3162700000,
    "costOfRevenue": 1843900000,
    "grossProfit": 1318800000,
    "grossProfitRatio": 0.4169854871,
    "researchAndDevelopmentExpenses": 0,
    "generalAndAdministrativeExpenses": 0,
    "sellingAndMarketingExpenses": 0,
    "sellingGeneralAndAdministrativeExpenses": 837600000,
    "otherExpenses": 0,
    "operatingExpenses": 837600000,
    "costAndExpenses": 2681500000,
    "interestIncome": 6100000,
    "interestExpense": 62500000,
    "depreciationAndAmortization": 205400000,
    "ebitda": 667600000,
    "ebitdaratio": 0.211085465,
    "operatingIncome": 481200000,
    "operatingIncomeRatio": 0.1521484807,
    "totalOtherIncomeExpensesNet": -81500000,
    "incomeBeforeTax": 399700000,
    "incomeBeforeTaxRatio": 0.1263793594,
    "incomeTaxExpense": 86100000,
    "netIncome": 310800000,
    "netIncomeRatio": 0.0982704651,
    "eps": 1.09,
    "epsdiluted": 1.08,
    "weightedAverageShsOut": 286000000,
    "weightedAverageShsOutDil": 288800000,
    "link": "https://www.sec.gov/Archives/edgar/data/31462/000155837021010420/0001558370-21-010420-index.htm",
    "finalLink": "https://www.sec.gov/Archives/edgar/data/31462/000155837021010420/ecl-20210630x10q.htm"
  },
  {
    "date": "2021-03-31",
    "symbol": "ECL",
    "reportedCurrency": "USD",
    "cik": "0000031462",
    "fillingDate": "2021-05-06",
    "acceptedDate": "2021-05-06 16:03:12",
    "calendarYear": "2021",
    "period": "Q1",
    "revenue": 2885000000,
    "costOfRevenue": 1691400000,
    "grossProfit": 1193600000,
    "grossProfitRatio": 0.4137261698,
    "researchAndDevelopmentExpenses": 0,
    "generalAndAdministrativeExpenses": 0,
    "sellingAndMarketingExpenses": 0,
    "sellingGeneralAndAdministrativeExpenses": 847000000,
    "otherExpenses": 0,
    "operatingExpenses": 847000000,
    "costAndExpenses": 2538400000,
    "interestIncome": 2100000,
    "interestExpense": 64400000,
    "depreciationAndAmortization": 215200000,
    "ebitda": 542200000,
    "ebitdaratio": 0.1879376083,
    "operatingIncome": 346600000,
    "operatingIncomeRatio": 0.1201386482,
    "totalOtherIncomeExpensesNet": -83999999,
    "incomeBeforeTax": 262600000,
    "incomeBeforeTaxRatio": 0.0910225303,
    "incomeTaxExpense": 66099999,
    "netIncome": 193600000,
    "netIncomeRatio": 0.0671057192,
    "eps": 0.68,
    "epsdiluted": 0.67,
    "weightedAverageShsOut": 286000000,
    "weightedAverageShsOutDil": 288800000,
    "link": "https://www.sec.gov/Archives/edgar/data/31462/000155837021006198/0001558370-21-006198-index.htm",
    "finalLink": "https://www.sec.gov/Archives/edgar/data/31462/000155837021006198/ecl-20210331x10q.htm"
  },
  {
    "date": "2020-12-31",
    "symbol": "ECL",
    "reportedCurrency": "USD",
    "cik": "0000031462",
    "fillingDate": "2021-02-26",
    "acceptedDate": "2021-02-26 07:33:47",
    "calendarYear": "2020",
    "period": "Q4",
    "revenue": 3065300000,
    "costOfRevenue": 1778700000,
    "grossProfit": 1286600000,
    "grossProfitRatio": 0.4197305321,
    "researchAndDevelopmentExpenses": 0,
    "generalAndAdministrativeExpenses": 0,
    "sellingAndMarketingExpenses": 0,
    "sellingGeneralAndAdministrativeExpenses": 809600000,
    "otherExpenses": 0,
    "operatingExpenses": 809600000,
    "costAndExpenses": 2588300000,
    "interestIncome": 3000000,
    "interestExpense": 68600000,
    "depreciationAndAmortization": 207500000,
    "ebitda": 654100000,
    "ebitdaratio": 0.2133885753,
    "operatingIncome": 477000000,
    "operatingIncomeRatio": 0.1556128275,
    "totalOtherIncomeExpensesNet": -99000000,
    "incomeBeforeTax": 378000000,
    "incomeBeforeTaxRatio": 0.1233158255,
    "incomeTaxExpense": 73100000,
    "netIncome": 300300000,
    "netIncomeRatio": 0.0979675725,
    "eps": 1.05,
    "epsdiluted": 1.04,
    "weightedAverageShsOut": 285600000,
    "weightedAverageShsOutDil": 288700000,
    "link": "https://www.sec.gov/Archives/edgar/data/31462/000155837021001916/0001558370-21-001916-index.htm",
    "finalLink": "https://www.sec.gov/Archives/edgar/data/31462/000155837021001916/ecl-20201231x10k.htm"
  },
  {
    "date": "2020-09-30",
    "symbol": "ECL",
    "reportedCurrency": "USD",
    "cik": "0000031462",
    "fillingDate": "2020-10-30",
    "acceptedDate": "2020-10-30 07:32:12",
    "calendarYear": "2020",
    "period": "Q3",
    "revenue": 3018600000,
    "costOfRevenue": 1763200000,
    "grossProfit": 1255400000,
    "grossProfitRatio": 0.4158881601,
    "researchAndDevelopmentExpenses": 0,
    "generalAndAdministrativeExpenses": 0,
    "sellingAndMarketingExpenses": 0,
    "sellingGeneralAndAdministrativeExpenses": 670900000,
    "otherExpenses": 0,
    "operatingExpenses": 670900000,
    "costAndExpenses": 2434100000,
    "interestIncome": 4200000,
    "interestExpense": 62100000,
    "depreciationAndAmortization": 209000000,
    "ebitda": 562800000,
    "ebitdaratio": 0.1864440469,
    "operatingIncome": 584500000,
    "operatingIncomeRatio": 0.1936328099,
    "totalOtherIncomeExpensesNet": -292800000,
    "incomeBeforeTax": 291700000,
    "incomeBeforeTaxRatio": 0.0966342013,
    "incomeTaxExpense": 42400000,
    "netIncome": 246200000,
    "netIncomeRatio": 0.0815609885,
    "eps": 0.86,
    "epsdiluted": 0.85,
    "weightedAverageShsOut": 285400000,
    "weightedAverageShsOutDil": 288400000,
    "link": "https://www.sec.gov/Archives/edgar/data/31462/000155837020012094/0001558370-20-012094-index.htm",
    "finalLink": "https://www.sec.gov/Archives/edgar/data/31462/000155837020012094/ecl-20200930x10q.htm"
  },
  {
    "date": "2020-06-30",
    "symbol": "ECL",
    "reportedCurrency": "USD",
    "cik": "0000031462",
    "fillingDate": "2020-08-06",
    "acceptedDate": "2020-08-06 07:51:08",
    "calendarYear": "2020",
    "period": "Q2",
    "revenue": 2685700000,
    "costOfRevenue": 1612500000,
    "grossProfit": 1073200000,
    "grossProfitRatio": 0.3995978702,
    "researchAndDevelopmentExpenses": 0,
    "generalAndAdministrativeExpenses": 0,
    "sellingAndMarketingExpenses": 0,
    "sellingGeneralAndAdministrativeExpenses": 783100000,
    "otherExpenses": 0,
    "operatingExpenses": 783100000,
    "costAndExpenses": 2395600000,
    "interestIncome": 3100000,
    "interestExpense": 67700000,
    "depreciationAndAmortization": 146600000,
    "ebitda": 362700000,
    "ebitdaratio": 0.1350485907,
    "operatingIncome": 290100000,
    "operatingIncomeRatio": 0.108016532,
    "totalOtherIncomeExpensesNet": -141700000,
    "incomeBeforeTax": 148400000,
    "incomeBeforeTaxRatio": 0.0552556131,
    "incomeTaxExpense": 14100000,
    "netIncome": -2035000000,
    "netIncomeRatio": -0.7577167964,
    "eps": -7.06,
    "epsdiluted": -7.06,
    "weightedAverageShsOut": 288200000,
    "weightedAverageShsOutDil": 291500000,
    "link": "https://www.sec.gov/Archives/edgar/data/31462/000155837020009506/0001558370-20-009506-index.htm",
    "finalLink": "https://www.sec.gov/Archives/edgar/data/31462/000155837020009506/ecl-20200630x10q.htm"
  },
  {
    "date": "2020-03-31",
    "symbol": "ECL",
    "reportedCurrency": "USD",
    "cik": "0000031462",
    "fillingDate": "2020-05-07",
    "acceptedDate": "2020-05-07 16:07:54",
    "calendarYear": "2020",
    "period": "Q1",
    "revenue": 3020600000,
    "costOfRevenue": 1713300000,
    "grossProfit": 1307300000,
    "grossProfitRatio": 0.432794809,
    "researchAndDevelopmentExpenses": 0,
    "generalAndAdministrativeExpenses": 0,
    "sellingAndMarketingExpenses": 0,
    "sellingGeneralAndAdministrativeExpenses": 924400000,
    "otherExpenses": 0,
    "operatingExpenses": 924400000,
    "costAndExpenses": 2637700000,
    "interestIncome": 4200000,
    "interestExpense": 63100000,
    "depreciationAndAmortization": 198700000,
    "ebitda": 605100000,
    "ebitdaratio": 0.2003244389,
    "operatingIncome": 382900000,
    "operatingIncomeRatio": 0.1267628948,
    "totalOtherIncomeExpensesNet": -39600000,
    "incomeBeforeTax": 343300000,
    "incomeBeforeTaxRatio": 0.1136529166,
    "incomeTaxExpense": 47000000,
    "netIncome": 283400000,
    "netIncomeRatio": 0.0938224194,
    "eps": 0.98,
    "epsdiluted": 0.97,
    "weightedAverageShsOut": 288800000,
    "weightedAverageShsOutDil": 292600000,
    "link": "https://www.sec.gov/Archives/edgar/data/31462/000155837020005691/0001558370-20-005691-index.htm",
    "finalLink": "https://www.sec.gov/Archives/edgar/data/31462/000155837020005691/ecl-20200507x10q.htm"
  },
  {
    "date": "2019-12-31",
    "symbol": "ECL",
    "reportedCurrency": "USD",
    "cik": "0000031462",
    "fillingDate": "2020-02-28",
    "acceptedDate": "2020-02-28 16:36:22",
    "calendarYear": "2019",
    "period": "Q4",
    "revenue": 3244200000,
    "costOfRevenue": 1795800000,
    "grossProfit": 1448400000,
    "grossProfitRatio": 0.4464582948,
    "researchAndDevelopmentExpenses": 0,
    "generalAndAdministrativeExpenses": 0,
    "sellingAndMarketingExpenses": 0,
    "sellingGeneralAndAdministrativeExpenses": 907500000,
    "otherExpenses": 0,
    "operatingExpenses": 907500000,
    "costAndExpenses": 2703300000,
    "interestIncome": 4900000,
    "interestExpense": 71000000,
    "depreciationAndAmortization": 196300000,
    "ebitda": 753500000,
    "ebitdaratio": 0.2322606498,
    "operatingIncome": 540900000,
    "operatingIncomeRatio": 0.1667283151,
    "totalOtherIncomeExpensesNet": -54700000,
    "incomeBeforeTax": 486200000,
    "incomeBeforeTaxRatio": 0.1498674558,
    "incomeTaxExpense": 86500000,
    "netIncome": 429600000,
    "netIncomeRatio": 0.1324209358,
    "eps": 1.49,
    "epsdiluted": 1.47,
    "weightedAverageShsOut": 288300000,
    "weightedAverageShsOutDil": 292600000,
    "link": "https://www.sec.gov/Archives/edgar/data/31462/000155837020001788/0001558370-20-001788-index.htm",
    "finalLink": "https://www.sec.gov/Archives/edgar/data/31462/000155837020001788/ecl-20191231x10k145b24.htm"
  },
  {
    "date": "2019-09-30",
    "symbol": "ECL",
    "reportedCurrency": "USD",
    "cik": "0000031462",
    "fillingDate": "2019-10-31",
    "acceptedDate": "2019-10-31 17:03:40",
    "calendarYear": "2019",
    "period": "Q3",
    "revenue": 3224000000,
    "costOfRevenue": 1773400000,
    "grossProfit": 1450600000,
    "grossProfitRatio": 0.4499379653,
    "researchAndDevelopmentExpenses": 0,
    "generalAndAdministrativeExpenses": 0,
    "sellingAndMarketingExpenses": 0,
    "sellingGeneralAndAdministrativeExpenses": 883200000,
    "otherExpenses": 0,
    "operatingExpenses": 883200000,
    "costAndExpenses": 2656600000,
    "interestIncome": 6800000,
    "interestExpense": 46100000,
    "depreciationAndAmortization": 194300000,
    "ebitda": 764100000,
    "ebitdaratio": 0.2370037221,
    "operatingIncome": 567400000,
    "operatingIncomeRatio": 0.1759925558,
    "totalOtherIncomeExpensesNet": -43699999,
    "incomeBeforeTax": 523700000,
    "incomeBeforeTaxRatio": 0.1624379653,
    "incomeTaxExpense": 83400000,
    "netIncome": 464200000,
    "netIncomeRatio": 0.1439826303,
    "eps": 1.61,
    "epsdiluted": 1.59,
    "weightedAverageShsOut": 288100000,
    "weightedAverageShsOutDil": 292800000,
    "link": "https://www.sec.gov/Archives/edgar/data/31462/000155837019009602/0001558370-19-009602-index.htm",
    "finalLink": "https://www.sec.gov/Archives/edgar/data/31462/000155837019009602/ecl-20190930x10q9b7443.htm"
  },
  {
    "date": "2019-06-30",
    "symbol": "ECL",
    "reportedCurrency": "USD",
    "cik": "0000031462",
    "fillingDate": "2019-08-01",
    "acceptedDate": "2019-08-01 07:35:38",
    "calendarYear": "2019",
    "period": "Q2",
    "revenue": 3169100000,
    "costOfRevenue": 1777200000,
    "grossProfit": 1391900000,
    "grossProfitRatio": 0.4392098703,
    "researchAndDevelopmentExpenses": 0,
    "generalAndAdministrativeExpenses": 0,
    "sellingAndMarketingExpenses": 0,
    "sellingGeneralAndAdministrativeExpenses": 934500000,
    "otherExpenses": 0,
    "operatingExpenses": 934500000,
    "costAndExpenses": 2711700000,
    "interestIncome": 5300000,
    "interestExpense": 61500000,
    "depreciationAndAmortization": 145900000,
    "ebitda": 643500000,
    "ebitdaratio": 0.203054495,
    "operatingIncome": 457400000,
    "operatingIncomeRatio": 0.1443311981,
    "totalOtherIncomeExpensesNet": -21300000,
    "incomeBeforeTax": 436100000,
    "incomeBeforeTaxRatio": 0.137610047,
    "incomeTaxExpense": 88800000,
    "netIncome": 368600000,
    "netIncomeRatio": 0.1163106245,
    "eps": 1.28,
    "epsdiluted": 1.26,
    "weightedAverageShsOut": 287600000,
    "weightedAverageShsOutDil": 292100000,
    "link": "https://www.sec.gov/Archives/edgar/data/31462/000155837019006736/0001558370-19-006736-index.htm",
    "finalLink": "https://www.sec.gov/Archives/edgar/data/31462/000155837019006736/ecl-20190630x10q.htm"
  },
  {
    "date": "2019-03-31",
    "symbol": "ECL",
    "reportedCurrency": "USD",
    "cik": "0000031462",
    "fillingDate": "2019-05-02",
    "acceptedDate": "2019-05-02 07:58:50",
    "calendarYear": "2019",
    "period": "Q1",
    "revenue": 3505400000,
    "costOfRevenue": 2097500000,
    "grossProfit": 1407900000,
    "grossProfitRatio": 0.4016374736,
    "researchAndDevelopmentExpenses": 0,
    "generalAndAdministrativeExpenses": 0,
    "sellingAndMarketingExpenses": 0,
    "sellingGeneralAndAdministrativeExpenses": 1000200000,
    "otherExpenses": 0,
    "operatingExpenses": 1000200000,
    "costAndExpenses": 3097700000,
    "interestIncome": 6700000,
    "interestExpense": 62700000,
    "depreciationAndAmortization": 238800000,
    "ebitda": 640500000,
    "ebitdaratio": 0.1827180921,
    "operatingIncome": 407700000,
    "operatingIncomeRatio": 0.1163062703,
    "totalOtherIncomeExpensesNet": -68700000,
    "incomeBeforeTax": 339000000,
    "incomeBeforeTaxRatio": 0.0967079363,
    "incomeTaxExpense": 38600000,
    "netIncome": 296500000,
    "netIncomeRatio": 0.084583785,
    "eps": 1.03,
    "epsdiluted": 1.01,
    "weightedAverageShsOut": 288200000,
    "weightedAverageShsOutDil": 292300000,
    "link": "https://www.sec.gov/Archives/edgar/data/31462/000155837019003797/0001558370-19-003797-index.htm",
    "finalLink": "https://www.sec.gov/Archives/edgar/data/31462/000155837019003797/ecl-20190331x10q.htm"
  },
  {
    "date": "2018-12-31",
    "symbol": "ECL",
    "reportedCurrency": "USD",
    "cik": "0000031462",
    "fillingDate": "2019-03-01",
    "acceptedDate": "2019-03-01 06:25:44",
    "calendarYear": "2018",
    "period": "Q4",
    "revenue": 3760500000,
    "costOfRevenue": 2212000000,
    "grossProfit": 1548500000,
    "grossProfitRatio": 0.4117803484,
    "researchAndDevelopmentExpenses": 0,
    "generalAndAdministrativeExpenses": 0,
    "sellingAndMarketingExpenses": -29300000,
    "sellingGeneralAndAdministrativeExpenses": 1013700000,
    "otherExpenses": 0,
    "operatingExpenses": 1013700000,
    "costAndExpenses": 3225700000,
    "interestIncome": 3800000,
    "interestExpense": 67600000,
    "depreciationAndAmortization": 237900000,
    "ebitda": 853400000,
    "ebitdaratio": 0.2269379072,
    "operatingIncome": 534799999,
    "operatingIncomeRatio": 0.1422151307,
    "totalOtherIncomeExpensesNet": 13100000,
    "incomeBeforeTax": 547900000,
    "incomeBeforeTaxRatio": 0.1456987103,
    "incomeTaxExpense": 147700000,
    "netIncome": 395100000,
    "netIncomeRatio": 0.1050658157,
    "eps": 1.37,
    "epsdiluted": 1.35,
    "weightedAverageShsOut": 288000000,
    "weightedAverageShsOutDil": 292200000,
    "link": "https://www.sec.gov/Archives/edgar/data/31462/000155837019001379/0001558370-19-001379-index.htm",
    "finalLink": "https://www.sec.gov/Archives/edgar/data/31462/000155837019001379/ecl-20181231x10k.htm"
  },
  {
    "date": "2018-09-30",
    "symbol": "ECL",
    "reportedCurrency": "USD",
    "cik": "0000031462",
    "fillingDate": "2018-11-01",
    "acceptedDate": "2018-11-01 17:24:29",
    "calendarYear": "2018",
    "period": "Q3",
    "revenue": 3747200000,
    "costOfRevenue": 2185100000,
    "grossProfit": 1562100000,
    "grossProfitRatio": 0.4168712639,
    "researchAndDevelopmentExpenses": 0,
    "generalAndAdministrativeExpenses": 0,
    "sellingAndMarketingExpenses": 0,
    "sellingGeneralAndAdministrativeExpenses": 984200000,
    "otherExpenses": 0,
    "operatingExpenses": 984200000,
    "costAndExpenses": 3169300000,
    "interestIncome": 2600000,
    "interestExpense": 77800000,
    "depreciationAndAmortization": 234600000,
    "ebitda": 793900000,
    "ebitdaratio": 0.2118648591,
    "operatingIncome": 577900000,
    "operatingIncomeRatio": 0.154221819,
    "totalOtherIncomeExpensesNet": -96400000,
    "incomeBeforeTax": 481500000,
    "incomeBeforeTaxRatio": 0.1284959436,
    "incomeTaxExpense": 43200000,
    "netIncome": 435400000,
    "netIncomeRatio": 0.1161934244,
    "eps": 1.51,
    "epsdiluted": 1.48,
    "weightedAverageShsOut": 288800000,
    "weightedAverageShsOutDil": 293400000,
    "link": "https://www.sec.gov/Archives/edgar/data/31462/000155837018008282/0001558370-18-008282-index.htm",
    "finalLink": "https://www.sec.gov/Archives/edgar/data/31462/000155837018008282/ecl-20180930x10q.htm"
  },
  {
    "date": "2018-06-30",
    "symbol": "ECL",
    "reportedCurrency": "USD",
    "cik": "0000031462",
    "fillingDate": "2018-08-02",
    "acceptedDate": "2018-08-02 08:31:34",
    "calendarYear": "2018",
    "period": "Q2",
    "revenue": 3689600000,
    "costOfRevenue": 2141400000,
    "grossProfit": 1548200000,
    "grossProfitRatio": 0.419611882,
    "researchAndDevelopmentExpenses": 0,
    "generalAndAdministrativeExpenses": 0,
    "sellingAndMarketingExpenses": 0,
    "sellingGeneralAndAdministrativeExpenses": 1127600000,
    "otherExpenses": 0,
    "operatingExpenses": 1127600000,
    "costAndExpenses": 3269000000,
    "interestIncome": 3900000,
    "interestExpense": 75600000,
    "depreciationAndAmortization": 234700000,
    "ebitda": 768200000,
    "ebitdaratio": 0.2082068517,
    "operatingIncome": 420600000,
    "operatingIncomeRatio": 0.1139960971,
    "totalOtherIncomeExpensesNet": 37300000,
    "incomeBeforeTax": 457900000,
    "incomeBeforeTaxRatio": 0.1241055941,
    "incomeTaxExpense": 104300000,
    "netIncome": 351300000,
    "netIncomeRatio": 0.0952135733,
    "eps": 1.22,
    "epsdiluted": 1.2,
    "weightedAverageShsOut": 288800000,
    "weightedAverageShsOutDil": 293300000,
    "link": "https://www.sec.gov/Archives/edgar/data/31462/000155837018006163/0001558370-18-006163-index.htm",
    "finalLink": "https://www.sec.gov/Archives/edgar/data/31462/000155837018006163/ecl-20180630x10q.htm"
  },
  {
    "date": "2018-03-31",
    "symbol": "ECL",
    "reportedCurrency": "USD",
    "cik": "0000031462",
    "fillingDate": "2018-05-03",
    "acceptedDate": "2018-05-03 08:15:34",
    "calendarYear": "2018",
    "period": "Q1",
    "revenue": 3470900000,
    "costOfRevenue": 2070400000,
    "grossProfit": 1400500000,
    "grossProfitRatio": 0.4034976519,
    "researchAndDevelopmentExpenses": 0,
    "generalAndAdministrativeExpenses": 0,
    "sellingAndMarketingExpenses": 0,
    "sellingGeneralAndAdministrativeExpenses": 952300000,
    "otherExpenses": 0,
    "operatingExpenses": 952300000,
    "costAndExpenses": 3022700000,
    "interestIncome": 4600000,
    "interestExpense": 69100000,
    "depreciationAndAmortization": 231100000,
    "ebitda": 617500000,
    "ebitdaratio": 0.1779077473,
    "operatingIncome": 448200000,
    "operatingIncomeRatio": 0.129130773,
    "totalOtherIncomeExpensesNet": -130900000,
    "incomeBeforeTax": 317300000,
    "incomeBeforeTaxRatio": 0.0914172117,
    "incomeTaxExpense": 69100000,
    "netIncome": 247300000,
    "netIncomeRatio": 0.0712495318,
    "eps": 0.86,
    "epsdiluted": 0.84,
    "weightedAverageShsOut": 288600000,
    "weightedAverageShsOutDil": 292700000,
    "link": "https://www.sec.gov/Archives/edgar/data/31462/000155837018003829/0001558370-18-003829-index.htm",
    "finalLink": "https://www.sec.gov/Archives/edgar/data/31462/000155837018003829/ecl-20180331x10q.htm"
  },
  {
    "date": "2017-12-31",
    "symbol": "ECL",
    "reportedCurrency": "USD",
    "cik": "0000031462",
    "fillingDate": "2018-02-23",
    "acceptedDate": "2018-02-23 08:46:10",
    "calendarYear": "2017",
    "period": "Q4",
    "revenue": 3649000000,
    "costOfRevenue": 2109199999,
    "grossProfit": 1539800000,
    "grossProfitRatio": 0.4219786243,
    "researchAndDevelopmentExpenses": 0,
    "generalAndAdministrativeExpenses": 0,
    "sellingAndMarketingExpenses": 0,
    "sellingGeneralAndAdministrativeExpenses": 886200000,
    "otherExpenses": 0,
    "operatingExpenses": 886200000,
    "costAndExpenses": 2995400000,
    "interestIncome": 5800000,
    "interestExpense": 68800000,
    "depreciationAndAmortization": 227800000,
    "ebitda": 844800000,
    "ebitdaratio": 0.2315154837,
    "operatingIncome": 653600000,
    "operatingIncomeRatio": 0.1791175665,
    "totalOtherIncomeExpensesNet": -105400000,
    "incomeBeforeTax": 548200000,
    "incomeBeforeTaxRatio": 0.1502329405,
    "incomeTaxExpense": -20200000,
    "netIncome": 562600000,
    "netIncomeRatio": 0.1541792272,
    "eps": 1.96,
    "epsdiluted": 1.93,
    "weightedAverageShsOut": 289100000,
    "weightedAverageShsOutDil": 293600000,
    "link": "https://www.sec.gov/Archives/edgar/data/31462/000155837018000999/0001558370-18-000999-index.htm",
    "finalLink": "https://www.sec.gov/Archives/edgar/data/31462/000155837018000999/ecl-20171231x10k.htm"
  },
  {
    "date": "2017-09-30",
    "symbol": "ECL",
    "reportedCurrency": "USD",
    "cik": "0000031462",
    "fillingDate": "2017-11-02",
    "acceptedDate": "2017-11-02 16:58:38",
    "calendarYear": "2017",
    "period": "Q3",
    "revenue": 3564500000,
    "costOfRevenue": 2063400000,
    "grossProfit": 1501100000,
    "grossProfitRatio": 0.4211249825,
    "researchAndDevelopmentExpenses": 0,
    "generalAndAdministrativeExpenses": 0,
    "sellingAndMarketingExpenses": 0,
    "sellingGeneralAndAdministrativeExpenses": 802000000,
    "otherExpenses": 0,
    "operatingExpenses": 802000000,
    "costAndExpenses": 2865400000,
    "interestIncome": 5600000,
    "interestExpense": 66099999,
    "depreciationAndAmortization": 228300000,
    "ebitda": 820300000,
    "ebitdaratio": 0.2301304531,
    "operatingIncome": 699100000,
    "operatingIncomeRatio": 0.1961284893,
    "totalOtherIncomeExpensesNet": -173200000,
    "incomeBeforeTax": 525900000,
    "incomeBeforeTaxRatio": 0.1475382242,
    "incomeTaxExpense": 129300000,
    "netIncome": 393200000,
    "netIncomeRatio": 0.1103100014,
    "eps": 1.36,
    "epsdiluted": 1.34,
    "weightedAverageShsOut": 289000000,
    "weightedAverageShsOutDil": 293400000,
    "link": "https://www.sec.gov/Archives/edgar/data/31462/000155837017008023/0001558370-17-008023-index.htm",
    "finalLink": "https://www.sec.gov/Archives/edgar/data/31462/000155837017008023/ecl-20170930x10q.htm"
  },
  {
    "date": "2017-06-30",
    "symbol": "ECL",
    "reportedCurrency": "USD",
    "cik": "0000031462",
    "fillingDate": "2017-08-03",
    "acceptedDate": "2017-08-03 08:40:53",
    "calendarYear": "2017",
    "period": "Q2",
    "revenue": 3460000000,
    "costOfRevenue": 2012700000,
    "grossProfit": 1447300000,
    "grossProfitRatio": 0.4182947977,
    "researchAndDevelopmentExpenses": 0,
    "generalAndAdministrativeExpenses": 0,
    "sellingAndMarketingExpenses": 0,
    "sellingGeneralAndAdministrativeExpenses": 884100000,
    "otherExpenses": 0,
    "operatingExpenses": 884100000,
    "costAndExpenses": 2896800000,
    "interestIncome": 4099999,
    "interestExpense": 61700000,
    "depreciationAndAmortization": 221200000,
    "ebitda": 663800000,
    "ebitdaratio": 0.191849711,
    "operatingIncome": 563200000,
    "operatingIncomeRatio": 0.1627745665,
    "totalOtherIncomeExpensesNet": -186400000,
    "incomeBeforeTax": 376800000,
    "incomeBeforeTaxRatio": 0.1089017341,
    "incomeTaxExpense": 80500000,
    "netIncome": 294800000,
    "netIncomeRatio": 0.0852023121,
    "eps": 1.03,
    "epsdiluted": 1.01,
    "weightedAverageShsOut": 289800000,
    "weightedAverageShsOutDil": 294100000,
    "link": "https://www.sec.gov/Archives/edgar/data/31462/000155837017005778/0001558370-17-005778-index.htm",
    "finalLink": "https://www.sec.gov/Archives/edgar/data/31462/000155837017005778/ecl-20170630x10q.htm"
  },
  {
    "date": "2017-03-31",
    "symbol": "ECL",
    "reportedCurrency": "USD",
    "cik": "0000031462",
    "fillingDate": "2017-05-04",
    "acceptedDate": "2017-05-04 16:36:42",
    "calendarYear": "2017",
    "period": "Q1",
    "revenue": 3161600000,
    "costOfRevenue": 1687500000,
    "grossProfit": 1474100000,
    "grossProfitRatio": 0.4662512652,
    "researchAndDevelopmentExpenses": 0,
    "generalAndAdministrativeExpenses": 0,
    "sellingAndMarketingExpenses": 0,
    "sellingGeneralAndAdministrativeExpenses": 1098200000,
    "otherExpenses": 0,
    "operatingExpenses": 1098200000,
    "costAndExpenses": 2785700000,
    "interestIncome": 4099999,
    "interestExpense": 66300000,
    "depreciationAndAmortization": 216000000,
    "ebitda": 593100000,
    "ebitdaratio": 0.1875948887,
    "operatingIncome": 375900000,
    "operatingIncomeRatio": 0.118895496,
    "totalOtherIncomeExpensesNet": -65100000,
    "incomeBeforeTax": 310800000,
    "incomeBeforeTaxRatio": 0.0983046559,
    "incomeTaxExpense": 54000000,
    "netIncome": 253500000,
    "netIncomeRatio": 0.0801809211,
    "eps": 0.87,
    "epsdiluted": 0.86,
    "weightedAverageShsOut": 290600000,
    "weightedAverageShsOutDil": 295000000,
    "link": "https://www.sec.gov/Archives/edgar/data/31462/000155837017003539/0001558370-17-003539-index.htm",
    "finalLink": "https://www.sec.gov/Archives/edgar/data/31462/000155837017003539/ecl-20170331x10q.htm"
  },
  {
    "date": "2016-12-31",
    "symbol": "ECL",
    "reportedCurrency": "USD",
    "cik": "0000031462",
    "fillingDate": "2017-02-24",
    "acceptedDate": "2017-02-24 08:25:17",
    "calendarYear": "2016",
    "period": "Q4",
    "revenue": 3352100000,
    "costOfRevenue": 1731200000,
    "grossProfit": 1620900000,
    "grossProfitRatio": 0.4835476269,
    "researchAndDevelopmentExpenses": 0,
    "generalAndAdministrativeExpenses": 0,
    "sellingAndMarketingExpenses": 0,
    "sellingGeneralAndAdministrativeExpenses": 1087800000,
    "otherExpenses": 0,
    "operatingExpenses": 1087800000,
    "costAndExpenses": 2819000000,
    "interestIncome": 7700000,
    "interestExpense": 70800000,
    "depreciationAndAmortization": 212600000,
    "ebitda": 772000000,
    "ebitdaratio": 0.2303033919,
    "operatingIncome": 533100000,
    "operatingIncomeRatio": 0.159034635,
    "totalOtherIncomeExpensesNet": -44500000,
    "incomeBeforeTax": 488600000,
    "incomeBeforeTaxRatio": 0.1457593747,
    "incomeTaxExpense": 116600000,
    "netIncome": 366300000,
    "netIncomeRatio": 0.109274783,
    "eps": 1.26,
    "epsdiluted": 1.24,
    "weightedAverageShsOut": 291700000,
    "weightedAverageShsOutDil": 295500000,
    "link": "https://www.sec.gov/Archives/edgar/data/31462/000155837017000944/0001558370-17-000944-index.htm",
    "finalLink": "https://www.sec.gov/Archives/edgar/data/31462/000155837017000944/ecl-20161231x10k.htm"
  },
  {
    "date": "2016-09-30",
    "symbol": "ECL",
    "reportedCurrency": "USD",
    "cik": "0000031462",
    "fillingDate": "2016-11-03",
    "acceptedDate": "2016-11-03 16:32:00",
    "calendarYear": "2016",
    "period": "Q3",
    "revenue": 3386100000,
    "costOfRevenue": 1742200000,
    "grossProfit": 1643900000,
    "grossProfitRatio": 0.485484776,
    "researchAndDevelopmentExpenses": 0,
    "generalAndAdministrativeExpenses": 0,
    "sellingAndMarketingExpenses": 0,
    "sellingGeneralAndAdministrativeExpenses": 1060000000,
    "otherExpenses": 0,
    "operatingExpenses": 1060000000,
    "costAndExpenses": 2802200000,
    "interestIncome": 4099999,
    "interestExpense": 68400000,
    "depreciationAndAmortization": 216800000,
    "ebitda": 794400000,
    "ebitdaratio": 0.2346061841,
    "operatingIncome": 583900000,
    "operatingIncomeRatio": 0.1724402705,
    "totalOtherIncomeExpensesNet": -74700000,
    "incomeBeforeTax": 509200000,
    "incomeBeforeTaxRatio": 0.1503794926,
    "incomeTaxExpense": 129699999,
    "netIncome": 374100000,
    "netIncomeRatio": 0.1104810844,
    "eps": 1.28,
    "epsdiluted": 1.27,
    "weightedAverageShsOut": 291600000,
    "weightedAverageShsOutDil": 295700000,
    "link": "https://www.sec.gov/Archives/edgar/data/31462/000155837016009235/0001558370-16-009235-index.htm",
    "finalLink": "https://www.sec.gov/Archives/edgar/data/31462/000155837016009235/ecl-20160930x10q.htm"
  },
  {
    "date": "2016-06-30",
    "symbol": "ECL",
    "reportedCurrency": "USD",
    "cik": "0000031462",
    "fillingDate": "2016-08-04",
    "acceptedDate": "2016-08-04 08:33:26",
    "calendarYear": "2016",
    "period": "Q2",
    "revenue": 3317200000,
    "costOfRevenue": 1785200000,
    "grossProfit": 1532000000,
    "grossProfitRatio": 0.4618352828,
    "researchAndDevelopmentExpenses": 0,
    "generalAndAdministrativeExpenses": 1093300000,
    "sellingAndMarketingExpenses": 0,
    "sellingGeneralAndAdministrativeExpenses": 1093300000,
    "otherExpenses": 0,
    "operatingExpenses": 1093300000,
    "costAndExpenses": 2878500000,
    "interestIncome": 6200000,
    "interestExpense": 65300000,
    "depreciationAndAmortization": 209100000,
    "ebitda": 709700000,
    "ebitdaratio": 0.2139454962,
    "operatingIncome": 412500000,
    "operatingIncomeRatio": 0.124351863,
    "totalOtherIncomeExpensesNet": -65300000,
    "incomeBeforeTax": 347200000,
    "incomeBeforeTaxRatio": 0.1046665863,
    "incomeTaxExpense": 83600000,
    "netIncome": 258400000,
    "netIncomeRatio": 0.0778970216,
    "eps": 0.88,
    "epsdiluted": 0.87,
    "weightedAverageShsOut": 292400000,
    "weightedAverageShsOutDil": 296500000,
    "link": "https://www.sec.gov/Archives/edgar/data/31462/000155837016007312/0001558370-16-007312-index.htm",
    "finalLink": "https://www.sec.gov/Archives/edgar/data/31462/000155837016007312/ecl-20160630x10q.htm"
  },
  {
    "date": "2016-03-31",
    "symbol": "ECL",
    "reportedCurrency": "USD",
    "cik": "0000031462",
    "fillingDate": "2016-05-05",
    "acceptedDate": "2016-05-05 08:38:47",
    "calendarYear": "2016",
    "period": "Q1",
    "revenue": 3097400000,
    "costOfRevenue": 1631400000,
    "grossProfit": 1466000000,
    "grossProfitRatio": 0.4733001873,
    "researchAndDevelopmentExpenses": 0,
    "generalAndAdministrativeExpenses": 1088200000,
    "sellingAndMarketingExpenses": 0,
    "sellingGeneralAndAdministrativeExpenses": 1088200000,
    "otherExpenses": 0,
    "operatingExpenses": 1088200000,
    "costAndExpenses": 2719600000,
    "interestIncome": 2800000,
    "interestExpense": 66100000,
    "depreciationAndAmortization": 212200000,
    "ebitda": 590000000,
    "ebitdaratio": 0.19048234,
    "operatingIncome": 371500000,
    "operatingIncomeRatio": 0.1199393039,
    "totalOtherIncomeExpensesNet": -66100000,
    "incomeBeforeTax": 305400000,
    "incomeBeforeTaxRatio": 0.0985988248,
    "incomeTaxExpense": 73400000,
    "netIncome": 230800000,
    "netIncomeRatio": 0.0745141086,
    "eps": 0.78,
    "epsdiluted": 0.77,
    "weightedAverageShsOut": 294400000,
    "weightedAverageShsOutDil": 298300000,
    "link": "https://www.sec.gov/Archives/edgar/data/31462/000155837016005353/0001558370-16-005353-index.htm",
    "finalLink": "https://www.sec.gov/Archives/edgar/data/31462/000155837016005353/ecl-20160331x10q.htm"
  },
  {
    "date": "2015-12-31",
    "symbol": "ECL",
    "reportedCurrency": "USD",
    "cik": "0000031462",
    "fillingDate": "2016-02-26",
    "acceptedDate": "2016-02-26 08:46:43",
    "calendarYear": "2015",
    "period": "Q4",
    "revenue": 3412000000,
    "costOfRevenue": 1831700000,
    "grossProfit": 1580300000,
    "grossProfitRatio": 0.4631594373,
    "researchAndDevelopmentExpenses": 191000000,
    "generalAndAdministrativeExpenses": 1058800000,
    "sellingAndMarketingExpenses": 0,
    "sellingGeneralAndAdministrativeExpenses": 1058800000,
    "otherExpenses": 0,
    "operatingExpenses": 1058800000,
    "costAndExpenses": 2890500000,
    "interestIncome": 1100000,
    "interestExpense": 62300000,
    "depreciationAndAmortization": 212400000,
    "ebitda": 779100000,
    "ebitdaratio": 0.2283411489,
    "operatingIncome": 322800000,
    "operatingIncomeRatio": 0.0946072685,
    "totalOtherIncomeExpensesNet": -62300000,
    "incomeBeforeTax": 260500000,
    "incomeBeforeTaxRatio": 0.0763481829,
    "incomeTaxExpense": 37600000,
    "netIncome": 208900000,
    "netIncomeRatio": 0.0612250879,
    "eps": 0.71,
    "epsdiluted": 0.69,
    "weightedAverageShsOut": 295800000,
    "weightedAverageShsOutDil": 300600000,
    "link": "https://www.sec.gov/Archives/edgar/data/31462/000155837016003581/0001558370-16-003581-index.htm",
    "finalLink": "https://www.sec.gov/Archives/edgar/data/31462/000155837016003581/ecl-20151231x10k.htm"
  },
  {
    "date": "2015-09-30",
    "symbol": "ECL",
    "reportedCurrency": "USD",
    "cik": "0000031462",
    "fillingDate": "2015-11-02",
    "acceptedDate": "2015-11-02 16:33:02",
    "calendarYear": "2015",
    "period": "Q3",
    "revenue": 3446400000,
    "costOfRevenue": 1820000000,
    "grossProfit": 1626400000,
    "grossProfitRatio": 0.4719127205,
    "researchAndDevelopmentExpenses": 0,
    "generalAndAdministrativeExpenses": 1070700000,
    "sellingAndMarketingExpenses": 0,
    "sellingGeneralAndAdministrativeExpenses": 1070700000,
    "otherExpenses": 0,
    "operatingExpenses": 1070700000,
    "costAndExpenses": 2890700000,
    "interestIncome": 4000000,
    "interestExpense": 61600000,
    "depreciationAndAmortization": 211400000,
    "ebitda": 790900000,
    "ebitdaratio": 0.2294858403,
    "operatingIncome": 413000000,
    "operatingIncomeRatio": 0.1198351903,
    "totalOtherIncomeExpensesNet": -57600000,
    "incomeBeforeTax": 355400000,
    "incomeBeforeTaxRatio": 0.1031220984,
    "incomeTaxExpense": 105300000,
    "netIncome": 257800000,
    "netIncomeRatio": 0.0748026927,
    "eps": 0.87,
    "epsdiluted": 0.86,
    "weightedAverageShsOut": 295200000,
    "weightedAverageShsOutDil": 300000000,
    "link": "https://www.sec.gov/Archives/edgar/data/31462/000110465915074906/0001104659-15-074906-index.htm",
    "finalLink": "https://www.sec.gov/Archives/edgar/data/31462/000110465915074906/a15-17904_110q.htm"
  },
  {
    "date": "2015-06-30",
    "symbol": "ECL",
    "reportedCurrency": "USD",
    "cik": "0000031462",
    "fillingDate": "2015-08-06",
    "acceptedDate": "2015-08-06 08:43:57",
    "calendarYear": "2015",
    "period": "Q2",
    "revenue": 3389100000,
    "costOfRevenue": 1806500000,
    "grossProfit": 1582600000,
    "grossProfitRatio": 0.4669676315,
    "researchAndDevelopmentExpenses": 0,
    "generalAndAdministrativeExpenses": 1079200000,
    "sellingAndMarketingExpenses": 0,
    "sellingGeneralAndAdministrativeExpenses": 1079200000,
    "otherExpenses": 0,
    "operatingExpenses": 1079200000,
    "costAndExpenses": 2885700000,
    "interestIncome": 2300000,
    "interestExpense": 61200000,
    "depreciationAndAmortization": 218500000,
    "ebitda": 732900000,
    "ebitdaratio": 0.2162521023,
    "operatingIncome": 437800000,
    "operatingIncomeRatio": 0.129178838,
    "totalOtherIncomeExpensesNet": -61200000,
    "incomeBeforeTax": 376600000,
    "incomeBeforeTaxRatio": 0.1111209466,
    "incomeTaxExpense": 67800000,
    "netIncome": 302000000,
    "netIncomeRatio": 0.089109203,
    "eps": 1.02,
    "epsdiluted": 1,
    "weightedAverageShsOut": 296200000,
    "weightedAverageShsOutDil": 301100000,
    "link": "https://www.sec.gov/Archives/edgar/data/31462/000110465915056831/0001104659-15-056831-index.htm",
    "finalLink": "https://www.sec.gov/Archives/edgar/data/31462/000110465915056831/a15-11987_110q.htm"
  },
  {
    "date": "2015-03-31",
    "symbol": "ECL",
    "reportedCurrency": "USD",
    "cik": "0000031462",
    "fillingDate": "2015-05-07",
    "acceptedDate": "2015-05-07 08:36:08",
    "calendarYear": "2015",
    "period": "Q1",
    "revenue": 3297600000,
    "costOfRevenue": 1765300000,
    "grossProfit": 1532300000,
    "grossProfitRatio": 0.4646712761,
    "researchAndDevelopmentExpenses": 0,
    "generalAndAdministrativeExpenses": 1136800000,
    "sellingAndMarketingExpenses": 0,
    "sellingGeneralAndAdministrativeExpenses": 1136800000,
    "otherExpenses": 0,
    "operatingExpenses": 1136800000,
    "costAndExpenses": 2902100000,
    "interestIncome": 2700000,
    "interestExpense": 62500000,
    "depreciationAndAmortization": 217200000,
    "ebitda": 613300000,
    "ebitdaratio": 0.1859837458,
    "operatingIncome": 387700000,
    "operatingIncomeRatio": 0.1175703542,
    "totalOtherIncomeExpensesNet": -62500000,
    "incomeBeforeTax": 325200000,
    "incomeBeforeTaxRatio": 0.0986171761,
    "incomeTaxExpense": 89800000,
    "netIncome": 233400000,
    "netIncomeRatio": 0.0707787482,
    "eps": 0.78,
    "epsdiluted": 0.77,
    "weightedAverageShsOut": 298200000,
    "weightedAverageShsOutDil": 303200000,
    "link": "https://www.sec.gov/Archives/edgar/data/31462/000110465915035223/0001104659-15-035223-index.htm",
    "finalLink": "https://www.sec.gov/Archives/edgar/data/31462/000110465915035223/a15-7220_110q.htm"
  },
  {
    "date": "2014-12-31",
    "symbol": "ECL",
    "reportedCurrency": "USD",
    "cik": "0000031462",
    "fillingDate": "2015-02-27",
    "acceptedDate": "2015-02-27 08:50:20",
    "calendarYear": "2014",
    "period": "Q4",
    "revenue": 3680800000,
    "costOfRevenue": 1979900000,
    "grossProfit": 1700900000,
    "grossProfitRatio": 0.4621006303,
    "researchAndDevelopmentExpenses": 197000000,
    "generalAndAdministrativeExpenses": 1142100000,
    "sellingAndMarketingExpenses": 0,
    "sellingGeneralAndAdministrativeExpenses": 1142100000,
    "otherExpenses": 0,
    "operatingExpenses": 1142100000,
    "costAndExpenses": 3122000000,
    "interestIncome": 4000000,
    "interestExpense": 62000000,
    "depreciationAndAmortization": 218000000,
    "ebitda": 783200000,
    "ebitdaratio": 0.2127798305,
    "operatingIncome": 520500000,
    "operatingIncomeRatio": 0.1414094762,
    "totalOtherIncomeExpensesNet": -62000000,
    "incomeBeforeTax": 458500000,
    "incomeBeforeTaxRatio": 0.1245653119,
    "incomeTaxExpense": 115200000,
    "netIncome": 335500000,
    "netIncomeRatio": 0.0911486633,
    "eps": 1.12,
    "epsdiluted": 1.1,
    "weightedAverageShsOut": 300100000,
    "weightedAverageShsOutDil": 305600000,
    "link": "https://www.sec.gov/Archives/edgar/data/31462/000110465915014788/0001104659-15-014788-index.htm",
    "finalLink": "https://www.sec.gov/Archives/edgar/data/31462/000110465915014788/a14-25700_110k.htm"
  },
  {
    "date": "2014-09-30",
    "symbol": "ECL",
    "reportedCurrency": "USD",
    "cik": "0000031462",
    "fillingDate": "2014-10-30",
    "acceptedDate": "2014-10-30 16:31:34",
    "calendarYear": "2014",
    "period": "Q3",
    "revenue": 3694900000,
    "costOfRevenue": 1970600000,
    "grossProfit": 1724300000,
    "grossProfitRatio": 0.4666702752,
    "researchAndDevelopmentExpenses": 0,
    "generalAndAdministrativeExpenses": 1145900000,
    "sellingAndMarketingExpenses": 0,
    "sellingGeneralAndAdministrativeExpenses": 1145900000,
    "otherExpenses": 0,
    "operatingExpenses": 1145900000,
    "costAndExpenses": 3116500000,
    "interestIncome": 2800000,
    "interestExpense": 63300000,
    "depreciationAndAmortization": 218600000,
    "ebitda": 797800000,
    "ebitdaratio": 0.21591924,
    "operatingIncome": 571400000,
    "operatingIncomeRatio": 0.1546455926,
    "totalOtherIncomeExpensesNet": -63300000,
    "incomeBeforeTax": 508100000,
    "incomeBeforeTaxRatio": 0.1375138705,
    "incomeTaxExpense": 138700000,
    "netIncome": 364900000,
    "netIncomeRatio": 0.0987577472,
    "eps": 1.22,
    "epsdiluted": 1.19,
    "weightedAverageShsOut": 300000000,
    "weightedAverageShsOutDil": 305700000,
    "link": "https://www.sec.gov/Archives/edgar/data/31462/000110465914075274/0001104659-14-075274-index.htm",
    "finalLink": "https://www.sec.gov/Archives/edgar/data/31462/000110465914075274/a14-19657_110q.htm"
  },
  {
    "date": "2014-06-30",
    "symbol": "ECL",
    "reportedCurrency": "USD",
    "cik": "0000031462",
    "fillingDate": "2014-08-07",
    "acceptedDate": "2014-08-07 07:51:50",
    "calendarYear": "2014",
    "period": "Q2",
    "revenue": 3568200000,
    "costOfRevenue": 1909400000,
    "grossProfit": 1658800000,
    "grossProfitRatio": 0.4648842554,
    "researchAndDevelopmentExpenses": 0,
    "generalAndAdministrativeExpenses": 1152700000,
    "sellingAndMarketingExpenses": 0,
    "sellingGeneralAndAdministrativeExpenses": 1152700000,
    "otherExpenses": 0,
    "operatingExpenses": 1152700000,
    "costAndExpenses": 3062100000,
    "interestIncome": 2400000,
    "interestExpense": 66200000,
    "depreciationAndAmortization": 218600000,
    "ebitda": 725800000,
    "ebitdaratio": 0.2034078807,
    "operatingIncome": 512200000,
    "operatingIncomeRatio": 0.1435457654,
    "totalOtherIncomeExpensesNet": -66200000,
    "incomeBeforeTax": 446000000,
    "incomeBeforeTaxRatio": 0.1249929937,
    "incomeTaxExpense": 131000000,
    "netIncome": 311400000,
    "netIncomeRatio": 0.0872708929,
    "eps": 1.04,
    "epsdiluted": 1.02,
    "weightedAverageShsOut": 299600000,
    "weightedAverageShsOutDil": 305200000,
    "link": "https://www.sec.gov/Archives/edgar/data/31462/000110465914057864/0001104659-14-057864-index.htm",
    "finalLink": "https://www.sec.gov/Archives/edgar/data/31462/000110465914057864/a14-13909_110q.htm"
  },
  {
    "date": "2014-03-31",
    "symbol": "ECL",
    "reportedCurrency": "USD",
    "cik": "0000031462",
    "fillingDate": "2014-05-08",
    "acceptedDate": "2014-05-08 07:31:53",
    "calendarYear": "2014",
    "period": "Q1",
    "revenue": 3336600000,
    "costOfRevenue": 1819200000,
    "grossProfit": 1517400000,
    "grossProfitRatio": 0.4547743212,
    "researchAndDevelopmentExpenses": 0,
    "generalAndAdministrativeExpenses": 1136900000,
    "sellingAndMarketingExpenses": 0,
    "sellingGeneralAndAdministrativeExpenses": 1136900000,
    "otherExpenses": 0,
    "operatingExpenses": 1136900000,
    "costAndExpenses": 2956100000,
    "interestIncome": 2200000,
    "interestExpense": 65100000,
    "depreciationAndAmortization": 216800000,
    "ebitda": 603300000,
    "ebitdaratio": 0.1808128035,
    "operatingIncome": 350900000,
    "operatingIncomeRatio": 0.1051669364,
    "totalOtherIncomeExpensesNet": -65100000,
    "incomeBeforeTax": 285800000,
    "incomeBeforeTaxRatio": 0.0856560571,
    "incomeTaxExpense": 91300000,
    "netIncome": 191000000,
    "netIncomeRatio": 0.057243901,
    "eps": 0.64,
    "epsdiluted": 0.62,
    "weightedAverageShsOut": 300600000,
    "weightedAverageShsOutDil": 306500000,
    "link": "https://www.sec.gov/Archives/edgar/data/31462/000110465914036104/0001104659-14-036104-index.htm",
    "finalLink": "https://www.sec.gov/Archives/edgar/data/31462/000110465914036104/a14-8804_110q.htm"
  },
  {
    "date": "2013-12-31",
    "symbol": "ECL",
    "reportedCurrency": "USD",
    "cik": "0000031462",
    "fillingDate": "2014-02-28",
    "acceptedDate": "2014-02-28 07:52:07",
    "calendarYear": "2013",
    "period": "Q4",
    "revenue": 3559500000,
    "costOfRevenue": 1963800000,
    "grossProfit": 1595700000,
    "grossProfitRatio": 0.4482932996,
    "researchAndDevelopmentExpenses": 188000000,
    "generalAndAdministrativeExpenses": 1104900000,
    "sellingAndMarketingExpenses": 0,
    "sellingGeneralAndAdministrativeExpenses": 1104900000,
    "otherExpenses": 0,
    "operatingExpenses": 1104900000,
    "costAndExpenses": 3068700000,
    "interestIncome": 2200000,
    "interestExpense": 67600000,
    "depreciationAndAmortization": 214400000,
    "ebitda": 724900000,
    "ebitdaratio": 0.2036521983,
    "operatingIncome": 470600000,
    "operatingIncomeRatio": 0.13220958,
    "totalOtherIncomeExpensesNet": -67600000,
    "incomeBeforeTax": 403000000,
    "incomeBeforeTaxRatio": 0.1132181486,
    "incomeTaxExpense": 113400000,
    "netIncome": 287100000,
    "netIncomeRatio": 0.0806573957,
    "eps": 0.95,
    "epsdiluted": 0.93,
    "weightedAverageShsOut": 301200000,
    "weightedAverageShsOutDil": 307500000,
    "link": "https://www.sec.gov/Archives/edgar/data/31462/000110465914014489/0001104659-14-014489-index.htm",
    "finalLink": "https://www.sec.gov/Archives/edgar/data/31462/000110465914014489/a13-25814_110k.htm"
  },
  {
    "date": "2013-09-30",
    "symbol": "ECL",
    "reportedCurrency": "USD",
    "cik": "0000031462",
    "fillingDate": "2013-10-31",
    "acceptedDate": "2013-10-31 16:35:26",
    "calendarYear": "2013",
    "period": "Q3",
    "revenue": 3484000000,
    "costOfRevenue": 1882800000,
    "grossProfit": 1601200000,
    "grossProfitRatio": 0.459586682,
    "researchAndDevelopmentExpenses": 0,
    "generalAndAdministrativeExpenses": 1097400000,
    "sellingAndMarketingExpenses": 0,
    "sellingGeneralAndAdministrativeExpenses": 1097400000,
    "otherExpenses": 0,
    "operatingExpenses": 1097400000,
    "costAndExpenses": 2980200000,
    "interestIncome": 2200000,
    "interestExpense": 67000000,
    "depreciationAndAmortization": 211900000,
    "ebitda": 722000000,
    "ebitdaratio": 0.2072330654,
    "operatingIncome": 476000000,
    "operatingIncomeRatio": 0.1366245695,
    "totalOtherIncomeExpensesNet": -67000000,
    "incomeBeforeTax": 409000000,
    "incomeBeforeTaxRatio": 0.1173938002,
    "incomeTaxExpense": 101800000,
    "netIncome": 308000000,
    "netIncomeRatio": 0.0884041332,
    "eps": 1.02,
    "epsdiluted": 1,
    "weightedAverageShsOut": 301300000,
    "weightedAverageShsOutDil": 307200000,
    "link": "https://www.sec.gov/Archives/edgar/data/31462/000110465913079690/0001104659-13-079690-index.htm",
    "finalLink": "https://www.sec.gov/Archives/edgar/data/31462/000110465913079690/a13-19567_110q.htm"
  },
  {
    "date": "2013-06-30",
    "symbol": "ECL",
    "reportedCurrency": "USD",
    "cik": "0000031462",
    "fillingDate": "2013-08-01",
    "acceptedDate": "2013-08-01 07:48:37",
    "calendarYear": "2013",
    "period": "Q2",
    "revenue": 3337800000,
    "costOfRevenue": 1828600000,
    "grossProfit": 1509200000,
    "grossProfitRatio": 0.4521541135,
    "researchAndDevelopmentExpenses": 0,
    "generalAndAdministrativeExpenses": 1083300000,
    "sellingAndMarketingExpenses": 0,
    "sellingGeneralAndAdministrativeExpenses": 1083300000,
    "otherExpenses": 0,
    "operatingExpenses": 1083300000,
    "costAndExpenses": 2911900000,
    "interestIncome": 2600000,
    "interestExpense": 66200000,
    "depreciationAndAmortization": 204600000,
    "ebitda": 559500000,
    "ebitdaratio": 0.167625382,
    "operatingIncome": 352300000,
    "operatingIncomeRatio": 0.1055485649,
    "totalOtherIncomeExpensesNet": -66200000,
    "incomeBeforeTax": 286100000,
    "incomeBeforeTaxRatio": 0.0857151417,
    "incomeTaxExpense": 70300000,
    "netIncome": 213100000,
    "netIncomeRatio": 0.0638444484,
    "eps": 0.71,
    "epsdiluted": 0.69,
    "weightedAverageShsOut": 301500000,
    "weightedAverageShsOutDil": 307400000,
    "link": "https://www.sec.gov/Archives/edgar/data/31462/000110465913058639/0001104659-13-058639-index.htm",
    "finalLink": "https://www.sec.gov/Archives/edgar/data/31462/000110465913058639/a13-13662_110q.htm"
  },
  {
    "date": "2013-03-31",
    "symbol": "ECL",
    "reportedCurrency": "USD",
    "cik": "0000031462",
    "fillingDate": "2013-05-02",
    "acceptedDate": "2013-05-02 06:37:18",
    "calendarYear": "2013",
    "period": "Q1",
    "revenue": 2872100000,
    "costOfRevenue": 1564900000,
    "grossProfit": 1307200000,
    "grossProfitRatio": 0.4551373559,
    "researchAndDevelopmentExpenses": 0,
    "generalAndAdministrativeExpenses": 995800000,
    "sellingAndMarketingExpenses": 0,
    "sellingGeneralAndAdministrativeExpenses": 995800000,
    "otherExpenses": 0,
    "operatingExpenses": 995800000,
    "costAndExpenses": 2560700000,
    "interestIncome": 3500000,
    "interestExpense": 61500000,
    "depreciationAndAmortization": 185300000,
    "ebitda": 450500000,
    "ebitdaratio": 0.15685387,
    "operatingIncome": 261700000,
    "operatingIncomeRatio": 0.0911179973,
    "totalOtherIncomeExpensesNet": -61500000,
    "incomeBeforeTax": 200200000,
    "incomeBeforeTaxRatio": 0.0697050938,
    "incomeTaxExpense": 39200000,
    "netIncome": 159600000,
    "netIncomeRatio": 0.0555690958,
    "eps": 0.54,
    "epsdiluted": 0.53,
    "weightedAverageShsOut": 295400000,
    "weightedAverageShsOutDil": 300900000,
    "link": "https://www.sec.gov/Archives/edgar/data/31462/000110465913036197/0001104659-13-036197-index.htm",
    "finalLink": "https://www.sec.gov/Archives/edgar/data/31462/000110465913036197/a13-8307_110q.htm"
  },
  {
    "date": "2012-12-31",
    "symbol": "ECL",
    "reportedCurrency": "USD",
    "cik": "0000031462",
    "fillingDate": "2013-02-26",
    "acceptedDate": "2013-02-26 16:44:35",
    "calendarYear": "2012",
    "period": "Q4",
    "revenue": 3045800000,
    "costOfRevenue": 1644200000,
    "grossProfit": 1401600000,
    "grossProfitRatio": 0.4601746668,
    "researchAndDevelopmentExpenses": 183000000,
    "generalAndAdministrativeExpenses": 971100000,
    "sellingAndMarketingExpenses": 0,
    "sellingGeneralAndAdministrativeExpenses": 971100000,
    "otherExpenses": 0,
    "operatingExpenses": 971100000,
    "costAndExpenses": 2615300000,
    "interestIncome": 1500000,
    "interestExpense": 62500000,
    "depreciationAndAmortization": 366000000,
    "ebitda": 763300000,
    "ebitdaratio": 0.2506073938,
    "operatingIncome": 395800000,
    "operatingIncomeRatio": 0.1299494386,
    "totalOtherIncomeExpensesNet": -108800000,
    "incomeBeforeTax": 333300000,
    "incomeBeforeTaxRatio": 0.1094293782,
    "incomeTaxExpense": 98800000,
    "netIncome": 231400000,
    "netIncomeRatio": 0.0759734717,
    "eps": 0.79,
    "epsdiluted": 0.77,
    "weightedAverageShsOut": 293800000,
    "weightedAverageShsOutDil": 299900000,
    "link": "https://www.sec.gov/Archives/edgar/data/31462/000110465913014387/0001104659-13-014387-index.htm",
    "finalLink": "https://www.sec.gov/Archives/edgar/data/31462/000110465913014387/a12-28463_110k.htm"
  },
  {
    "date": "2012-09-30",
    "symbol": "ECL",
    "reportedCurrency": "USD",
    "cik": "0000031462",
    "fillingDate": "2012-10-30",
    "acceptedDate": "2012-10-30 16:35:25",
    "calendarYear": "2012",
    "period": "Q3",
    "revenue": 3023300000,
    "costOfRevenue": 1616400000,
    "grossProfit": 1406900000,
    "grossProfitRatio": 0.4653524295,
    "researchAndDevelopmentExpenses": 0,
    "generalAndAdministrativeExpenses": 977700000,
    "sellingAndMarketingExpenses": 0,
    "sellingGeneralAndAdministrativeExpenses": 977700000,
    "otherExpenses": 0,
    "operatingExpenses": 977700000,
    "costAndExpenses": 2594100000,
    "interestIncome": 2600000,
    "interestExpense": 64200000,
    "depreciationAndAmortization": 116700000,
    "ebitda": 581800000,
    "ebitdaratio": 0.1924387259,
    "operatingIncome": 401200000,
    "operatingIncomeRatio": 0.1327026759,
    "totalOtherIncomeExpensesNet": -64200000,
    "incomeBeforeTax": 337000000,
    "incomeBeforeTaxRatio": 0.1114676016,
    "incomeTaxExpense": 97700000,
    "netIncome": 238000000,
    "netIncomeRatio": 0.0787219264,
    "eps": 0.81,
    "epsdiluted": 0.8,
    "weightedAverageShsOut": 292700000,
    "weightedAverageShsOutDil": 298600000,
    "link": "https://www.sec.gov/Archives/edgar/data/31462/000110465912072308/0001104659-12-072308-index.htm",
    "finalLink": "https://www.sec.gov/Archives/edgar/data/31462/000110465912072308/a12-18762_110q.htm"
  },
  {
    "date": "2012-06-30",
    "symbol": "ECL",
    "reportedCurrency": "USD",
    "cik": "0000031462",
    "fillingDate": "2012-08-02",
    "acceptedDate": "2012-08-02 07:37:52",
    "calendarYear": "2012",
    "period": "Q2",
    "revenue": 2958700000,
    "costOfRevenue": 1608900000,
    "grossProfit": 1349800000,
    "grossProfitRatio": 0.4562138777,
    "researchAndDevelopmentExpenses": 0,
    "generalAndAdministrativeExpenses": 981700000,
    "sellingAndMarketingExpenses": 0,
    "sellingGeneralAndAdministrativeExpenses": 981700000,
    "otherExpenses": 0,
    "operatingExpenses": 981700000,
    "costAndExpenses": 2590600000,
    "interestIncome": 2200000,
    "interestExpense": 63900000,
    "depreciationAndAmortization": 116300000,
    "ebitda": 507100000,
    "ebitdaratio": 0.1713928415,
    "operatingIncome": 326500000,
    "operatingIncomeRatio": 0.1103525197,
    "totalOtherIncomeExpensesNet": -63900000,
    "incomeBeforeTax": 262600000,
    "incomeBeforeTaxRatio": 0.0887551965,
    "incomeTaxExpense": 79200000,
    "netIncome": 184500000,
    "netIncomeRatio": 0.0623584682,
    "eps": 0.63,
    "epsdiluted": 0.62,
    "weightedAverageShsOut": 291900000,
    "weightedAverageShsOutDil": 298200000,
    "link": "https://www.sec.gov/Archives/edgar/data/31462/000110465912053471/0001104659-12-053471-index.htm",
    "finalLink": "https://www.sec.gov/Archives/edgar/data/31462/000110465912053471/a12-13699_110q.htm"
  },
  {
    "date": "2012-03-31",
    "symbol": "ECL",
    "reportedCurrency": "USD",
    "cik": "0000031462",
    "fillingDate": "2012-05-03",
    "acceptedDate": "2012-05-03 07:01:54",
    "calendarYear": "2012",
    "period": "Q1",
    "revenue": 2810900000,
    "costOfRevenue": 1614000000,
    "grossProfit": 1196900000,
    "grossProfitRatio": 0.4258066811,
    "researchAndDevelopmentExpenses": 0,
    "generalAndAdministrativeExpenses": 989700000,
    "sellingAndMarketingExpenses": 0,
    "sellingGeneralAndAdministrativeExpenses": 989700000,
    "otherExpenses": 0,
    "operatingExpenses": 989700000,
    "costAndExpenses": 2603700000,
    "interestIncome": 2600000,
    "interestExpense": 86100000,
    "depreciationAndAmortization": 115500000,
    "ebitda": 345600000,
    "ebitdaratio": 0.1229499449,
    "operatingIncome": 165800000,
    "operatingIncomeRatio": 0.0589846668,
    "totalOtherIncomeExpensesNet": -86100000,
    "incomeBeforeTax": 79700000,
    "incomeBeforeTaxRatio": 0.028353908,
    "incomeTaxExpense": 35600000,
    "netIncome": 49700000,
    "netIncomeRatio": 0.0176811697,
    "eps": 0.17,
    "epsdiluted": 0.17,
    "weightedAverageShsOut": 291500000,
    "weightedAverageShsOutDil": 297900000,
    "link": "https://www.sec.gov/Archives/edgar/data/31462/000110465912032271/0001104659-12-032271-index.htm",
    "finalLink": "https://www.sec.gov/Archives/edgar/data/31462/000110465912032271/a12-7409_110q.htm"
  },
  {
    "date": "2011-12-31",
    "symbol": "ECL",
    "reportedCurrency": "USD",
    "cik": "0000031462",
    "fillingDate": "2012-02-28",
    "acceptedDate": "2012-02-28 17:14:44",
    "calendarYear": "2011",
    "period": "Q4",
    "revenue": 1845300000,
    "costOfRevenue": 966500000,
    "grossProfit": 878800000,
    "grossProfitRatio": 0.4762369262,
    "researchAndDevelopmentExpenses": 0,
    "generalAndAdministrativeExpenses": 651600000,
    "sellingAndMarketingExpenses": 0,
    "sellingGeneralAndAdministrativeExpenses": 651600000,
    "otherExpenses": 0,
    "operatingExpenses": 651600000,
    "costAndExpenses": 1618100000,
    "interestIncome": 2000000,
    "interestExpense": 36400000,
    "depreciationAndAmortization": 110700000,
    "ebitda": 276900000,
    "ebitdaratio": 0.1500569013,
    "operatingIncome": 164200000,
    "operatingIncomeRatio": 0.0889828212,
    "totalOtherIncomeExpensesNet": -34400000,
    "incomeBeforeTax": 129800000,
    "incomeBeforeTaxRatio": 0.070340866,
    "incomeTaxExpense": 41000000,
    "netIncome": 88700000,
    "netIncomeRatio": 0.0480680648,
    "eps": 0,
    "epsdiluted": 0,
    "weightedAverageShsOut": 291500000,
    "weightedAverageShsOutDil": 291500000,
    "link": "https://www.sec.gov/Archives/edgar/data/31462/000110465912014104/0001104659-12-014104-index.htm",
    "finalLink": "https://www.sec.gov/Archives/edgar/data/31462/000110465912014104/a11-30850_110k.htm"
  },
  {
    "date": "2011-09-30",
    "symbol": "ECL",
    "reportedCurrency": "USD",
    "cik": "0000031462",
    "fillingDate": "2011-10-31",
    "acceptedDate": "2011-10-31 08:37:30",
    "calendarYear": "2011",
    "period": "Q3",
    "revenue": 1736100000,
    "costOfRevenue": 877900000,
    "grossProfit": 858200000,
    "grossProfitRatio": 0.4943263637,
    "researchAndDevelopmentExpenses": 0,
    "generalAndAdministrativeExpenses": 595300000,
    "sellingAndMarketingExpenses": 0,
    "sellingGeneralAndAdministrativeExpenses": 595300000,
    "otherExpenses": 0,
    "operatingExpenses": 595300000,
    "costAndExpenses": 1473200000,
    "interestIncome": 2700000,
    "interestExpense": 15900000,
    "depreciationAndAmortization": 97100000,
    "ebitda": 325200000,
    "ebitdaratio": 0.1873163988,
    "operatingIncome": 239600000,
    "operatingIncomeRatio": 0.1380104833,
    "totalOtherIncomeExpensesNet": -13200000,
    "incomeBeforeTax": 226400000,
    "incomeBeforeTaxRatio": 0.1304072346,
    "incomeTaxExpense": 71900000,
    "netIncome": 154300000,
    "netIncomeRatio": 0.0888773688,
    "eps": 0.67,
    "epsdiluted": 0.65,
    "weightedAverageShsOut": 231900000,
    "weightedAverageShsOutDil": 236100000,
    "link": "https://www.sec.gov/Archives/edgar/data/31462/000110465911059014/0001104659-11-059014-index.htm",
    "finalLink": "https://www.sec.gov/Archives/edgar/data/31462/000110465911059014/a11-25620_110q.htm"
  },
  {
    "date": "2011-06-30",
    "symbol": "ECL",
    "reportedCurrency": "USD",
    "cik": "0000031462",
    "fillingDate": "2011-08-04",
    "acceptedDate": "2011-08-04 16:31:44",
    "calendarYear": "2011",
    "period": "Q2",
    "revenue": 1698800000,
    "costOfRevenue": 860800000,
    "grossProfit": 838000000,
    "grossProfitRatio": 0.4932893807,
    "researchAndDevelopmentExpenses": 0,
    "generalAndAdministrativeExpenses": 609600000,
    "sellingAndMarketingExpenses": 0,
    "sellingGeneralAndAdministrativeExpenses": 609600000,
    "otherExpenses": 0,
    "operatingExpenses": 609600000,
    "costAndExpenses": 1470400000,
    "interestIncome": 1700000,
    "interestExpense": 14800000,
    "depreciationAndAmortization": 96700000,
    "ebitda": 282800000,
    "ebitdaratio": 0.1664704497,
    "operatingIncome": 198300000,
    "operatingIncomeRatio": 0.1167294561,
    "totalOtherIncomeExpensesNet": -13100000,
    "incomeBeforeTax": 185200000,
    "incomeBeforeTaxRatio": 0.1090181304,
    "incomeTaxExpense": 59000000,
    "netIncome": 125900000,
    "netIncomeRatio": 0.0741111373,
    "eps": 0.54,
    "epsdiluted": 0.53,
    "weightedAverageShsOut": 231600000,
    "weightedAverageShsOutDil": 236100000,
    "link": "https://www.sec.gov/Archives/edgar/data/31462/000110465911043737/0001104659-11-043737-index.htm",
    "finalLink": "https://www.sec.gov/Archives/edgar/data/31462/000110465911043737/a11-13788_110q.htm"
  },
  {
    "date": "2011-03-31",
    "symbol": "ECL",
    "reportedCurrency": "USD",
    "cik": "0000031462",
    "fillingDate": "2011-05-05",
    "acceptedDate": "2011-05-05 07:31:11",
    "calendarYear": "2011",
    "period": "Q1",
    "revenue": 1518300000,
    "costOfRevenue": 770400000,
    "grossProfit": 747900000,
    "grossProfitRatio": 0.4925903972,
    "researchAndDevelopmentExpenses": 0,
    "generalAndAdministrativeExpenses": 581600000,
    "sellingAndMarketingExpenses": 0,
    "sellingGeneralAndAdministrativeExpenses": 581600000,
    "otherExpenses": 0,
    "operatingExpenses": 581600000,
    "costAndExpenses": 1352000000,
    "interestIncome": 1500000,
    "interestExpense": 15000000,
    "depreciationAndAmortization": 91200000,
    "ebitda": 232800000,
    "ebitdaratio": 0.1533293815,
    "operatingIncome": 151700000,
    "operatingIncomeRatio": 0.0999143779,
    "totalOtherIncomeExpensesNet": -13500000,
    "incomeBeforeTax": 138200000,
    "incomeBeforeTaxRatio": 0.0910228545,
    "incomeTaxExpense": 44400000,
    "netIncome": 93600000,
    "netIncomeRatio": 0.0616478957,
    "eps": 0.4,
    "epsdiluted": 0.4,
    "weightedAverageShsOut": 232000000,
    "weightedAverageShsOutDil": 235900000,
    "link": "https://www.sec.gov/Archives/edgar/data/31462/000110465911025984/0001104659-11-025984-index.htm",
    "finalLink": "https://www.sec.gov/Archives/edgar/data/31462/000110465911025984/a11-7908_110q.htm"
  },
  {
    "date": "2010-12-31",
    "symbol": "ECL",
    "reportedCurrency": "USD",
    "cik": "0000031462",
    "fillingDate": "2011-02-25",
    "acceptedDate": "2011-02-25 16:27:49",
    "calendarYear": "2010",
    "period": "Q4",
    "revenue": 1575500000,
    "costOfRevenue": 783700000,
    "grossProfit": 791800000,
    "grossProfitRatio": 0.5025706125,
    "researchAndDevelopmentExpenses": 0,
    "generalAndAdministrativeExpenses": 579700000,
    "sellingAndMarketingExpenses": 0,
    "sellingGeneralAndAdministrativeExpenses": 579700000,
    "otherExpenses": 0,
    "operatingExpenses": 579700000,
    "costAndExpenses": 1363400000,
    "interestIncome": 2700000,
    "interestExpense": 16900000,
    "depreciationAndAmortization": 88400000,
    "ebitda": 294700000,
    "ebitdaratio": 0.1870517296,
    "operatingIncome": 203600000,
    "operatingIncomeRatio": 0.1292288162,
    "totalOtherIncomeExpensesNet": -14200000,
    "incomeBeforeTax": 189400000,
    "incomeBeforeTaxRatio": 0.1202158045,
    "incomeTaxExpense": 57800000,
    "netIncome": 131300000,
    "netIncomeRatio": 0.0833386227,
    "eps": 0,
    "epsdiluted": 0,
    "weightedAverageShsOut": 232000000,
    "weightedAverageShsOutDil": 232000000,
    "link": "https://www.sec.gov/Archives/edgar/data/31462/000110465911010321/0001104659-11-010321-index.htm",
    "finalLink": "https://www.sec.gov/Archives/edgar/data/31462/000110465911010321/a11-2254_110k.htm"
  },
  {
    "date": "2010-09-30",
    "symbol": "ECL",
    "reportedCurrency": "USD",
    "cik": "0000031462",
    "fillingDate": "2010-11-04",
    "acceptedDate": "2010-11-04 16:33:55",
    "calendarYear": "2010",
    "period": "Q3",
    "revenue": 1561900000,
    "costOfRevenue": 763400000,
    "grossProfit": 798500000,
    "grossProfitRatio": 0.5112363147,
    "researchAndDevelopmentExpenses": 0,
    "generalAndAdministrativeExpenses": 558500000,
    "sellingAndMarketingExpenses": 0,
    "sellingGeneralAndAdministrativeExpenses": 558500000,
    "otherExpenses": 0,
    "operatingExpenses": 558500000,
    "costAndExpenses": 1321900000,
    "interestIncome": 1400000,
    "interestExpense": 14900000,
    "depreciationAndAmortization": 81500000,
    "ebitda": 328000000,
    "ebitdaratio": 0.2100006402,
    "operatingIncome": 245100000,
    "operatingIncomeRatio": 0.1569242589,
    "totalOtherIncomeExpensesNet": -14900000,
    "incomeBeforeTax": 230200000,
    "incomeBeforeTaxRatio": 0.1473845957,
    "incomeTaxExpense": 55900000,
    "netIncome": 174200000,
    "netIncomeRatio": 0.1115308278,
    "eps": 0.75,
    "epsdiluted": 0.74,
    "weightedAverageShsOut": 232800000,
    "weightedAverageShsOutDil": 237000000,
    "link": "https://www.sec.gov/Archives/edgar/data/31462/000110465910056085/0001104659-10-056085-index.htm",
    "finalLink": "https://www.sec.gov/Archives/edgar/data/31462/000110465910056085/a10-17257_110q.htm"
  },
  {
    "date": "2010-06-30",
    "symbol": "ECL",
    "reportedCurrency": "USD",
    "cik": "0000031462",
    "fillingDate": "2010-08-05",
    "acceptedDate": "2010-08-05 06:03:00",
    "calendarYear": "2010",
    "period": "Q2",
    "revenue": 1520200000,
    "costOfRevenue": 750000000,
    "grossProfit": 770200000,
    "grossProfitRatio": 0.5066438626,
    "researchAndDevelopmentExpenses": 0,
    "generalAndAdministrativeExpenses": 565300000,
    "sellingAndMarketingExpenses": 0,
    "sellingGeneralAndAdministrativeExpenses": 565300000,
    "otherExpenses": 0,
    "operatingExpenses": 565300000,
    "costAndExpenses": 1315300000,
    "interestIncome": 1100000,
    "interestExpense": 15000000,
    "depreciationAndAmortization": 91800000,
    "ebitda": 297200000,
    "ebitdaratio": 0.195500592,
    "operatingIncome": 204300000,
    "operatingIncomeRatio": 0.1343902118,
    "totalOtherIncomeExpensesNet": -15000000,
    "incomeBeforeTax": 189300000,
    "incomeBeforeTaxRatio": 0.1245230891,
    "incomeTaxExpense": 59800000,
    "netIncome": 129300000,
    "netIncomeRatio": 0.0850545981,
    "eps": 0.55,
    "epsdiluted": 0.54,
    "weightedAverageShsOut": 233400000,
    "weightedAverageShsOutDil": 237400000,
    "link": "https://www.sec.gov/Archives/edgar/data/31462/000110465910042034/0001104659-10-042034-index.htm",
    "finalLink": "https://www.sec.gov/Archives/edgar/data/31462/000110465910042034/a10-12430_110q.htm"
  },
  {
    "date": "2010-03-31",
    "symbol": "ECL",
    "reportedCurrency": "USD",
    "cik": "0000031462",
    "fillingDate": "2010-05-06",
    "acceptedDate": "2010-05-06 07:14:55",
    "calendarYear": "2010",
    "period": "Q1",
    "revenue": 1432100000,
    "costOfRevenue": 716700000,
    "grossProfit": 715400000,
    "grossProfitRatio": 0.4995461211,
    "researchAndDevelopmentExpenses": 0,
    "generalAndAdministrativeExpenses": 558100000,
    "sellingAndMarketingExpenses": 0,
    "sellingGeneralAndAdministrativeExpenses": 558100000,
    "otherExpenses": 0,
    "operatingExpenses": 558100000,
    "costAndExpenses": 1274800000,
    "interestIncome": 1300000,
    "interestExpense": 15000000,
    "depreciationAndAmortization": 86200000,
    "ebitda": 241300000,
    "ebitdaratio": 0.1684938203,
    "operatingIncome": 153800000,
    "operatingIncomeRatio": 0.107394735,
    "totalOtherIncomeExpensesNet": -15000000,
    "incomeBeforeTax": 138800000,
    "incomeBeforeTaxRatio": 0.0969206061,
    "incomeTaxExpense": 43100000,
    "netIncome": 95500000,
    "netIncomeRatio": 0.0666852873,
    "eps": 0.41,
    "epsdiluted": 0.4,
    "weightedAverageShsOut": 235400000,
    "weightedAverageShsOutDil": 239000000,
    "link": "https://www.sec.gov/Archives/edgar/data/31462/000110465910025985/0001104659-10-025985-index.htm",
    "finalLink": "https://www.sec.gov/Archives/edgar/data/31462/000110465910025985/a10-5726_110q.htm"
  },
  {
    "date": "2009-12-31",
    "symbol": "ECL",
    "reportedCurrency": "USD",
    "cik": "0000031462",
    "fillingDate": "2010-02-26",
    "acceptedDate": "2010-02-26 16:38:17",
    "calendarYear": "2009",
    "period": "Q4",
    "revenue": 1564500000,
    "costOfRevenue": 781100000,
    "grossProfit": 783400000,
    "grossProfitRatio": 0.5007350591,
    "researchAndDevelopmentExpenses": 0,
    "generalAndAdministrativeExpenses": 577400000,
    "sellingAndMarketingExpenses": 0,
    "sellingGeneralAndAdministrativeExpenses": 577400000,
    "otherExpenses": 0,
    "operatingExpenses": 577400000,
    "costAndExpenses": 1358500000,
    "interestIncome": 1300000,
    "interestExpense": 16400000,
    "depreciationAndAmortization": 85700000,
    "ebitda": 282800000,
    "ebitdaratio": 0.1807606264,
    "operatingIncome": 195800000,
    "operatingIncomeRatio": 0.1251518057,
    "totalOtherIncomeExpensesNet": -15100000,
    "incomeBeforeTax": 180700000,
    "incomeBeforeTaxRatio": 0.1155001598,
    "incomeTaxExpense": 64400000,
    "netIncome": 115800000,
    "netIncomeRatio": 0.0740172579,
    "eps": 0,
    "epsdiluted": 0,
    "weightedAverageShsOut": 235400000,
    "weightedAverageShsOutDil": 235400000,
    "link": "https://www.sec.gov/Archives/edgar/data/31462/000110465910010302/0001104659-10-010302-index.htm",
    "finalLink": "https://www.sec.gov/Archives/edgar/data/31462/000110465910010302/a09-36096_110k.htm"
  },
  {
    "date": "2009-09-30",
    "symbol": "ECL",
    "reportedCurrency": "USD",
    "cik": "0000031462",
    "fillingDate": "2009-11-06",
    "acceptedDate": "2009-11-06 08:24:43",
    "calendarYear": "2009",
    "period": "Q3",
    "revenue": 1546400000,
    "costOfRevenue": 763900000,
    "grossProfit": 782500000,
    "grossProfitRatio": 0.5060139679,
    "researchAndDevelopmentExpenses": 0,
    "generalAndAdministrativeExpenses": 554100000,
    "sellingAndMarketingExpenses": 0,
    "sellingGeneralAndAdministrativeExpenses": 554100000,
    "otherExpenses": 0,
    "operatingExpenses": 554100000,
    "costAndExpenses": 1318000000,
    "interestIncome": 1300000,
    "interestExpense": 15100000,
    "depreciationAndAmortization": 83600000,
    "ebitda": 307900000,
    "ebitdaratio": 0.1991076048,
    "operatingIncome": 223000000,
    "operatingIncomeRatio": 0.1442058976,
    "totalOtherIncomeExpensesNet": -15100000,
    "incomeBeforeTax": 207900000,
    "incomeBeforeTaxRatio": 0.134441283,
    "incomeTaxExpense": 62700000,
    "netIncome": 145000000,
    "netIncomeRatio": 0.0937661666,
    "eps": 0.61,
    "epsdiluted": 0.6,
    "weightedAverageShsOut": 237000000,
    "weightedAverageShsOutDil": 240600000,
    "link": "https://www.sec.gov/Archives/edgar/data/31462/000110465909063126/0001104659-09-063126-index.htm",
    "finalLink": "https://www.sec.gov/Archives/edgar/data/31462/000110465909063126/a09-29399_110q.htm"
  },
  {
    "date": "2009-06-30",
    "symbol": "ECL",
    "reportedCurrency": "USD",
    "cik": "0000031462",
    "fillingDate": "2009-08-07",
    "acceptedDate": "2009-08-07 08:11:34",
    "calendarYear": "2009",
    "period": "Q2",
    "revenue": 1441500000,
    "costOfRevenue": 725100000,
    "grossProfit": 716400000,
    "grossProfitRatio": 0.4969823101,
    "researchAndDevelopmentExpenses": 0,
    "generalAndAdministrativeExpenses": 526400000,
    "sellingAndMarketingExpenses": 0,
    "sellingGeneralAndAdministrativeExpenses": 526400000,
    "otherExpenses": 0,
    "operatingExpenses": 526400000,
    "costAndExpenses": 1251500000,
    "interestIncome": 1700000,
    "interestExpense": 15200000,
    "depreciationAndAmortization": 84600000,
    "ebitda": 251300000,
    "ebitdaratio": 0.1743322928,
    "operatingIncome": 165000000,
    "operatingIncomeRatio": 0.1144640999,
    "totalOtherIncomeExpensesNet": -15200000,
    "incomeBeforeTax": 149800000,
    "incomeBeforeTaxRatio": 0.1039195283,
    "incomeTaxExpense": 50300000,
    "netIncome": 99100000,
    "netIncomeRatio": 0.0687478321,
    "eps": 0.42,
    "epsdiluted": 0.41,
    "weightedAverageShsOut": 236500000,
    "weightedAverageShsOutDil": 239500000,
    "link": "https://www.sec.gov/Archives/edgar/data/31462/000110465909047977/0001104659-09-047977-index.htm",
    "finalLink": "https://www.sec.gov/Archives/edgar/data/31462/000110465909047977/a09-17634_110q.htm"
  },
  {
    "date": "2009-03-31",
    "symbol": "ECL",
    "reportedCurrency": "USD",
    "cik": "0000031462",
    "fillingDate": "2009-05-08",
    "acceptedDate": "2009-05-08 08:59:09",
    "calendarYear": "2009",
    "period": "Q1",
    "revenue": 1348200000,
    "costOfRevenue": 707900000,
    "grossProfit": 640300000,
    "grossProfitRatio": 0.4749295357,
    "researchAndDevelopmentExpenses": 0,
    "generalAndAdministrativeExpenses": 516300000,
    "sellingAndMarketingExpenses": 0,
    "sellingGeneralAndAdministrativeExpenses": 516300000,
    "otherExpenses": 0,
    "operatingExpenses": 516300000,
    "costAndExpenses": 1224200000,
    "interestIncome": 2000000,
    "interestExpense": 17800000,
    "depreciationAndAmortization": 80400000,
    "ebitda": 179900000,
    "ebitdaratio": 0.1334371755,
    "operatingIncome": 97500000,
    "operatingIncomeRatio": 0.0723186471,
    "totalOtherIncomeExpensesNet": -15800000,
    "incomeBeforeTax": 81700000,
    "incomeBeforeTaxRatio": 0.0605993176,
    "incomeTaxExpense": 24000000,
    "netIncome": 57400000,
    "netIncomeRatio": 0.0425752856,
    "eps": 0.24,
    "epsdiluted": 0.24,
    "weightedAverageShsOut": 236100000,
    "weightedAverageShsOutDil": 238100000,
    "link": "https://www.sec.gov/Archives/edgar/data/31462/000110465909030783/0001104659-09-030783-index.htm",
    "finalLink": "https://www.sec.gov/Archives/edgar/data/31462/000110465909030783/a09-11046_110q.htm"
  },
  {
    "date": "2008-12-31",
    "symbol": "ECL",
    "reportedCurrency": "USD",
    "cik": "0000031462",
    "fillingDate": "2009-02-27",
    "acceptedDate": "2009-02-27 16:10:25",
    "calendarYear": "2008",
    "period": "Q4",
    "revenue": 1483300000,
    "costOfRevenue": 770200000,
    "grossProfit": 713100000,
    "grossProfitRatio": 0.4807523765,
    "researchAndDevelopmentExpenses": 0,
    "generalAndAdministrativeExpenses": 541800000,
    "sellingAndMarketingExpenses": 0,
    "sellingGeneralAndAdministrativeExpenses": 541800000,
    "otherExpenses": 31500000,
    "operatingExpenses": 573300000,
    "costAndExpenses": 1343500000,
    "interestIncome": 0,
    "interestExpense": 47000000,
    "depreciationAndAmortization": 79500000,
    "ebitda": 219300000,
    "ebitdaratio": 0.147846019,
    "operatingIncome": 139800000,
    "operatingIncomeRatio": 0.094249309,
    "totalOtherIncomeExpensesNet": -15500000,
    "incomeBeforeTax": 124300000,
    "incomeBeforeTaxRatio": 0.0837996359,
    "incomeTaxExpense": 44300000,
    "netIncome": 80000000,
    "netIncomeRatio": 0.0539337963,
    "eps": 0,
    "epsdiluted": 0,
    "weightedAverageShsOut": 236100000,
    "weightedAverageShsOutDil": 236100000,
    "link": "https://www.sec.gov/Archives/edgar/data/31462/000110465909013091/0001104659-09-013091-index.htm",
    "finalLink": "https://www.sec.gov/Archives/edgar/data/31462/000110465909013091/a09-1718_110k.htm"
  },
  {
    "date": "2008-09-30",
    "symbol": "ECL",
    "reportedCurrency": "USD",
    "cik": "0000031462",
    "fillingDate": "2008-10-31",
    "acceptedDate": "2008-10-31 09:45:23",
    "calendarYear": "2008",
    "period": "Q3",
    "revenue": 1626300000,
    "costOfRevenue": 834300000,
    "grossProfit": 792000000,
    "grossProfitRatio": 0.4869950194,
    "researchAndDevelopmentExpenses": 0,
    "generalAndAdministrativeExpenses": 578500000,
    "sellingAndMarketingExpenses": 0,
    "sellingGeneralAndAdministrativeExpenses": 578500000,
    "otherExpenses": 11800000,
    "operatingExpenses": 590300000,
    "costAndExpenses": 1424600000,
    "interestIncome": 1900000,
    "interestExpense": 27800000,
    "depreciationAndAmortization": 85200000,
    "ebitda": 288500000,
    "ebitdaratio": 0.1773965443,
    "operatingIncome": 201700000,
    "operatingIncomeRatio": 0.1240238578,
    "totalOtherIncomeExpensesNet": -15700000,
    "incomeBeforeTax": 185700000,
    "incomeBeforeTaxRatio": 0.1141855746,
    "incomeTaxExpense": 59500000,
    "netIncome": 126200000,
    "netIncomeRatio": 0.0775994589,
    "eps": 0.51,
    "epsdiluted": 0.5,
    "weightedAverageShsOut": 247500000,
    "weightedAverageShsOutDil": 251800000,
    "link": "https://www.sec.gov/Archives/edgar/data/31462/000110465908067172/0001104659-08-067172-index.htm",
    "finalLink": "https://www.sec.gov/Archives/edgar/data/31462/000110465908067172/a08-25337_110q.htm"
  },
  {
    "date": "2008-06-30",
    "symbol": "ECL",
    "reportedCurrency": "USD",
    "cik": "0000031462",
    "fillingDate": "2008-08-01",
    "acceptedDate": "2008-08-01 08:11:00",
    "calendarYear": "2008",
    "period": "Q2",
    "revenue": 1570000000,
    "costOfRevenue": 798800000,
    "grossProfit": 771200000,
    "grossProfitRatio": 0.4912101911,
    "researchAndDevelopmentExpenses": 0,
    "generalAndAdministrativeExpenses": 580000000,
    "sellingAndMarketingExpenses": 0,
    "sellingGeneralAndAdministrativeExpenses": 580000000,
    "otherExpenses": -19300000,
    "operatingExpenses": 560700000,
    "costAndExpenses": 1359500000,
    "interestIncome": 2500000,
    "interestExpense": 17800000,
    "depreciationAndAmortization": 85100000,
    "ebitda": 298100000,
    "ebitdaratio": 0.1898726115,
    "operatingIncome": 210500000,
    "operatingIncomeRatio": 0.1340764331,
    "totalOtherIncomeExpensesNet": -15300000,
    "incomeBeforeTax": 195200000,
    "incomeBeforeTaxRatio": 0.1243312102,
    "incomeTaxExpense": 56200000,
    "netIncome": 139000000,
    "netIncomeRatio": 0.0885350318,
    "eps": 0.56,
    "epsdiluted": 0.55,
    "weightedAverageShsOut": 247100000,
    "weightedAverageShsOutDil": 251400000,
    "link": "https://www.sec.gov/Archives/edgar/data/31462/000110465908049087/0001104659-08-049087-index.htm",
    "finalLink": "https://www.sec.gov/Archives/edgar/data/31462/000110465908049087/a08-18634_110q.htm"
  },
  {
    "date": "2008-03-31",
    "symbol": "ECL",
    "reportedCurrency": "USD",
    "cik": "0000031462",
    "fillingDate": "2008-05-02",
    "acceptedDate": "2008-05-02 09:48:23",
    "calendarYear": "2008",
    "period": "Q1",
    "revenue": 1457900000,
    "costOfRevenue": 738300000,
    "grossProfit": 719600000,
    "grossProfitRatio": 0.4935866658,
    "researchAndDevelopmentExpenses": 0,
    "generalAndAdministrativeExpenses": 557200000,
    "sellingAndMarketingExpenses": 0,
    "sellingGeneralAndAdministrativeExpenses": 557200000,
    "otherExpenses": 1900000,
    "operatingExpenses": 559100000,
    "costAndExpenses": 1297400000,
    "interestIncome": 2500000,
    "interestExpense": 16700000,
    "depreciationAndAmortization": 84900000,
    "ebitda": 248100000,
    "ebitdaratio": 0.170176281,
    "operatingIncome": 160500000,
    "operatingIncomeRatio": 0.1100898553,
    "totalOtherIncomeExpensesNet": -15000000,
    "incomeBeforeTax": 145700000,
    "incomeBeforeTaxRatio": 0.0999382674,
    "incomeTaxExpense": 42800000,
    "netIncome": 102900000,
    "netIncomeRatio": 0.0705809726,
    "eps": 0.42,
    "epsdiluted": 0.41,
    "weightedAverageShsOut": 247000000,
    "weightedAverageShsOutDil": 251500000,
    "link": "https://www.sec.gov/Archives/edgar/data/31462/000110465908029324/0001104659-08-029324-index.htm",
    "finalLink": "https://www.sec.gov/Archives/edgar/data/31462/000110465908029324/a08-11241_110q.htm"
  },
  {
    "date": "2007-12-31",
    "symbol": "ECL",
    "reportedCurrency": "USD",
    "cik": "0000031462",
    "fillingDate": "2008-02-25",
    "acceptedDate": "2008-02-25 16:31:30",
    "calendarYear": "2007",
    "period": "Q4",
    "revenue": 1439800000,
    "costOfRevenue": 716400000,
    "grossProfit": 723400000,
    "grossProfitRatio": 0.5024308932,
    "researchAndDevelopmentExpenses": 0,
    "generalAndAdministrativeExpenses": 557200000,
    "sellingAndMarketingExpenses": 0,
    "sellingGeneralAndAdministrativeExpenses": 557200000,
    "otherExpenses": -8100000,
    "operatingExpenses": 549100000,
    "costAndExpenses": 1265500000,
    "interestIncome": 0,
    "interestExpense": 5000000,
    "depreciationAndAmortization": 76200000,
    "ebitda": 250500000,
    "ebitdaratio": 0.1739824976,
    "operatingIncome": 174300000,
    "operatingIncomeRatio": 0.1210584803,
    "totalOtherIncomeExpensesNet": -13100000,
    "incomeBeforeTax": 161200000,
    "incomeBeforeTaxRatio": 0.1119599944,
    "incomeTaxExpense": 47800000,
    "netIncome": 113400000,
    "netIncomeRatio": 0.078760939,
    "eps": 0,
    "epsdiluted": 0,
    "weightedAverageShsOut": 246500000,
    "weightedAverageShsOutDil": 247000000,
    "link": "https://www.sec.gov/Archives/edgar/data/31462/000110465908012647/0001104659-08-012647-index.htm",
    "finalLink": "https://www.sec.gov/Archives/edgar/data/31462/000110465908012647/a08-6080_110k.htm"
  },
  {
    "date": "2007-09-30",
    "symbol": "ECL",
    "reportedCurrency": "USD",
    "cik": "0000031462",
    "fillingDate": "2007-11-02",
    "acceptedDate": "2007-11-02 09:09:57",
    "calendarYear": "2007",
    "period": "Q3",
    "revenue": 1413200000,
    "costOfRevenue": 690100000,
    "grossProfit": 723100000,
    "grossProfitRatio": 0.5116756298,
    "researchAndDevelopmentExpenses": 0,
    "generalAndAdministrativeExpenses": 523700000,
    "sellingAndMarketingExpenses": 0,
    "sellingGeneralAndAdministrativeExpenses": 523700000,
    "otherExpenses": 27800000,
    "operatingExpenses": 551500000,
    "costAndExpenses": 1241600000,
    "interestIncome": 0,
    "interestExpense": 40600000,
    "depreciationAndAmortization": 73200000,
    "ebitda": 171600000,
    "ebitdaratio": 0.1214265497,
    "operatingIncome": 171600000,
    "operatingIncomeRatio": 0.1214265497,
    "totalOtherIncomeExpensesNet": -12800000,
    "incomeBeforeTax": 158800000,
    "incomeBeforeTaxRatio": 0.1123690914,
    "incomeTaxExpense": 44800000,
    "netIncome": 114000000,
    "netIncomeRatio": 0.0806679875,
    "eps": 0.46,
    "epsdiluted": 0.46,
    "weightedAverageShsOut": 245200000,
    "weightedAverageShsOutDil": 249700000,
    "link": "https://www.sec.gov/Archives/edgar/data/31462/000110465907079093/0001104659-07-079093-index.htm",
    "finalLink": "https://www.sec.gov/Archives/edgar/data/31462/000110465907079093/a07-25471_110q.htm"
  },
  {
    "date": "2007-06-30",
    "symbol": "ECL",
    "reportedCurrency": "USD",
    "cik": "0000031462",
    "fillingDate": "2007-08-03",
    "acceptedDate": "2007-08-03 08:47:05",
    "calendarYear": "2007",
    "period": "Q2",
    "revenue": 1362400000,
    "costOfRevenue": 669500000,
    "grossProfit": 692900000,
    "grossProfitRatio": 0.5085877863,
    "researchAndDevelopmentExpenses": 0,
    "generalAndAdministrativeExpenses": 519900000,
    "sellingAndMarketingExpenses": 0,
    "sellingGeneralAndAdministrativeExpenses": 519900000,
    "otherExpenses": 0,
    "operatingExpenses": 519900000,
    "costAndExpenses": 1189400000,
    "interestIncome": 0,
    "interestExpense": 13400000,
    "depreciationAndAmortization": 72300000,
    "ebitda": 173000000,
    "ebitdaratio": 0.1269817968,
    "operatingIncome": 173000000,
    "operatingIncomeRatio": 0.1269817968,
    "totalOtherIncomeExpensesNet": -13400000,
    "incomeBeforeTax": 159600000,
    "incomeBeforeTaxRatio": 0.1171462126,
    "incomeTaxExpense": 49300000,
    "netIncome": 110300000,
    "netIncomeRatio": 0.0809600705,
    "eps": 0.45,
    "epsdiluted": 0.44,
    "weightedAverageShsOut": 246000000,
    "weightedAverageShsOutDil": 250700000,
    "link": "https://www.sec.gov/Archives/edgar/data/31462/000110465907058556/0001104659-07-058556-index.htm",
    "finalLink": "https://www.sec.gov/Archives/edgar/data/31462/000110465907058556/a07-18772_110q.htm"
  },
  {
    "date": "2007-03-31",
    "symbol": "ECL",
    "reportedCurrency": "USD",
    "cik": "0000031462",
    "fillingDate": "2007-05-04",
    "acceptedDate": "2007-05-04 07:06:47",
    "calendarYear": "2007",
    "period": "Q1",
    "revenue": 1254200000,
    "costOfRevenue": 615700000,
    "grossProfit": 638500000,
    "grossProfitRatio": 0.5090894594,
    "researchAndDevelopmentExpenses": 0,
    "generalAndAdministrativeExpenses": 490100000,
    "sellingAndMarketingExpenses": 0,
    "sellingGeneralAndAdministrativeExpenses": 490100000,
    "otherExpenses": 0,
    "operatingExpenses": 490100000,
    "costAndExpenses": 1105800000,
    "interestIncome": 0,
    "interestExpense": 11700000,
    "depreciationAndAmortization": 70200000,
    "ebitda": 148400000,
    "ebitdaratio": 0.1183224366,
    "operatingIncome": 148400000,
    "operatingIncomeRatio": 0.1183224366,
    "totalOtherIncomeExpensesNet": -11700000,
    "incomeBeforeTax": 136700000,
    "incomeBeforeTaxRatio": 0.1089937809,
    "incomeTaxExpense": 47200000,
    "netIncome": 89500000,
    "netIncomeRatio": 0.0713602296,
    "eps": 0.36,
    "epsdiluted": 0.35,
    "weightedAverageShsOut": 249700000,
    "weightedAverageShsOutDil": 254500000,
    "link": "https://www.sec.gov/Archives/edgar/data/31462/000110465907035729/0001104659-07-035729-index.htm",
    "finalLink": "https://www.sec.gov/Archives/edgar/data/31462/000110465907035729/a07-10717_110q.htm"
  },
  {
    "date": "2006-12-31",
    "symbol": "ECL",
    "reportedCurrency": "USD",
    "cik": "0000031462",
    "fillingDate": "2007-02-28",
    "acceptedDate": "2007-02-28 17:28:19",
    "calendarYear": "2006",
    "period": "Q4",
    "revenue": 1271000000,
    "costOfRevenue": 630010000,
    "grossProfit": 640990000,
    "grossProfitRatio": 0.5043194335,
    "researchAndDevelopmentExpenses": 0,
    "generalAndAdministrativeExpenses": 495296000,
    "sellingAndMarketingExpenses": 0,
    "sellingGeneralAndAdministrativeExpenses": 495296000,
    "otherExpenses": 0,
    "operatingExpenses": 495296000,
    "costAndExpenses": 1125306000,
    "interestIncome": 0,
    "interestExpense": 11857000,
    "depreciationAndAmortization": 66689000,
    "ebitda": 212383000,
    "ebitdaratio": 0.1670991345,
    "operatingIncome": 145694000,
    "operatingIncomeRatio": 0.1146294256,
    "totalOtherIncomeExpensesNet": -11857000,
    "incomeBeforeTax": 133837000,
    "incomeBeforeTaxRatio": 0.1053005507,
    "incomeTaxExpense": 46646000,
    "netIncome": 87191000,
    "netIncomeRatio": 0.0686003147,
    "eps": 0,
    "epsdiluted": 0,
    "weightedAverageShsOut": 249700000,
    "weightedAverageShsOutDil": 249700000,
    "link": "https://www.sec.gov/Archives/edgar/data/31462/000110465907015053/0001104659-07-015053-index.htm",
    "finalLink": "https://www.sec.gov/Archives/edgar/data/31462/000110465907015053/a07-5385_110k.htm"
  },
  {
    "date": "2006-09-30",
    "symbol": "ECL",
    "reportedCurrency": "USD",
    "cik": "0000031462",
    "fillingDate": "2006-11-03",
    "acceptedDate": "2006-11-03 16:52:43",
    "calendarYear": "2006",
    "period": "Q3",
    "revenue": 1278855000,
    "costOfRevenue": 625554000,
    "grossProfit": 653301000,
    "grossProfitRatio": 0.5108483761,
    "researchAndDevelopmentExpenses": 0,
    "generalAndAdministrativeExpenses": 471937000,
    "sellingAndMarketingExpenses": 0,
    "sellingGeneralAndAdministrativeExpenses": 471937000,
    "otherExpenses": 0,
    "operatingExpenses": 471937000,
    "costAndExpenses": 1097491000,
    "interestIncome": 0,
    "interestExpense": 11219000,
    "depreciationAndAmortization": 68553000,
    "ebitda": 249917000,
    "ebitdaratio": 0.1954224678,
    "operatingIncome": 181364000,
    "operatingIncomeRatio": 0.1418174852,
    "totalOtherIncomeExpensesNet": -11300000,
    "incomeBeforeTax": 170145000,
    "incomeBeforeTaxRatio": 0.133044794,
    "incomeTaxExpense": 59786000,
    "netIncome": 110300000,
    "netIncomeRatio": 0.0862490275,
    "eps": 0.44,
    "epsdiluted": 0.43,
    "weightedAverageShsOut": 251600000,
    "weightedAverageShsOutDil": 256700000,
    "link": "https://www.sec.gov/Archives/edgar/data/31462/000110465906071257/0001104659-06-071257-index.htm",
    "finalLink": "https://www.sec.gov/Archives/edgar/data/31462/000110465906071257/a06-21567_110q.htm"
  },
  {
    "date": "2006-06-30",
    "symbol": "ECL",
    "reportedCurrency": "USD",
    "cik": "0000031462",
    "fillingDate": "2006-08-04",
    "acceptedDate": "2006-08-04 16:30:14",
    "calendarYear": "2006",
    "period": "Q2",
    "revenue": 1225884000,
    "costOfRevenue": 608003000,
    "grossProfit": 617881000,
    "grossProfitRatio": 0.5040289293,
    "researchAndDevelopmentExpenses": 0,
    "generalAndAdministrativeExpenses": 464754000,
    "sellingAndMarketingExpenses": 0,
    "sellingGeneralAndAdministrativeExpenses": 464754000,
    "otherExpenses": 0,
    "operatingExpenses": 464754000,
    "costAndExpenses": 1072757000,
    "interestIncome": 0,
    "interestExpense": 11014000,
    "depreciationAndAmortization": 67970000,
    "ebitda": 153127000,
    "ebitdaratio": 0.1249114924,
    "operatingIncome": 153127000,
    "operatingIncomeRatio": 0.1249114924,
    "totalOtherIncomeExpensesNet": -11014000,
    "incomeBeforeTax": 142113000,
    "incomeBeforeTaxRatio": 0.1159269556,
    "incomeTaxExpense": 48934000,
    "netIncome": 93179000,
    "netIncomeRatio": 0.0760096388,
    "eps": 0.37,
    "epsdiluted": 0.36,
    "weightedAverageShsOut": 252152000,
    "weightedAverageShsOutDil": 256692000,
    "link": "https://www.sec.gov/Archives/edgar/data/31462/000110465906051607/0001104659-06-051607-index.htm",
    "finalLink": "https://www.sec.gov/Archives/edgar/data/31462/000110465906051607/a06-15214_110q.htm"
  },
  {
    "date": "2006-03-31",
    "symbol": "ECL",
    "reportedCurrency": "USD",
    "cik": "0000031462",
    "fillingDate": "2006-05-04",
    "acceptedDate": "2006-05-04 16:36:22",
    "calendarYear": "2006",
    "period": "Q1",
    "revenue": 1120075000,
    "costOfRevenue": 552491000,
    "grossProfit": 567584000,
    "grossProfitRatio": 0.5067374953,
    "researchAndDevelopmentExpenses": 0,
    "generalAndAdministrativeExpenses": 436127000,
    "sellingAndMarketingExpenses": 0,
    "sellingGeneralAndAdministrativeExpenses": 436127000,
    "otherExpenses": 0,
    "operatingExpenses": 436127000,
    "costAndExpenses": 988618000,
    "interestIncome": 0,
    "interestExpense": 10328000,
    "depreciationAndAmortization": 65357000,
    "ebitda": 196814000,
    "ebitdaratio": 0.1757150191,
    "operatingIncome": 131457000,
    "operatingIncomeRatio": 0.1173644622,
    "totalOtherIncomeExpensesNet": -10328000,
    "incomeBeforeTax": 121129000,
    "incomeBeforeTaxRatio": 0.1081436511,
    "incomeTaxExpense": 43243000,
    "netIncome": 77900000,
    "netIncomeRatio": 0.0695489141,
    "eps": 0.31,
    "epsdiluted": 0.3,
    "weightedAverageShsOut": 253500000,
    "weightedAverageShsOutDil": 258100000,
    "link": "https://www.sec.gov/Archives/edgar/data/31462/000110465906031209/0001104659-06-031209-index.htm",
    "finalLink": "https://www.sec.gov/Archives/edgar/data/31462/000110465906031209/a06-9279_110q.htm"
  },
  {
    "date": "2005-12-31",
    "symbol": "ECL",
    "reportedCurrency": "USD",
    "cik": "0000031462",
    "fillingDate": "2006-02-28",
    "acceptedDate": "2006-02-28 16:55:58",
    "calendarYear": "2005",
    "period": "Q4",
    "revenue": 1141515000,
    "costOfRevenue": 579210000,
    "grossProfit": 562305000,
    "grossProfitRatio": 0.4925953667,
    "researchAndDevelopmentExpenses": 0,
    "generalAndAdministrativeExpenses": 464209000,
    "sellingAndMarketingExpenses": 0,
    "sellingGeneralAndAdministrativeExpenses": 464209000,
    "otherExpenses": 0,
    "operatingExpenses": 464209000,
    "costAndExpenses": 1043419000,
    "interestIncome": 0,
    "interestExpense": 9335000,
    "depreciationAndAmortization": 62024000,
    "ebitda": 160120000,
    "ebitdaratio": 0.1402697293,
    "operatingIncome": 98096000,
    "operatingIncomeRatio": 0.0859349198,
    "totalOtherIncomeExpensesNet": -9335000,
    "incomeBeforeTax": 88761000,
    "incomeBeforeTaxRatio": 0.0777571911,
    "incomeTaxExpense": 34247000,
    "netIncome": 54514000,
    "netIncomeRatio": 0.0477558333,
    "eps": 0,
    "epsdiluted": 0,
    "weightedAverageShsOut": 253540000,
    "weightedAverageShsOutDil": 253540000,
    "link": "https://www.sec.gov/Archives/edgar/data/31462/000110465906012710/0001104659-06-012710-index.htm",
    "finalLink": "https://www.sec.gov/Archives/edgar/data/31462/000110465906012710/a06-2286_110k.htm"
  },
  {
    "date": "2005-09-30",
    "symbol": "ECL",
    "reportedCurrency": "USD",
    "cik": "0000031462",
    "fillingDate": "2005-11-02",
    "acceptedDate": "2005-11-02 16:15:00",
    "calendarYear": "2005",
    "period": "Q3",
    "revenue": 1164773000,
    "costOfRevenue": 572406000,
    "grossProfit": 592367000,
    "grossProfitRatio": 0.5085686224,
    "researchAndDevelopmentExpenses": 0,
    "generalAndAdministrativeExpenses": 420791000,
    "sellingAndMarketingExpenses": 0,
    "sellingGeneralAndAdministrativeExpenses": 420791000,
    "otherExpenses": 0,
    "operatingExpenses": 420791000,
    "costAndExpenses": 993197000,
    "interestIncome": 0,
    "interestExpense": 11529000,
    "depreciationAndAmortization": 64588000,
    "ebitda": 236164000,
    "ebitdaratio": 0.2027553867,
    "operatingIncome": 171576000,
    "operatingIncomeRatio": 0.1473042387,
    "totalOtherIncomeExpensesNet": -11529000,
    "incomeBeforeTax": 160047000,
    "incomeBeforeTaxRatio": 0.1374061727,
    "incomeTaxExpense": 56305000,
    "netIncome": 97958000,
    "netIncomeRatio": 0.0841005071,
    "eps": 0.38,
    "epsdiluted": 0.38,
    "weightedAverageShsOut": 255817000,
    "weightedAverageShsOutDil": 259911000,
    "link": "https://www.sec.gov/Archives/edgar/data/31462/000110465905051903/0001104659-05-051903-index.htm",
    "finalLink": "https://www.sec.gov/Archives/edgar/data/31462/000110465905051903/a05-17978_110q.htm"
  },
  {
    "date": "2005-06-30",
    "symbol": "ECL",
    "reportedCurrency": "USD",
    "cik": "0000031462",
    "fillingDate": "2005-08-04",
    "acceptedDate": "2005-08-04 15:44:08",
    "calendarYear": "2005",
    "period": "Q2",
    "revenue": 1158664000,
    "costOfRevenue": 570659000,
    "grossProfit": 588005000,
    "grossProfitRatio": 0.5074853452,
    "researchAndDevelopmentExpenses": 0,
    "generalAndAdministrativeExpenses": 441626000,
    "sellingAndMarketingExpenses": 0,
    "sellingGeneralAndAdministrativeExpenses": 441626000,
    "otherExpenses": 0,
    "operatingExpenses": 441626000,
    "costAndExpenses": 1012285000,
    "interestIncome": 0,
    "interestExpense": 12184000,
    "depreciationAndAmortization": 65282000,
    "ebitda": 211661000,
    "ebitdaratio": 0.1826767726,
    "operatingIncome": 146379000,
    "operatingIncomeRatio": 0.1263342954,
    "totalOtherIncomeExpensesNet": -12184000,
    "incomeBeforeTax": 134195000,
    "incomeBeforeTaxRatio": 0.1158187361,
    "incomeTaxExpense": 47618000,
    "netIncome": 81401000,
    "netIncomeRatio": 0.0702541893,
    "eps": 0.32,
    "epsdiluted": 0.31,
    "weightedAverageShsOut": 255474000,
    "weightedAverageShsOutDil": 259594000,
    "link": "https://www.sec.gov/Archives/edgar/data/31462/000110465905036464/0001104659-05-036464-index.htm",
    "finalLink": "https://www.sec.gov/Archives/edgar/data/31462/000110465905036464/a05-12600_110q.htm"
  },
  {
    "date": "2005-03-31",
    "symbol": "ECL",
    "reportedCurrency": "USD",
    "cik": "0000031462",
    "fillingDate": "2005-05-06",
    "acceptedDate": "2005-05-06 08:44:32",
    "calendarYear": "2005",
    "period": "Q1",
    "revenue": 1069880000,
    "costOfRevenue": 526556000,
    "grossProfit": 543324000,
    "grossProfitRatio": 0.5078363929,
    "researchAndDevelopmentExpenses": 0,
    "generalAndAdministrativeExpenses": 416955000,
    "sellingAndMarketingExpenses": 0,
    "sellingGeneralAndAdministrativeExpenses": 416955000,
    "otherExpenses": 0,
    "operatingExpenses": 416955000,
    "costAndExpenses": 943511000,
    "interestIncome": 0,
    "interestExpense": 11190000,
    "depreciationAndAmortization": 65041000,
    "ebitda": 126369000,
    "ebitdaratio": 0.1181151157,
    "operatingIncome": 126369000,
    "operatingIncomeRatio": 0.1181151157,
    "totalOtherIncomeExpensesNet": -11190000,
    "incomeBeforeTax": 115179000,
    "incomeBeforeTaxRatio": 0.1076559988,
    "incomeTaxExpense": 40531000,
    "netIncome": 74648000,
    "netIncomeRatio": 0.0697723109,
    "eps": 0.27,
    "epsdiluted": 0.27,
    "weightedAverageShsOut": 256272000,
    "weightedAverageShsOutDil": 260626000,
    "link": "https://www.sec.gov/Archives/edgar/data/31462/000110465905021006/0001104659-05-021006-index.htm",
    "finalLink": "https://www.sec.gov/Archives/edgar/data/31462/000110465905021006/a05-7891_110q.htm"
  },
  {
    "date": "2004-12-31",
    "symbol": "ECL",
    "reportedCurrency": "USD",
    "cik": "0000031462",
    "fillingDate": "2005-03-03",
    "acceptedDate": "2005-03-03 17:08:44",
    "calendarYear": "2004",
    "period": "Q4",
    "revenue": 1072535000,
    "costOfRevenue": 532908000,
    "grossProfit": 539627000,
    "grossProfitRatio": 0.5031322987,
    "researchAndDevelopmentExpenses": 0,
    "generalAndAdministrativeExpenses": 416884000,
    "sellingAndMarketingExpenses": 0,
    "sellingGeneralAndAdministrativeExpenses": 416884000,
    "otherExpenses": -429000,
    "operatingExpenses": 416455000,
    "costAndExpenses": 949363000,
    "interestIncome": 0,
    "interestExpense": 10959000,
    "depreciationAndAmortization": 62183000,
    "ebitda": 185355000,
    "ebitdaratio": 0.172819535,
    "operatingIncome": 123172000,
    "operatingIncomeRatio": 0.1148419399,
    "totalOtherIncomeExpensesNet": -11388000,
    "incomeBeforeTax": 111784000,
    "incomeBeforeTaxRatio": 0.1042241046,
    "incomeTaxExpense": 40542000,
    "netIncome": 71242000,
    "netIncomeRatio": 0.0664239395,
    "eps": 0,
    "epsdiluted": 0,
    "weightedAverageShsOut": 256272000,
    "weightedAverageShsOutDil": 256272000,
    "link": "https://www.sec.gov/Archives/edgar/data/31462/000110465905009384/0001104659-05-009384-index.htm",
    "finalLink": "https://www.sec.gov/Archives/edgar/data/31462/000110465905009384/a05-1766_110k.htm"
  },
  {
    "date": "2004-09-30",
    "symbol": "ECL",
    "reportedCurrency": "USD",
    "cik": "0000031462",
    "fillingDate": "2004-11-04",
    "acceptedDate": "2004-11-04 14:50:24",
    "calendarYear": "2004",
    "period": "Q3",
    "revenue": 1090316000,
    "costOfRevenue": 519669000,
    "grossProfit": 570647000,
    "grossProfitRatio": 0.5233776263,
    "researchAndDevelopmentExpenses": 0,
    "generalAndAdministrativeExpenses": 410360000,
    "sellingAndMarketingExpenses": 0,
    "sellingGeneralAndAdministrativeExpenses": 410360000,
    "otherExpenses": 1345000,
    "operatingExpenses": 411705000,
    "costAndExpenses": 931374000,
    "interestIncome": 0,
    "interestExpense": 12911000,
    "depreciationAndAmortization": 62510000,
    "ebitda": 158942000,
    "ebitdaratio": 0.1457760869,
    "operatingIncome": 158942000,
    "operatingIncomeRatio": 0.1457760869,
    "totalOtherIncomeExpensesNet": -11566000,
    "incomeBeforeTax": 147376000,
    "incomeBeforeTaxRatio": 0.1351681531,
    "incomeTaxExpense": 52429000,
    "netIncome": 94947000,
    "netIncomeRatio": 0.0870820936,
    "eps": 0.37,
    "epsdiluted": 0.36,
    "weightedAverageShsOut": 258368000,
    "weightedAverageShsOutDil": 262252000,
    "link": "https://www.sec.gov/Archives/edgar/data/31462/000110465904033555/0001104659-04-033555-index.htm",
    "finalLink": "https://www.sec.gov/Archives/edgar/data/31462/000110465904033555/a04-12246_110q.htm"
  },
  {
    "date": "2004-06-30",
    "symbol": "ECL",
    "reportedCurrency": "USD",
    "cik": "0000031462",
    "fillingDate": "2004-08-06",
    "acceptedDate": "2004-08-06 14:47:16",
    "calendarYear": "2004",
    "period": "Q2",
    "revenue": 1042711000,
    "costOfRevenue": 504609000,
    "grossProfit": 538102000,
    "grossProfitRatio": 0.5160605383,
    "researchAndDevelopmentExpenses": 0,
    "generalAndAdministrativeExpenses": 402487000,
    "sellingAndMarketingExpenses": 0,
    "sellingGeneralAndAdministrativeExpenses": 402487000,
    "otherExpenses": -254000,
    "operatingExpenses": 402233000,
    "costAndExpenses": 906842000,
    "interestIncome": 0,
    "interestExpense": 10963000,
    "depreciationAndAmortization": 61403000,
    "ebitda": 135869000,
    "ebitdaratio": 0.1303036028,
    "operatingIncome": 135869000,
    "operatingIncomeRatio": 0.1303036028,
    "totalOtherIncomeExpensesNet": -11217000,
    "incomeBeforeTax": 124652000,
    "incomeBeforeTaxRatio": 0.1195460679,
    "incomeTaxExpense": 46359000,
    "netIncome": 78293000,
    "netIncomeRatio": 0.0750860018,
    "eps": 0.3,
    "epsdiluted": 0.3,
    "weightedAverageShsOut": 257135000,
    "weightedAverageShsOutDil": 260905000,
    "link": "https://www.sec.gov/Archives/edgar/data/31462/000110465904022969/0001104659-04-022969-index.htm",
    "finalLink": "https://www.sec.gov/Archives/edgar/data/31462/000110465904022969/a04-8578_110q.htm"
  },
  {
    "date": "2004-03-31",
    "symbol": "ECL",
    "reportedCurrency": "USD",
    "cik": "0000031462",
    "fillingDate": "2004-05-05",
    "acceptedDate": "2004-05-05 17:03:08",
    "calendarYear": "2004",
    "period": "Q1",
    "revenue": 979371000,
    "costOfRevenue": 474094000,
    "grossProfit": 505277000,
    "grossProfitRatio": 0.5159199119,
    "researchAndDevelopmentExpenses": 0,
    "generalAndAdministrativeExpenses": 385333000,
    "sellingAndMarketingExpenses": 0,
    "sellingGeneralAndAdministrativeExpenses": 385333000,
    "otherExpenses": 3805000,
    "operatingExpenses": 389138000,
    "costAndExpenses": 863232000,
    "interestIncome": 0,
    "interestExpense": 14978000,
    "depreciationAndAmortization": 61286000,
    "ebitda": 116139000,
    "ebitdaratio": 0.1185852961,
    "operatingIncome": 116139000,
    "operatingIncomeRatio": 0.1185852961,
    "totalOtherIncomeExpensesNet": -11173000,
    "incomeBeforeTax": 104966000,
    "incomeBeforeTaxRatio": 0.1071769534,
    "incomeTaxExpense": 38960000,
    "netIncome": 66006000,
    "netIncomeRatio": 0.0673963187,
    "eps": 0.26,
    "epsdiluted": 0.25,
    "weightedAverageShsOut": 257025000,
    "weightedAverageShsOutDil": 260227000,
    "link": "https://www.sec.gov/Archives/edgar/data/31462/000110465904012685/0001104659-04-012685-index.htm",
    "finalLink": "https://www.sec.gov/Archives/edgar/data/31462/000110465904012685/a04-5212_110q.htm"
  },
  {
    "date": "2003-12-31",
    "symbol": "ECL",
    "reportedCurrency": "USD",
    "cik": "0000031462",
    "fillingDate": "2004-03-05",
    "acceptedDate": "2004-03-05 14:19:36",
    "calendarYear": "2003",
    "period": "Q4",
    "revenue": 956466000,
    "costOfRevenue": 469823000,
    "grossProfit": 486643000,
    "grossProfitRatio": 0.5087927851,
    "researchAndDevelopmentExpenses": 0,
    "generalAndAdministrativeExpenses": 372812000,
    "sellingAndMarketingExpenses": 0,
    "sellingGeneralAndAdministrativeExpenses": 372812000,
    "otherExpenses": -472000,
    "operatingExpenses": 372340000,
    "costAndExpenses": 842163000,
    "interestIncome": 0,
    "interestExpense": 10139000,
    "depreciationAndAmortization": 56149000,
    "ebitda": 170452000,
    "ebitdaratio": 0.178210203,
    "operatingIncome": 114303000,
    "operatingIncomeRatio": 0.1195055548,
    "totalOtherIncomeExpensesNet": -10611000,
    "incomeBeforeTax": 103692000,
    "incomeBeforeTaxRatio": 0.1084115902,
    "incomeTaxExpense": 36256000,
    "netIncome": 67436000,
    "netIncomeRatio": 0.0705053813,
    "eps": 0,
    "epsdiluted": 0,
    "weightedAverageShsOut": 257025000,
    "weightedAverageShsOutDil": 257025000,
    "link": "https://www.sec.gov/Archives/edgar/data/31462/000110465904006565/0001104659-04-006565-index.htm",
    "finalLink": "https://www.sec.gov/Archives/edgar/data/31462/000110465904006565/a04-2967_210k.htm"
  },
  {
    "date": "2003-09-30",
    "symbol": "ECL",
    "reportedCurrency": "USD",
    "cik": "0000031462",
    "fillingDate": "2003-11-04",
    "acceptedDate": "2003-11-04 16:01:43",
    "calendarYear": "2003",
    "period": "Q3",
    "revenue": 982766000,
    "costOfRevenue": 478163000,
    "grossProfit": 504603000,
    "grossProfitRatio": 0.5134518288,
    "researchAndDevelopmentExpenses": 0,
    "generalAndAdministrativeExpenses": 357923000,
    "sellingAndMarketingExpenses": 0,
    "sellingGeneralAndAdministrativeExpenses": 357923000,
    "otherExpenses": 1224000,
    "operatingExpenses": 359147000,
    "costAndExpenses": 837310000,
    "interestIncome": 0,
    "interestExpense": 2398000,
    "depreciationAndAmortization": 59738000,
    "ebitda": 145456000,
    "ebitdaratio": 0.1480067483,
    "operatingIncome": 145456000,
    "operatingIncomeRatio": 0.1480067483,
    "totalOtherIncomeExpensesNet": -1174000,
    "incomeBeforeTax": 144282000,
    "incomeBeforeTaxRatio": 0.1468121608,
    "incomeTaxExpense": 56843000,
    "netIncome": 87439000,
    "netIncomeRatio": 0.0889723495,
    "eps": 0.34,
    "epsdiluted": 0.33,
    "weightedAverageShsOut": 258694000,
    "weightedAverageShsOutDil": 261609000,
    "link": "https://www.sec.gov/Archives/edgar/data/31462/000110465903024627/0001104659-03-024627-index.htm",
    "finalLink": "https://www.sec.gov/Archives/edgar/data/31462/000110465903024627/a03-4702_110q.htm"
  },
  {
    "date": "2003-06-30",
    "symbol": "ECL",
    "reportedCurrency": "USD",
    "cik": "0000031462",
    "fillingDate": "2003-08-11",
    "acceptedDate": "2003-08-11 06:02:17",
    "calendarYear": "2003",
    "period": "Q2",
    "revenue": 946735000,
    "costOfRevenue": 466734000,
    "grossProfit": 480001000,
    "grossProfitRatio": 0.5070067125,
    "researchAndDevelopmentExpenses": 0,
    "generalAndAdministrativeExpenses": 358783000,
    "sellingAndMarketingExpenses": 0,
    "sellingGeneralAndAdministrativeExpenses": 358783000,
    "otherExpenses": -147000,
    "operatingExpenses": 358636000,
    "costAndExpenses": 825370000,
    "interestIncome": 0,
    "interestExpense": 11605000,
    "depreciationAndAmortization": 51265000,
    "ebitda": 121365000,
    "ebitdaratio": 0.1281932114,
    "operatingIncome": 121365000,
    "operatingIncomeRatio": 0.1281932114,
    "totalOtherIncomeExpensesNet": -11752000,
    "incomeBeforeTax": 109613000,
    "incomeBeforeTaxRatio": 0.1157800229,
    "incomeTaxExpense": 42458000,
    "netIncome": 67155000,
    "netIncomeRatio": 0.0709332601,
    "eps": 0.26,
    "epsdiluted": 0.25,
    "weightedAverageShsOut": 261246000,
    "weightedAverageShsOutDil": 264553000,
    "link": "https://www.sec.gov/Archives/edgar/data/31462/000110465903017311/0001104659-03-017311-index.htm",
    "finalLink": "https://www.sec.gov/Archives/edgar/data/31462/000110465903017311/a03-1628_110q.htm"
  },
  {
    "date": "2003-03-31",
    "symbol": "ECL",
    "reportedCurrency": "USD",
    "cik": "0000031462",
    "fillingDate": "2003-08-08",
    "acceptedDate": "2003-08-08 16:38:23",
    "calendarYear": "2003",
    "period": "Q1",
    "revenue": 875852000,
    "costOfRevenue": 430482000,
    "grossProfit": 445370000,
    "grossProfitRatio": 0.5084991528,
    "researchAndDevelopmentExpenses": 0,
    "generalAndAdministrativeExpenses": 344033000,
    "sellingAndMarketingExpenses": 0,
    "sellingGeneralAndAdministrativeExpenses": 344033000,
    "otherExpenses": -197000,
    "operatingExpenses": 343836000,
    "costAndExpenses": 774318000,
    "interestIncome": 0,
    "interestExpense": 10506000,
    "depreciationAndAmortization": 62504000,
    "ebitda": 101534000,
    "ebitdaratio": 0.1159259784,
    "operatingIncome": 101534000,
    "operatingIncomeRatio": 0.1159259784,
    "totalOtherIncomeExpensesNet": -10703000,
    "incomeBeforeTax": 90831000,
    "incomeBeforeTaxRatio": 0.1037058772,
    "incomeTaxExpense": 35513000,
    "netIncome": 55318000,
    "netIncomeRatio": 0.0631590725,
    "eps": 0.21,
    "epsdiluted": 0.21,
    "weightedAverageShsOut": 260448000,
    "weightedAverageShsOutDil": 263636000,
    "link": "https://www.sec.gov/Archives/edgar/data/31462/000110465903017262/0001104659-03-017262-index.htm",
    "finalLink": "https://www.sec.gov/Archives/edgar/data/31462/000110465903017262/a03-2161_110qa.htm"
  },
  {
    "date": "2002-12-31",
    "symbol": "ECL",
    "reportedCurrency": "USD",
    "cik": "0000031462",
    "fillingDate": "2003-03-07",
    "acceptedDate": "2003-03-07 15:33:54",
    "calendarYear": "2002",
    "period": "Q4",
    "revenue": 883380000,
    "costOfRevenue": 444032000,
    "grossProfit": 439348000,
    "grossProfitRatio": 0.4973488193,
    "researchAndDevelopmentExpenses": 0,
    "generalAndAdministrativeExpenses": 335117000,
    "sellingAndMarketingExpenses": 0,
    "sellingGeneralAndAdministrativeExpenses": 335117000,
    "otherExpenses": 10808000,
    "operatingExpenses": 345925000,
    "costAndExpenses": 789957000,
    "interestIncome": 0,
    "interestExpense": 21248000,
    "depreciationAndAmortization": 62845000,
    "ebitda": 156268000,
    "ebitdaratio": 0.1768978243,
    "operatingIncome": 93423000,
    "operatingIncomeRatio": 0.1057562997,
    "totalOtherIncomeExpensesNet": -10440000,
    "incomeBeforeTax": 82983000,
    "incomeBeforeTaxRatio": 0.0939380561,
    "incomeTaxExpense": 31877000,
    "netIncome": 51106000,
    "netIncomeRatio": 0.0578527927,
    "eps": 0,
    "epsdiluted": 0,
    "weightedAverageShsOut": 259392000,
    "weightedAverageShsOutDil": 260448000,
    "link": "https://www.sec.gov/Archives/edgar/data/31462/000110465903003796/0001104659-03-003796-index.htm",
    "finalLink": "https://www.sec.gov/Archives/edgar/data/31462/000110465903003796/j8116_10k.htm"
  },
  {
    "date": "2002-09-30",
    "symbol": "ECL",
    "reportedCurrency": "USD",
    "cik": "0000031462",
    "fillingDate": "2002-11-08",
    "acceptedDate": "2002-11-08 13:37:49",
    "calendarYear": "2002",
    "period": "Q3",
    "revenue": 894866000,
    "costOfRevenue": 434195000,
    "grossProfit": 460671000,
    "grossProfitRatio": 0.5147932763,
    "researchAndDevelopmentExpenses": 0,
    "generalAndAdministrativeExpenses": 327666000,
    "sellingAndMarketingExpenses": 0,
    "sellingGeneralAndAdministrativeExpenses": 327666000,
    "otherExpenses": 2109000,
    "operatingExpenses": 329775000,
    "costAndExpenses": 763970000,
    "interestIncome": 0,
    "interestExpense": 13097000,
    "depreciationAndAmortization": 54281000,
    "ebitda": 130896000,
    "ebitdaratio": 0.1462744143,
    "operatingIncome": 130896000,
    "operatingIncomeRatio": 0.1462744143,
    "totalOtherIncomeExpensesNet": -10988000,
    "incomeBeforeTax": 119908000,
    "incomeBeforeTaxRatio": 0.1339954809,
    "incomeTaxExpense": 47826000,
    "netIncome": 72082000,
    "netIncomeRatio": 0.0805506076,
    "eps": 0.28,
    "epsdiluted": 0.28,
    "weightedAverageShsOut": 258574000,
    "weightedAverageShsOutDil": 261222000,
    "link": "https://www.sec.gov/Archives/edgar/data/31462/000110465902005405/0001104659-02-005405-index.htm",
    "finalLink": "https://www.sec.gov/Archives/edgar/data/31462/000110465902005405/j5209_10q.htm"
  },
  {
    "date": "2002-06-30",
    "symbol": "ECL",
    "reportedCurrency": "USD",
    "cik": "0000031462",
    "fillingDate": "2002-08-09",
    "acceptedDate": "2002-08-09 16:16:33",
    "calendarYear": "2002",
    "period": "Q2",
    "revenue": 839230000,
    "costOfRevenue": 413425000,
    "grossProfit": 425805000,
    "grossProfitRatio": 0.5073758088,
    "researchAndDevelopmentExpenses": 0,
    "generalAndAdministrativeExpenses": 315363000,
    "sellingAndMarketingExpenses": 0,
    "sellingGeneralAndAdministrativeExpenses": 315363000,
    "otherExpenses": 11818000,
    "operatingExpenses": 327181000,
    "costAndExpenses": 740606000,
    "interestIncome": 0,
    "interestExpense": 23773000,
    "depreciationAndAmortization": 51931000,
    "ebitda": 98624000,
    "ebitdaratio": 0.117517248,
    "operatingIncome": 98624000,
    "operatingIncomeRatio": 0.117517248,
    "totalOtherIncomeExpensesNet": -11955000,
    "incomeBeforeTax": 86669000,
    "incomeBeforeTaxRatio": 0.103272047,
    "incomeTaxExpense": 35008000,
    "netIncome": 51661000,
    "netIncomeRatio": 0.0615576183,
    "eps": 0.2,
    "epsdiluted": 0.2,
    "weightedAverageShsOut": 257810000,
    "weightedAverageShsOutDil": 261226000,
    "link": "https://www.sec.gov/Archives/edgar/data/31462/000110465902003369/0001104659-02-003369-index.htm",
    "finalLink": "https://www.sec.gov/Archives/edgar/data/31462/000110465902003369/j4565_10q.htm"
  },
  {
    "date": "2002-03-31",
    "symbol": "ECL",
    "reportedCurrency": "USD",
    "cik": "0000031462",
    "fillingDate": "2002-05-07",
    "acceptedDate": "2002-05-07 17:14:33",
    "calendarYear": "2002",
    "period": "Q1",
    "revenue": 786109000,
    "costOfRevenue": 395945000,
    "grossProfit": 390164000,
    "grossProfitRatio": 0.496323029,
    "researchAndDevelopmentExpenses": 0,
    "generalAndAdministrativeExpenses": 304945000,
    "sellingAndMarketingExpenses": 0,
    "sellingGeneralAndAdministrativeExpenses": 304945000,
    "otherExpenses": 12296000,
    "operatingExpenses": 317241000,
    "costAndExpenses": 713186000,
    "interestIncome": 0,
    "interestExpense": 20926000,
    "depreciationAndAmortization": 54371000,
    "ebitda": 72923000,
    "ebitdaratio": 0.0927644894,
    "operatingIncome": 72923000,
    "operatingIncomeRatio": 0.0927644894,
    "totalOtherIncomeExpensesNet": -10512000,
    "incomeBeforeTax": 62411000,
    "incomeBeforeTaxRatio": 0.079392298,
    "incomeTaxExpense": 25370000,
    "netIncome": 38923000,
    "netIncomeRatio": 0.0495134899,
    "eps": 0.15,
    "epsdiluted": 0.15,
    "weightedAverageShsOut": 256812000,
    "weightedAverageShsOutDil": 260360000,
    "link": "https://www.sec.gov/Archives/edgar/data/31462/000110465902001687/0001104659-02-001687-index.htm",
    "finalLink": "https://www.sec.gov/Archives/edgar/data/31462/000110465902001687/j3421_10q.htm"
  },
  {
    "date": "2001-12-31",
    "symbol": "ECL",
    "reportedCurrency": "USD",
    "cik": "0000031462",
    "fillingDate": "2002-03-08",
    "acceptedDate": "2002-03-08 00:00:00",
    "calendarYear": "2001",
    "period": "Q4",
    "revenue": 561777000,
    "costOfRevenue": 268837000,
    "grossProfit": 292940000,
    "grossProfitRatio": 0.5214524625,
    "researchAndDevelopmentExpenses": 0,
    "generalAndAdministrativeExpenses": 225433000,
    "sellingAndMarketingExpenses": 0,
    "sellingGeneralAndAdministrativeExpenses": 225433000,
    "otherExpenses": 1390000,
    "operatingExpenses": 226823000,
    "costAndExpenses": 495660000,
    "interestIncome": 0,
    "interestExpense": 5131000,
    "depreciationAndAmortization": 40858000,
    "ebitda": 106975000,
    "ebitdaratio": 0.1904225342,
    "operatingIncome": 66438000,
    "operatingIncomeRatio": 0.1182640087,
    "totalOtherIncomeExpensesNet": -7940000,
    "incomeBeforeTax": 58498000,
    "incomeBeforeTaxRatio": 0.1041302866,
    "incomeTaxExpense": 23753000,
    "netIncome": 38302000,
    "netIncomeRatio": 0.0681800786,
    "eps": 0,
    "epsdiluted": 0,
    "weightedAverageShsOut": 255390000,
    "weightedAverageShsOutDil": 256812000,
    "link": "https://www.sec.gov/Archives/edgar/data/31462/000110465902000656/0001104659-02-000656-index.htm",
    "finalLink": "https://www.sec.gov/Archives/edgar/data/31462/000110465902000656/j3013_10k405.htm"
  },
  {
    "date": "2001-09-30",
    "symbol": "ECL",
    "reportedCurrency": "USD",
    "cik": "0000031462",
    "fillingDate": "2001-11-09",
    "acceptedDate": "2001-11-09 00:00:00",
    "calendarYear": "2001",
    "period": "Q3",
    "revenue": 616231000,
    "costOfRevenue": 280748000,
    "grossProfit": 335483000,
    "grossProfitRatio": 0.5444111056,
    "researchAndDevelopmentExpenses": 0,
    "generalAndAdministrativeExpenses": 241420000,
    "sellingAndMarketingExpenses": 0,
    "sellingGeneralAndAdministrativeExpenses": 241420000,
    "otherExpenses": 0,
    "operatingExpenses": 241420000,
    "costAndExpenses": 522168000,
    "interestIncome": 0,
    "interestExpense": 1470000,
    "depreciationAndAmortization": 41073000,
    "ebitda": 135136000,
    "ebitdaratio": 0.219294388,
    "operatingIncome": 94116000,
    "operatingIncomeRatio": 0.1527284411,
    "totalOtherIncomeExpensesNet": -7010000,
    "incomeBeforeTax": 87106000,
    "incomeBeforeTaxRatio": 0.1413528368,
    "incomeTaxExpense": 35279000,
    "netIncome": 57261000,
    "netIncomeRatio": 0.0929213233,
    "eps": 0.23,
    "epsdiluted": 0.22,
    "weightedAverageShsOut": 255350000,
    "weightedAverageShsOutDil": 259618000,
    "link": "https://www.sec.gov/Archives/edgar/data/31462/000110465901502647/0001104659-01-502647-index.htm",
    "finalLink": "https://www.sec.gov/Archives/edgar/data/31462/000110465901502647/j1934_10q.htm"
  },
  {
    "date": "2001-06-30",
    "symbol": "ECL",
    "reportedCurrency": "USD",
    "cik": "0000031462",
    "fillingDate": "2001-08-07",
    "acceptedDate": "2001-08-07 00:00:00",
    "calendarYear": "2001",
    "period": "Q2",
    "revenue": 595808000,
    "costOfRevenue": 274816000,
    "grossProfit": 320992000,
    "grossProfitRatio": 0.5387507385,
    "researchAndDevelopmentExpenses": 0,
    "generalAndAdministrativeExpenses": 240940000,
    "sellingAndMarketingExpenses": 0,
    "sellingGeneralAndAdministrativeExpenses": 240940000,
    "otherExpenses": 0,
    "operatingExpenses": 240940000,
    "costAndExpenses": 515756000,
    "interestIncome": 0,
    "interestExpense": 1930000,
    "depreciationAndAmortization": 40955000,
    "ebitda": 80244000,
    "ebitdaratio": 0.1346809711,
    "operatingIncome": 80244000,
    "operatingIncomeRatio": 0.1346809711,
    "totalOtherIncomeExpensesNet": -6816000,
    "incomeBeforeTax": 73428000,
    "incomeBeforeTaxRatio": 0.1232410441,
    "incomeTaxExpense": 29737000,
    "netIncome": 48193000,
    "netIncomeRatio": 0.0808867957,
    "eps": 0.19,
    "epsdiluted": 0.19,
    "weightedAverageShsOut": 254666000,
    "weightedAverageShsOutDil": 260136000,
    "link": "https://www.sec.gov/Archives/edgar/data/31462/000091205701526851/0000912057-01-526851-index.htm",
    "finalLink": "https://www.sec.gov/Archives/edgar/data/31462/000091205701526851/a2055873z10-q.htm"
  },
  {
    "date": "2001-03-31",
    "symbol": "ECL",
    "reportedCurrency": "USD",
    "cik": "0000031462",
    "fillingDate": "2001-05-07",
    "acceptedDate": "2001-05-07 00:00:00",
    "calendarYear": "2001",
    "period": "Q1",
    "revenue": 580907000,
    "costOfRevenue": 265230000,
    "grossProfit": 315677000,
    "grossProfitRatio": 0.5434208918,
    "researchAndDevelopmentExpenses": 0,
    "generalAndAdministrativeExpenses": 238296000,
    "sellingAndMarketingExpenses": 0,
    "sellingGeneralAndAdministrativeExpenses": 238296000,
    "otherExpenses": 0,
    "operatingExpenses": 238296000,
    "costAndExpenses": 503526000,
    "interestIncome": 0,
    "interestExpense": 4328000,
    "depreciationAndAmortization": 40104000,
    "ebitda": 77381000,
    "ebitdaratio": 0.1332072087,
    "operatingIncome": 77381000,
    "operatingIncomeRatio": 0.1332072087,
    "totalOtherIncomeExpensesNet": -6668000,
    "incomeBeforeTax": 70713000,
    "incomeBeforeTaxRatio": 0.1217286072,
    "incomeTaxExpense": 28639000,
    "netIncome": 44414000,
    "netIncomeRatio": 0.0764563002,
    "eps": 0.18,
    "epsdiluted": 0.17,
    "weightedAverageShsOut": 253924000,
    "weightedAverageShsOutDil": 261258000,
    "link": "https://www.sec.gov/Archives/edgar/data/31462/000091205701513341/0000912057-01-513341-index.htm",
    "finalLink": "https://www.sec.gov/Archives/edgar/data/31462/000091205701513341/a2047981z10-q.htm"
  },
  {
    "date": "2000-12-31",
    "symbol": "ECL",
    "reportedCurrency": "USD",
    "cik": "0000031462",
    "fillingDate": "2001-03-09",
    "acceptedDate": "2001-03-09 00:00:00",
    "calendarYear": "2000",
    "period": "Q4",
    "revenue": 566676000,
    "costOfRevenue": 224563000,
    "grossProfit": 342113000,
    "grossProfitRatio": 0.6037188799,
    "researchAndDevelopmentExpenses": 0,
    "generalAndAdministrativeExpenses": 230233000,
    "sellingAndMarketingExpenses": 0,
    "sellingGeneralAndAdministrativeExpenses": 230233000,
    "otherExpenses": 38526000,
    "operatingExpenses": 268759000,
    "costAndExpenses": 493322000,
    "interestIncome": 0,
    "interestExpense": 0,
    "depreciationAndAmortization": 38526000,
    "ebitda": 111880000,
    "ebitdaratio": 0.1974320423,
    "operatingIncome": 73354000,
    "operatingIncomeRatio": 0.1294461032,
    "totalOtherIncomeExpensesNet": 19410000,
    "incomeBeforeTax": 92764000,
    "incomeBeforeTaxRatio": 0.1636984803,
    "incomeTaxExpense": 35568000,
    "netIncome": 54768000,
    "netIncomeRatio": 0.0966478199,
    "eps": 0,
    "epsdiluted": 0,
    "weightedAverageShsOut": 253216000,
    "weightedAverageShsOutDil": 253924000,
    "link": "https://www.sec.gov/Archives/edgar/data/31462/000091205701007478/0000912057-01-007478-index.htm",
    "finalLink": "https://www.sec.gov/Archives/edgar/data/31462/000091205701007478/a2040491z10-k405.htm"
  },
  {
    "date": "2000-09-30",
    "symbol": "ECL",
    "reportedCurrency": "USD",
    "cik": "0000031462",
    "fillingDate": "2000-11-06",
    "acceptedDate": "2000-11-06 00:00:00",
    "calendarYear": "2000",
    "period": "Q3",
    "revenue": 600666000,
    "costOfRevenue": 229513000,
    "grossProfit": 371153000,
    "grossProfitRatio": 0.6179024616,
    "researchAndDevelopmentExpenses": 0,
    "generalAndAdministrativeExpenses": 235987000,
    "sellingAndMarketingExpenses": 0,
    "sellingGeneralAndAdministrativeExpenses": 235987000,
    "otherExpenses": 37438000,
    "operatingExpenses": 273425000,
    "costAndExpenses": 502938000,
    "interestIncome": 0,
    "interestExpense": 0,
    "depreciationAndAmortization": 37438000,
    "ebitda": 135166000,
    "ebitdaratio": 0.2250268868,
    "operatingIncome": 97728000,
    "operatingIncomeRatio": 0.1626994037,
    "totalOtherIncomeExpensesNet": -1158000,
    "incomeBeforeTax": 96570000,
    "incomeBeforeTaxRatio": 0.1607715436,
    "incomeTaxExpense": 36232000,
    "netIncome": 60338000,
    "netIncomeRatio": 0.1004518318,
    "eps": 0.24,
    "epsdiluted": 0.23,
    "weightedAverageShsOut": 254224000,
    "weightedAverageShsOutDil": 262334000,
    "link": "https://www.sec.gov/Archives/edgar/data/31462/000091205700047421/0000912057-00-047421-index.htm",
    "finalLink": "https://www.sec.gov/Archives/edgar/data/31462/000091205700047421/a2029351z10-q.txt"
  },
  {
    "date": "2000-06-30",
    "symbol": "ECL",
    "reportedCurrency": "USD",
    "cik": "0000031462",
    "fillingDate": "2000-08-08",
    "acceptedDate": "2000-08-08 00:00:00",
    "calendarYear": "2000",
    "period": "Q2",
    "revenue": 570711000,
    "costOfRevenue": 223309000,
    "grossProfit": 347402000,
    "grossProfitRatio": 0.6087178975,
    "researchAndDevelopmentExpenses": 0,
    "generalAndAdministrativeExpenses": 232689000,
    "sellingAndMarketingExpenses": 0,
    "sellingGeneralAndAdministrativeExpenses": 232689000,
    "otherExpenses": 36073000,
    "operatingExpenses": 268762000,
    "costAndExpenses": 492071000,
    "interestIncome": 0,
    "interestExpense": 0,
    "depreciationAndAmortization": 36073000,
    "ebitda": 114713000,
    "ebitdaratio": 0.2010001559,
    "operatingIncome": 78640000,
    "operatingIncomeRatio": 0.1377930336,
    "totalOtherIncomeExpensesNet": -139000,
    "incomeBeforeTax": 78501000,
    "incomeBeforeTaxRatio": 0.1375494778,
    "incomeTaxExpense": 30092000,
    "netIncome": 48409000,
    "netIncomeRatio": 0.0848222656,
    "eps": 0.19,
    "epsdiluted": 0.18,
    "weightedAverageShsOut": 256692000,
    "weightedAverageShsOutDil": 265980000,
    "link": "https://www.sec.gov/Archives/edgar/data/31462/000091205700035249/0000912057-00-035249-index.htm",
    "finalLink": "https://www.sec.gov/Archives/edgar/data/31462/000091205700035249/a10-q.txt"
  },
  {
    "date": "2000-03-31",
    "symbol": "ECL",
    "reportedCurrency": "USD",
    "cik": "0000031462",
    "fillingDate": "2000-05-05",
    "acceptedDate": "2000-05-05 00:00:00",
    "calendarYear": "2000",
    "period": "Q1",
    "revenue": 526260000,
    "costOfRevenue": 200085000,
    "grossProfit": 326175000,
    "grossProfitRatio": 0.6197981986,
    "researchAndDevelopmentExpenses": 0,
    "generalAndAdministrativeExpenses": 217095000,
    "sellingAndMarketingExpenses": 0,
    "sellingGeneralAndAdministrativeExpenses": 217095000,
    "otherExpenses": 36399000,
    "operatingExpenses": 253494000,
    "costAndExpenses": 453579000,
    "interestIncome": 0,
    "interestExpense": 0,
    "depreciationAndAmortization": 36399000,
    "ebitda": 109080000,
    "ebitdaratio": 0.207273971,
    "operatingIncome": 72681000,
    "operatingIncomeRatio": 0.1381085395,
    "totalOtherIncomeExpensesNet": -2466000,
    "incomeBeforeTax": 70215000,
    "incomeBeforeTaxRatio": 0.1334226428,
    "incomeTaxExpense": 27603000,
    "netIncome": 42612000,
    "netIncomeRatio": 0.080971383,
    "eps": 0.17,
    "epsdiluted": 0.16,
    "weightedAverageShsOut": 257888000,
    "weightedAverageShsOutDil": 266660000,
    "link": "https://www.sec.gov/Archives/edgar/data/31462/000091205700021997/0000912057-00-021997-index.html",
    "finalLink": "https://www.sec.gov/Archives/edgar/data/31462/000091205700021997/"
  },
  {
    "date": "1999-12-31",
    "symbol": "ECL",
    "reportedCurrency": "USD",
    "cik": "0000031462",
    "fillingDate": "2000-03-13",
    "acceptedDate": "2000-03-13 00:00:00",
    "calendarYear": "1999",
    "period": "Q4",
    "revenue": 515800000,
    "costOfRevenue": 201200000,
    "grossProfit": 314600000,
    "grossProfitRatio": 0.609926328,
    "researchAndDevelopmentExpenses": 0,
    "generalAndAdministrativeExpenses": 212800000,
    "sellingAndMarketingExpenses": 0,
    "sellingGeneralAndAdministrativeExpenses": 212800000,
    "otherExpenses": 33600000,
    "operatingExpenses": 246400000,
    "costAndExpenses": 447600000,
    "interestIncome": 0,
    "interestExpense": 0,
    "depreciationAndAmortization": 33600000,
    "ebitda": 101800000,
    "ebitdaratio": 0.1973633191,
    "operatingIncome": 68200000,
    "operatingIncomeRatio": 0.1322217914,
    "totalOtherIncomeExpensesNet": -100000,
    "incomeBeforeTax": 68100000,
    "incomeBeforeTaxRatio": 0.1320279178,
    "incomeTaxExpense": 25700000,
    "netIncome": 42400000,
    "netIncomeRatio": 0.082202404,
    "eps": 0,
    "epsdiluted": 0,
    "weightedAverageShsOut": 257888000,
    "weightedAverageShsOutDil": 257888000,
    "link": "https://www.sec.gov/Archives/edgar/data/31462/000091205700011227/0000912057-00-011227-index.html",
    "finalLink": "https://www.sec.gov/Archives/edgar/data/31462/000091205700011227/"
  },
  {
    "date": "1999-09-30",
    "symbol": "ECL",
    "reportedCurrency": "USD",
    "cik": "0000031462",
    "fillingDate": "1999-11-10",
    "acceptedDate": "1999-11-10 00:00:00",
    "calendarYear": "1999",
    "period": "Q3",
    "revenue": 554500000,
    "costOfRevenue": 212300000,
    "grossProfit": 342200000,
    "grossProfitRatio": 0.6171325518,
    "researchAndDevelopmentExpenses": 0,
    "generalAndAdministrativeExpenses": 219000000,
    "sellingAndMarketingExpenses": 0,
    "sellingGeneralAndAdministrativeExpenses": 219000000,
    "otherExpenses": 35300000,
    "operatingExpenses": 254300000,
    "costAndExpenses": 466600000,
    "interestIncome": 0,
    "interestExpense": 0,
    "depreciationAndAmortization": 35300000,
    "ebitda": 123200000,
    "ebitdaratio": 0.2221821461,
    "operatingIncome": 87900000,
    "operatingIncomeRatio": 0.1585211903,
    "totalOtherIncomeExpensesNet": 700000,
    "incomeBeforeTax": 88600000,
    "incomeBeforeTaxRatio": 0.1597835888,
    "incomeTaxExpense": 33600000,
    "netIncome": 55000000,
    "netIncomeRatio": 0.0991884581,
    "eps": 0.21,
    "epsdiluted": 0.21,
    "weightedAverageShsOut": 261904762,
    "weightedAverageShsOutDil": 268292683,
    "link": "https://www.sec.gov/Archives/edgar/data/31462/000091205799004583/0000912057-99-004583-index.html",
    "finalLink": "https://www.sec.gov/Archives/edgar/data/31462/000091205799004583/"
  },
  {
    "date": "1999-06-30",
    "symbol": "ECL",
    "reportedCurrency": "USD",
    "cik": "0000031462",
    "fillingDate": "1999-08-11",
    "acceptedDate": "1999-08-11 00:00:00",
    "calendarYear": "1999",
    "period": "Q2",
    "revenue": 520400000,
    "costOfRevenue": 201800000,
    "grossProfit": 318600000,
    "grossProfitRatio": 0.6122213682,
    "researchAndDevelopmentExpenses": 0,
    "generalAndAdministrativeExpenses": 213900000,
    "sellingAndMarketingExpenses": 0,
    "sellingGeneralAndAdministrativeExpenses": 213900000,
    "otherExpenses": 32900000,
    "operatingExpenses": 246800000,
    "costAndExpenses": 448600000,
    "interestIncome": 0,
    "interestExpense": 0,
    "depreciationAndAmortization": 32900000,
    "ebitda": 104716000,
    "ebitdaratio": 0.2012221368,
    "operatingIncome": 71800000,
    "operatingIncomeRatio": 0.1379707917,
    "totalOtherIncomeExpensesNet": -1516000,
    "incomeBeforeTax": 70300000,
    "incomeBeforeTaxRatio": 0.1350883935,
    "incomeTaxExpense": 26900000,
    "netIncome": 43400000,
    "netIncomeRatio": 0.0833973866,
    "eps": 0.17,
    "epsdiluted": 0.16,
    "weightedAverageShsOut": 263030303,
    "weightedAverageShsOutDil": 271250000,
    "link": "https://www.sec.gov/Archives/edgar/data/31462/000104746999031046/0001047469-99-031046-index.html",
    "finalLink": "https://www.sec.gov/Archives/edgar/data/31462/000104746999031046/"
  },
  {
    "date": "1999-03-31",
    "symbol": "ECL",
    "reportedCurrency": "USD",
    "cik": "0000031462",
    "fillingDate": "1999-05-12",
    "acceptedDate": "1999-05-12 00:00:00",
    "calendarYear": "1999",
    "period": "Q1",
    "revenue": 489300000,
    "costOfRevenue": 187700000,
    "grossProfit": 301600000,
    "grossProfitRatio": 0.6163907623,
    "researchAndDevelopmentExpenses": 0,
    "generalAndAdministrativeExpenses": 206600000,
    "sellingAndMarketingExpenses": 0,
    "sellingGeneralAndAdministrativeExpenses": 206600000,
    "otherExpenses": 32700000,
    "operatingExpenses": 239300000,
    "costAndExpenses": 427000000,
    "interestIncome": 0,
    "interestExpense": 1600000,
    "depreciationAndAmortization": 32700000,
    "ebitda": 95004000,
    "ebitdaratio": 0.1941630901,
    "operatingIncome": 62300000,
    "operatingIncomeRatio": 0.1273247496,
    "totalOtherIncomeExpensesNet": -3704000,
    "incomeBeforeTax": 58600000,
    "incomeBeforeTaxRatio": 0.1197629266,
    "incomeTaxExpense": 23600000,
    "netIncome": 35000000,
    "netIncomeRatio": 0.0715307582,
    "eps": 0.14,
    "epsdiluted": 0.13,
    "weightedAverageShsOut": 259259259,
    "weightedAverageShsOutDil": 269230769,
    "link": "https://www.sec.gov/Archives/edgar/data/31462/000104746999019700/0001047469-99-019700-index.html",
    "finalLink": "https://www.sec.gov/Archives/edgar/data/31462/"
  },
  {
    "date": "1998-12-31",
    "symbol": "ECL",
    "reportedCurrency": "USD",
    "cik": "0000031462",
    "fillingDate": "1999-03-30",
    "acceptedDate": "1999-03-30 00:00:00",
    "calendarYear": "1998",
    "period": "Q4",
    "revenue": 483300000,
    "costOfRevenue": 188200000,
    "grossProfit": 295100000,
    "grossProfitRatio": 0.6105938341,
    "researchAndDevelopmentExpenses": 0,
    "generalAndAdministrativeExpenses": 197300000,
    "sellingAndMarketingExpenses": 0,
    "sellingGeneralAndAdministrativeExpenses": 197300000,
    "otherExpenses": 32600000,
    "operatingExpenses": 229900000,
    "costAndExpenses": 418100000,
    "interestIncome": 0,
    "interestExpense": 0,
    "depreciationAndAmortization": 32600000,
    "ebitda": 97800000,
    "ebitdaratio": 0.2023587834,
    "operatingIncome": 65200000,
    "operatingIncomeRatio": 0.1349058556,
    "totalOtherIncomeExpensesNet": -800000,
    "incomeBeforeTax": 64400000,
    "incomeBeforeTaxRatio": 0.133250569,
    "incomeTaxExpense": 25200000,
    "netIncome": 39200000,
    "netIncomeRatio": 0.081109042,
    "eps": 0,
    "epsdiluted": 0,
    "weightedAverageShsOut": 253764475,
    "weightedAverageShsOutDil": 259259259,
    "link": "https://www.sec.gov/Archives/edgar/data/31462/000104746999012518/0001047469-99-012518-index.html",
    "finalLink": "https://www.sec.gov/Archives/edgar/data/31462/"
  },
  {
    "date": "1998-09-30",
    "symbol": "ECL",
    "reportedCurrency": "USD",
    "cik": "0000031462",
    "fillingDate": "1998-11-12",
    "acceptedDate": "1998-11-12 00:00:00",
    "calendarYear": "1998",
    "period": "Q3",
    "revenue": 500000000,
    "costOfRevenue": 193500000,
    "grossProfit": 306500000,
    "grossProfitRatio": 0.613,
    "researchAndDevelopmentExpenses": 0,
    "generalAndAdministrativeExpenses": 196500000,
    "sellingAndMarketingExpenses": 0,
    "sellingGeneralAndAdministrativeExpenses": 196500000,
    "otherExpenses": 30900000,
    "operatingExpenses": 227400000,
    "costAndExpenses": 420900000,
    "interestIncome": 0,
    "interestExpense": 0,
    "depreciationAndAmortization": 30900000,
    "ebitda": 110000000,
    "ebitdaratio": 0.22,
    "operatingIncome": 79100000,
    "operatingIncomeRatio": 0.1582,
    "totalOtherIncomeExpensesNet": -300000,
    "incomeBeforeTax": 78800000,
    "incomeBeforeTaxRatio": 0.1576,
    "incomeTaxExpense": 31800000,
    "netIncome": 85000000,
    "netIncomeRatio": 0.17,
    "eps": 0.33,
    "epsdiluted": 0.32,
    "weightedAverageShsOut": 261538462,
    "weightedAverageShsOutDil": 265625000,
    "link": "https://www.sec.gov/Archives/edgar/data/31462/000104746998039924/0001047469-98-039924-index.html",
    "finalLink": "https://www.sec.gov/Archives/edgar/data/31462/"
  },
  {
    "date": "1998-06-30",
    "symbol": "ECL",
    "reportedCurrency": "USD",
    "cik": "0000031462",
    "fillingDate": "1998-08-12",
    "acceptedDate": "1998-08-12 00:00:00",
    "calendarYear": "1998",
    "period": "Q2",
    "revenue": 468500000,
    "costOfRevenue": 180400000,
    "grossProfit": 288100000,
    "grossProfitRatio": 0.614941302,
    "researchAndDevelopmentExpenses": 0,
    "generalAndAdministrativeExpenses": 194600000,
    "sellingAndMarketingExpenses": 0,
    "sellingGeneralAndAdministrativeExpenses": 194600000,
    "otherExpenses": 29700000,
    "operatingExpenses": 224300000,
    "costAndExpenses": 404700000,
    "interestIncome": 0,
    "interestExpense": 0,
    "depreciationAndAmortization": 29700000,
    "ebitda": 93500000,
    "ebitdaratio": 0.1995731057,
    "operatingIncome": 63800000,
    "operatingIncomeRatio": 0.1361792956,
    "totalOtherIncomeExpensesNet": -1600000,
    "incomeBeforeTax": 62200000,
    "incomeBeforeTaxRatio": 0.1327641409,
    "incomeTaxExpense": 24500000,
    "netIncome": 37700000,
    "netIncomeRatio": 0.0804695838,
    "eps": 0.14,
    "epsdiluted": 0.14,
    "weightedAverageShsOut": 260000000,
    "weightedAverageShsOutDil": 269285714,
    "link": "https://www.sec.gov/Archives/edgar/data/31462/000104746998030633/0001047469-98-030633-index.html",
    "finalLink": "https://www.sec.gov/Archives/edgar/data/31462/"
  },
  {
    "date": "1998-03-31",
    "symbol": "ECL",
    "reportedCurrency": "USD",
    "cik": "0000031462",
    "fillingDate": "1998-05-13",
    "acceptedDate": "1998-05-13 00:00:00",
    "calendarYear": "1998",
    "period": "Q1",
    "revenue": 436400000,
    "costOfRevenue": 167100000,
    "grossProfit": 269300000,
    "grossProfitRatio": 0.6170944088,
    "researchAndDevelopmentExpenses": 0,
    "generalAndAdministrativeExpenses": 186700000,
    "sellingAndMarketingExpenses": 0,
    "sellingGeneralAndAdministrativeExpenses": 186700000,
    "otherExpenses": 28800000,
    "operatingExpenses": 215500000,
    "costAndExpenses": 382600000,
    "interestIncome": 0,
    "interestExpense": 300000,
    "depreciationAndAmortization": 28800000,
    "ebitda": 82600000,
    "ebitdaratio": 0.1892758937,
    "operatingIncome": 53800000,
    "operatingIncomeRatio": 0.1232813932,
    "totalOtherIncomeExpensesNet": -2900000,
    "incomeBeforeTax": 50900000,
    "incomeBeforeTaxRatio": 0.1166361137,
    "incomeTaxExpense": 20300000,
    "netIncome": 30600000,
    "netIncomeRatio": 0.0701191567,
    "eps": 0.12,
    "epsdiluted": 0.12,
    "weightedAverageShsOut": 255000000,
    "weightedAverageShsOutDil": 266086957,
    "link": "https://www.sec.gov/Archives/edgar/data/31462/000104746998019542/0001047469-98-019542-index.html",
    "finalLink": "https://www.sec.gov/Archives/edgar/data/31462/"
  },
  {
    "date": "1997-12-31",
    "symbol": "ECL",
    "reportedCurrency": "USD",
    "cik": "0000031462",
    "fillingDate": "1998-03-10",
    "acceptedDate": "1998-03-10 00:00:00",
    "calendarYear": "1997",
    "period": "Q4",
    "revenue": 422000000,
    "costOfRevenue": 159000000,
    "grossProfit": 263000000,
    "grossProfitRatio": 0.6232227488,
    "researchAndDevelopmentExpenses": 0,
    "generalAndAdministrativeExpenses": 181600000,
    "sellingAndMarketingExpenses": 0,
    "sellingGeneralAndAdministrativeExpenses": 181600000,
    "otherExpenses": 25800000,
    "operatingExpenses": 207400000,
    "costAndExpenses": 366400000,
    "interestIncome": 0,
    "interestExpense": 0,
    "depreciationAndAmortization": 25800000,
    "ebitda": 81400000,
    "ebitdaratio": 0.1928909953,
    "operatingIncome": 55600000,
    "operatingIncomeRatio": 0.1317535545,
    "totalOtherIncomeExpensesNet": 500000,
    "incomeBeforeTax": 56100000,
    "incomeBeforeTaxRatio": 0.1329383886,
    "incomeTaxExpense": 21700000,
    "netIncome": 34400000,
    "netIncomeRatio": 0.0815165877,
    "eps": 0,
    "epsdiluted": 0,
    "weightedAverageShsOut": 255000000,
    "weightedAverageShsOutDil": 255000000,
    "link": "https://www.sec.gov/Archives/edgar/data/31462/000104746998009305/0001047469-98-009305-index.html",
    "finalLink": "https://www.sec.gov/Archives/edgar/data/31462/"
  },
  {
    "date": "1997-09-30",
    "symbol": "ECL",
    "reportedCurrency": "USD",
    "cik": "0000031462",
    "fillingDate": "1997-11-12",
    "acceptedDate": "1997-11-12 00:00:00",
    "calendarYear": "1997",
    "period": "Q3",
    "revenue": 432900000,
    "costOfRevenue": 163200000,
    "grossProfit": 269700000,
    "grossProfitRatio": 0.623007623,
    "researchAndDevelopmentExpenses": 0,
    "generalAndAdministrativeExpenses": 177900000,
    "sellingAndMarketingExpenses": 0,
    "sellingGeneralAndAdministrativeExpenses": 177900000,
    "otherExpenses": 25000000,
    "operatingExpenses": 202900000,
    "costAndExpenses": 366100000,
    "interestIncome": 0,
    "interestExpense": 0,
    "depreciationAndAmortization": 25000000,
    "ebitda": 91800000,
    "ebitdaratio": 0.2120582121,
    "operatingIncome": 66800000,
    "operatingIncomeRatio": 0.1543081543,
    "totalOtherIncomeExpensesNet": 300000,
    "incomeBeforeTax": 67100000,
    "incomeBeforeTaxRatio": 0.155001155,
    "incomeTaxExpense": 26600000,
    "netIncome": 40500000,
    "netIncomeRatio": 0.0935550936,
    "eps": 0.16,
    "epsdiluted": 0.16,
    "weightedAverageShsOut": 253125000,
    "weightedAverageShsOutDil": 261290323,
    "link": "https://www.sec.gov/Archives/edgar/data/31462/000104746997004062/0001047469-97-004062-index.html",
    "finalLink": "https://www.sec.gov/Archives/edgar/data/31462/"
  },
  {
    "date": "1997-06-30",
    "symbol": "ECL",
    "reportedCurrency": "USD",
    "cik": "0000031462",
    "fillingDate": "1997-08-07",
    "acceptedDate": "1997-08-07 00:00:00",
    "calendarYear": "1997",
    "period": "Q2",
    "revenue": 411800000,
    "costOfRevenue": 157900000,
    "grossProfit": 253900000,
    "grossProfitRatio": 0.6165614376,
    "researchAndDevelopmentExpenses": 0,
    "generalAndAdministrativeExpenses": 175700000,
    "sellingAndMarketingExpenses": 0,
    "sellingGeneralAndAdministrativeExpenses": 175700000,
    "otherExpenses": 25400000,
    "operatingExpenses": 201100000,
    "costAndExpenses": 359000000,
    "interestIncome": 0,
    "interestExpense": 0,
    "depreciationAndAmortization": 25400000,
    "ebitda": 78200000,
    "ebitdaratio": 0.1898980087,
    "operatingIncome": 52800000,
    "operatingIncomeRatio": 0.1282175814,
    "totalOtherIncomeExpensesNet": 500000,
    "incomeBeforeTax": 53300000,
    "incomeBeforeTaxRatio": 0.129431763,
    "incomeTaxExpense": 20400000,
    "netIncome": 32900000,
    "netIncomeRatio": 0.079893152,
    "eps": 0.13,
    "epsdiluted": 0.13,
    "weightedAverageShsOut": 253076923,
    "weightedAverageShsOutDil": 263200000,
    "link": "https://www.sec.gov/Archives/edgar/data/31462/000091205797026426/0000912057-97-026426-index.html",
    "finalLink": "https://www.sec.gov/Archives/edgar/data/31462/"
  },
  {
    "date": "1997-03-31",
    "symbol": "ECL",
    "reportedCurrency": "USD",
    "cik": "0000031462",
    "fillingDate": "1997-05-09",
    "acceptedDate": "1997-05-09 00:00:00",
    "calendarYear": "1997",
    "period": "Q1",
    "revenue": 373700000,
    "costOfRevenue": 141100000,
    "grossProfit": 232600000,
    "grossProfitRatio": 0.6224244046,
    "researchAndDevelopmentExpenses": 0,
    "generalAndAdministrativeExpenses": 164600000,
    "sellingAndMarketingExpenses": 0,
    "sellingGeneralAndAdministrativeExpenses": 164600000,
    "otherExpenses": 24700000,
    "operatingExpenses": 189300000,
    "costAndExpenses": 330400000,
    "interestIncome": 0,
    "interestExpense": 0,
    "depreciationAndAmortization": 24700000,
    "ebitda": 68000000,
    "ebitdaratio": 0.1819641424,
    "operatingIncome": 43300000,
    "operatingIncomeRatio": 0.1158683436,
    "totalOtherIncomeExpensesNet": -500000,
    "incomeBeforeTax": 42800000,
    "incomeBeforeTaxRatio": 0.114530372,
    "incomeTaxExpense": 16600000,
    "netIncome": 26200000,
    "netIncomeRatio": 0.0701097137,
    "eps": 0.1,
    "epsdiluted": 0.1,
    "weightedAverageShsOut": 262000000,
    "weightedAverageShsOutDil": 262000000,
    "link": "https://www.sec.gov/Archives/edgar/data/31462/000091205797016416/0000912057-97-016416-index.html",
    "finalLink": "https://www.sec.gov/Archives/edgar/data/31462/"
  },
  {
    "date": "1996-12-31",
    "symbol": "ECL",
    "reportedCurrency": "USD",
    "cik": "0000031462",
    "fillingDate": "1997-03-27",
    "acceptedDate": "1997-03-27 00:00:00",
    "calendarYear": "1996",
    "period": "Q4",
    "revenue": 391000000,
    "costOfRevenue": 152900000,
    "grossProfit": 238100000,
    "grossProfitRatio": 0.6089514066,
    "researchAndDevelopmentExpenses": 0,
    "generalAndAdministrativeExpenses": 164800000,
    "sellingAndMarketingExpenses": 0,
    "sellingGeneralAndAdministrativeExpenses": 164800000,
    "otherExpenses": 23300000,
    "operatingExpenses": 188100000,
    "costAndExpenses": 341000000,
    "interestIncome": 0,
    "interestExpense": 0,
    "depreciationAndAmortization": 23300000,
    "ebitda": 73300000,
    "ebitdaratio": 0.1874680307,
    "operatingIncome": 50000000,
    "operatingIncomeRatio": 0.1278772379,
    "totalOtherIncomeExpensesNet": 400000,
    "incomeBeforeTax": 50400000,
    "incomeBeforeTaxRatio": 0.1289002558,
    "incomeTaxExpense": 20000000,
    "netIncome": 30400000,
    "netIncomeRatio": 0.0777493606,
    "eps": 0,
    "epsdiluted": 0,
    "weightedAverageShsOut": 255686000,
    "weightedAverageShsOutDil": 262000000,
    "link": "https://www.sec.gov/Archives/edgar/data/31462/000091205797010517/0000912057-97-010517-index.html",
    "finalLink": "https://www.sec.gov/Archives/edgar/data/31462/"
  },
  {
    "date": "1996-09-30",
    "symbol": "ECL",
    "reportedCurrency": "USD",
    "cik": "0000031462",
    "fillingDate": "1996-11-12",
    "acceptedDate": "1996-11-12 00:00:00",
    "calendarYear": "1996",
    "period": "Q3",
    "revenue": 392100000,
    "costOfRevenue": 152600000,
    "grossProfit": 239500000,
    "grossProfitRatio": 0.610813568,
    "researchAndDevelopmentExpenses": 0,
    "generalAndAdministrativeExpenses": 160500000,
    "sellingAndMarketingExpenses": 0,
    "sellingGeneralAndAdministrativeExpenses": 160500000,
    "otherExpenses": 22600000,
    "operatingExpenses": 183100000,
    "costAndExpenses": 335700000,
    "interestIncome": 0,
    "interestExpense": 0,
    "depreciationAndAmortization": 22600000,
    "ebitda": 79000000,
    "ebitdaratio": 0.2014792145,
    "operatingIncome": 56400000,
    "operatingIncomeRatio": 0.1438408569,
    "totalOtherIncomeExpensesNet": 1400000,
    "incomeBeforeTax": 57800000,
    "incomeBeforeTaxRatio": 0.1474113746,
    "incomeTaxExpense": 22300000,
    "netIncome": 35500000,
    "netIncomeRatio": 0.090538128,
    "eps": 0.14,
    "epsdiluted": 0.14,
    "weightedAverageShsOut": 253571429,
    "weightedAverageShsOutDil": 262962963,
    "link": "https://www.sec.gov/Archives/edgar/data/31462/000091205796025763/0000912057-96-025763-index.html",
    "finalLink": "https://www.sec.gov/Archives/edgar/data/31462/"
  },
  {
    "date": "1996-06-30",
    "symbol": "ECL",
    "reportedCurrency": "USD",
    "cik": "0000031462",
    "fillingDate": "1996-08-07",
    "acceptedDate": "1996-08-07 00:00:00",
    "calendarYear": "1996",
    "period": "Q2",
    "revenue": 373200000,
    "costOfRevenue": 148900000,
    "grossProfit": 224300000,
    "grossProfitRatio": 0.6010182208,
    "researchAndDevelopmentExpenses": 0,
    "generalAndAdministrativeExpenses": 157000000,
    "sellingAndMarketingExpenses": 0,
    "sellingGeneralAndAdministrativeExpenses": 157000000,
    "otherExpenses": 22000000,
    "operatingExpenses": 179000000,
    "costAndExpenses": 327900000,
    "interestIncome": 0,
    "interestExpense": 0,
    "depreciationAndAmortization": 22000000,
    "ebitda": 67300000,
    "ebitdaratio": 0.1803322615,
    "operatingIncome": 45300000,
    "operatingIncomeRatio": 0.1213826367,
    "totalOtherIncomeExpensesNet": -1400000,
    "incomeBeforeTax": 43900000,
    "incomeBeforeTaxRatio": 0.1176312969,
    "incomeTaxExpense": 16300000,
    "netIncome": 27600000,
    "netIncomeRatio": 0.0739549839,
    "eps": 0.11,
    "epsdiluted": 0.11,
    "weightedAverageShsOut": 250909091,
    "weightedAverageShsOutDil": 250909091,
    "link": "https://www.sec.gov/Archives/edgar/data/31462/000091205796016500/0000912057-96-016500-index.html",
    "finalLink": "https://www.sec.gov/Archives/edgar/data/31462/"
  },
  {
    "date": "1996-03-31",
    "symbol": "ECL",
    "reportedCurrency": "USD",
    "cik": "0000031462",
    "fillingDate": "1996-05-08",
    "acceptedDate": "1996-05-08 00:00:00",
    "calendarYear": "1996",
    "period": "Q1",
    "revenue": 333700000,
    "costOfRevenue": 131000000,
    "grossProfit": 202700000,
    "grossProfitRatio": 0.607431825,
    "researchAndDevelopmentExpenses": 0,
    "generalAndAdministrativeExpenses": 147300000,
    "sellingAndMarketingExpenses": 0,
    "sellingGeneralAndAdministrativeExpenses": 147300000,
    "otherExpenses": 21600000,
    "operatingExpenses": 168900000,
    "costAndExpenses": 299900000,
    "interestIncome": 0,
    "interestExpense": 500000,
    "depreciationAndAmortization": 21600000,
    "ebitda": 55400000,
    "ebitdaratio": 0.1660173809,
    "operatingIncome": 33800000,
    "operatingIncomeRatio": 0.1012885826,
    "totalOtherIncomeExpensesNet": -2000000,
    "incomeBeforeTax": 31800000,
    "incomeBeforeTaxRatio": 0.0952951753,
    "incomeTaxExpense": 12200000,
    "netIncome": 19600000,
    "netIncomeRatio": 0.0587353911,
    "eps": 0.075,
    "epsdiluted": 0.075,
    "weightedAverageShsOut": 261333333,
    "weightedAverageShsOutDil": 261333333,
    "link": "https://www.sec.gov/Archives/edgar/data/31462/000091205796008494/0000912057-96-008494-index.html",
    "finalLink": "https://www.sec.gov/Archives/edgar/data/31462/"
  },
  {
    "date": "1995-12-31",
    "symbol": "ECL",
    "reportedCurrency": "USD",
    "cik": "0000031462",
    "fillingDate": "1996-03-27",
    "acceptedDate": "1996-03-27 00:00:00",
    "calendarYear": "1995",
    "period": "Q4",
    "revenue": 349400000,
    "costOfRevenue": 138800000,
    "grossProfit": 210600000,
    "grossProfitRatio": 0.6027475673,
    "researchAndDevelopmentExpenses": 0,
    "generalAndAdministrativeExpenses": 148700000,
    "sellingAndMarketingExpenses": 0,
    "sellingGeneralAndAdministrativeExpenses": 148700000,
    "otherExpenses": 19900000,
    "operatingExpenses": 168600000,
    "costAndExpenses": 307400000,
    "interestIncome": 0,
    "interestExpense": 700000,
    "depreciationAndAmortization": 19900000,
    "ebitda": 61900000,
    "ebitdaratio": 0.1771608472,
    "operatingIncome": 42000000,
    "operatingIncomeRatio": 0.1202060675,
    "totalOtherIncomeExpensesNet": -1900000,
    "incomeBeforeTax": 40100000,
    "incomeBeforeTaxRatio": 0.114768174,
    "incomeTaxExpense": 15000000,
    "netIncome": 25100000,
    "netIncomeRatio": 0.0718374356,
    "eps": 0,
    "epsdiluted": 0,
    "weightedAverageShsOut": 261333333,
    "weightedAverageShsOutDil": 261333333,
    "link": "https://www.sec.gov/Archives/edgar/data/31462/000091205796005326/0000912057-96-005326-index.html",
    "finalLink": "https://www.sec.gov/Archives/edgar/data/31462/"
  },
  {
    "date": "1995-09-30",
    "symbol": "ECL",
    "reportedCurrency": "USD",
    "cik": "0000031462",
    "fillingDate": "1995-11-09",
    "acceptedDate": "1995-11-09 00:00:00",
    "calendarYear": "1995",
    "period": "Q3",
    "revenue": 348500000,
    "costOfRevenue": 139300000,
    "grossProfit": 209200000,
    "grossProfitRatio": 0.600286944,
    "researchAndDevelopmentExpenses": 0,
    "generalAndAdministrativeExpenses": 142600000,
    "sellingAndMarketingExpenses": 0,
    "sellingGeneralAndAdministrativeExpenses": 142600000,
    "otherExpenses": 17300000,
    "operatingExpenses": 159900000,
    "costAndExpenses": 299200000,
    "interestIncome": 0,
    "interestExpense": 0,
    "depreciationAndAmortization": 17300000,
    "ebitda": 66600000,
    "ebitdaratio": 0.1911047346,
    "operatingIncome": 49300000,
    "operatingIncomeRatio": 0.1414634146,
    "totalOtherIncomeExpensesNet": -1400000,
    "incomeBeforeTax": 47900000,
    "incomeBeforeTaxRatio": 0.137446198,
    "incomeTaxExpense": 18000000,
    "netIncome": 29900000,
    "netIncomeRatio": 0.0857962697,
    "eps": 0.12,
    "epsdiluted": 0.12,
    "weightedAverageShsOut": 260000000,
    "weightedAverageShsOutDil": 260000000,
    "link": "https://www.sec.gov/Archives/edgar/data/31462/000003146295000017/0000031462-95-000017-index.html",
    "finalLink": "https://www.sec.gov/Archives/edgar/data/31462/"
  }
]