[
  {
    "date": "2024-12-31",
    "symbol": "ECL",
    "reportedCurrency": "USD",
    "cik": "0000031462",
    "fillingDate": "2025-02-21",
    "acceptedDate": "2025-02-21 08:04:24",
    "calendarYear": "2024",
    "period": "FY",
    "revenue": 15741400000,
    "costOfRevenue": 8898400000,
    "grossProfit": 6843000000,
    "grossProfitRatio": 0.4347135579,
    "researchAndDevelopmentExpenses": 207000000,
    "generalAndAdministrativeExpenses": 0,
    "sellingAndMarketingExpenses": 0,
    "sellingGeneralAndAdministrativeExpenses": 4023600000,
    "otherExpenses": 0,
    "operatingExpenses": 4230600000,
    "costAndExpenses": 13129000000,
    "interestIncome": 57800000,
    "interestExpense": 338400000,
    "depreciationAndAmortization": 935400000,
    "ebitda": 3845000000,
    "ebitdaratio": 0.244260358,
    "operatingIncome": 2612400000,
    "operatingIncomeRatio": 0.1659572846,
    "totalOtherIncomeExpensesNet": -41200000,
    "incomeBeforeTax": 2571200000,
    "incomeBeforeTaxRatio": 0.1633399825,
    "incomeTaxExpense": 439300000,
    "netIncome": 2112400000,
    "netIncomeRatio": 0.1341939091,
    "eps": 7.43,
    "epsdiluted": 7.37,
    "weightedAverageShsOut": 284300000,
    "weightedAverageShsOutDil": 286600000,
    "link": "https://www.sec.gov/Archives/edgar/data/31462/000155837025001263/0001558370-25-001263-index.htm",
    "finalLink": "https://www.sec.gov/Archives/edgar/data/31462/000155837025001263/ecl-20241231x10k.htm"
  },
  {
    "date": "2023-12-31",
    "symbol": "ECL",
    "reportedCurrency": "USD",
    "cik": "0000031462",
    "fillingDate": "2024-02-23",
    "acceptedDate": "2024-02-23 08:04:47",
    "calendarYear": "2023",
    "period": "FY",
    "revenue": 15320200000,
    "costOfRevenue": 9143000000,
    "grossProfit": 6177200000,
    "grossProfitRatio": 0.4032062245,
    "researchAndDevelopmentExpenses": 192000000,
    "generalAndAdministrativeExpenses": 0,
    "sellingAndMarketingExpenses": 0,
    "sellingGeneralAndAdministrativeExpenses": 3824500000,
    "otherExpenses": 0,
    "operatingExpenses": 4016500000,
    "costAndExpenses": 13159500000,
    "interestIncome": 52200000,
    "interestExpense": 354700000,
    "depreciationAndAmortization": 923600000,
    "ebitda": 3033800000,
    "ebitdaratio": 0.1980261354,
    "operatingIncome": 2160700000,
    "operatingIncomeRatio": 0.1410360178,
    "totalOtherIncomeExpensesNet": -405200000,
    "incomeBeforeTax": 1755500000,
    "incomeBeforeTaxRatio": 0.1145872769,
    "incomeTaxExpense": 362500000,
    "netIncome": 1372300000,
    "netIncomeRatio": 0.0895745486,
    "eps": 4.82,
    "epsdiluted": 4.79,
    "weightedAverageShsOut": 285000000,
    "weightedAverageShsOutDil": 286500000,
    "link": "https://www.sec.gov/Archives/edgar/data/31462/000155837024001581/0001558370-24-001581-index.htm",
    "finalLink": "https://www.sec.gov/Archives/edgar/data/31462/000155837024001581/ecl-20231231x10k.htm"
  },
  {
    "date": "2022-12-31",
    "symbol": "ECL",
    "reportedCurrency": "USD",
    "cik": "0000031462",
    "fillingDate": "2023-02-24",
    "acceptedDate": "2023-02-24 08:08:42",
    "calendarYear": "2022",
    "period": "FY",
    "revenue": 14187800000,
    "costOfRevenue": 8767500000,
    "grossProfit": 5420300000,
    "grossProfitRatio": 0.3820394987,
    "researchAndDevelopmentExpenses": 190000000,
    "generalAndAdministrativeExpenses": 0,
    "sellingAndMarketingExpenses": 0,
    "sellingGeneralAndAdministrativeExpenses": 3620800000,
    "otherExpenses": 0,
    "operatingExpenses": 3810800000,
    "costAndExpenses": 12578300000,
    "interestIncome": 8500000,
    "interestExpense": 263700000,
    "depreciationAndAmortization": 938700000,
    "ebitda": 2545800000,
    "ebitdaratio": 0.1794358533,
    "operatingIncome": 1609500000,
    "operatingIncomeRatio": 0.1134425351,
    "totalOtherIncomeExpensesNet": -266100000,
    "incomeBeforeTax": 1343400000,
    "incomeBeforeTaxRatio": 0.0946869846,
    "incomeTaxExpense": 234500000,
    "netIncome": 1091700000,
    "netIncomeRatio": 0.0769463906,
    "eps": 3.83,
    "epsdiluted": 3.81,
    "weightedAverageShsOut": 285200000,
    "weightedAverageShsOutDil": 286600000,
    "link": "https://www.sec.gov/Archives/edgar/data/31462/000155837023001969/0001558370-23-001969-index.htm",
    "finalLink": "https://www.sec.gov/Archives/edgar/data/31462/000155837023001969/ecl-20221231x10k.htm"
  },
  {
    "date": "2021-12-31",
    "symbol": "ECL",
    "reportedCurrency": "USD",
    "cik": "0000031462",
    "fillingDate": "2022-02-25",
    "acceptedDate": "2022-02-25 08:35:10",
    "calendarYear": "2021",
    "period": "FY",
    "revenue": 12733100000,
    "costOfRevenue": 7511200000,
    "grossProfit": 5221900000,
    "grossProfitRatio": 0.4101043736,
    "researchAndDevelopmentExpenses": 186000000,
    "generalAndAdministrativeExpenses": 0,
    "sellingAndMarketingExpenses": 0,
    "sellingGeneralAndAdministrativeExpenses": 3351400000,
    "otherExpenses": 0,
    "operatingExpenses": 3537400000,
    "costAndExpenses": 11048600000,
    "interestIncome": 12300000,
    "interestExpense": 216200000,
    "depreciationAndAmortization": 843100000,
    "ebitda": 2473500000,
    "ebitdaratio": 0.1942574864,
    "operatingIncome": 1684500000,
    "operatingIncomeRatio": 0.1322930001,
    "totalOtherIncomeExpensesNet": -270300000,
    "incomeBeforeTax": 1414200000,
    "incomeBeforeTaxRatio": 0.1110648624,
    "incomeTaxExpense": 270200000,
    "netIncome": 1129900000,
    "netIncomeRatio": 0.0887372282,
    "eps": 3.95,
    "epsdiluted": 3.91,
    "weightedAverageShsOut": 286300000,
    "weightedAverageShsOutDil": 289100000,
    "link": "https://www.sec.gov/Archives/edgar/data/31462/000155837022002059/0001558370-22-002059-index.htm",
    "finalLink": "https://www.sec.gov/Archives/edgar/data/31462/000155837022002059/ecl-20211231x10k.htm"
  },
  {
    "date": "2020-12-31",
    "symbol": "ECL",
    "reportedCurrency": "USD",
    "cik": "0000031462",
    "fillingDate": "2021-02-26",
    "acceptedDate": "2021-02-26 07:33:47",
    "calendarYear": "2020",
    "period": "FY",
    "revenue": 11790200000,
    "costOfRevenue": 6892100000,
    "grossProfit": 4898100000,
    "grossProfitRatio": 0.4154382453,
    "researchAndDevelopmentExpenses": 185000000,
    "generalAndAdministrativeExpenses": 0,
    "sellingAndMarketingExpenses": 0,
    "sellingGeneralAndAdministrativeExpenses": 3003500000,
    "otherExpenses": 0,
    "operatingExpenses": 3188500000,
    "costAndExpenses": 10080600000,
    "interestIncome": 14600000,
    "interestExpense": 246100000,
    "depreciationAndAmortization": 812700000,
    "ebitda": 2220200000,
    "ebitdaratio": 0.1883089345,
    "operatingIncome": 1709600000,
    "operatingIncomeRatio": 0.1450017811,
    "totalOtherIncomeExpensesNet": -548200000,
    "incomeBeforeTax": 1161400000,
    "incomeBeforeTaxRatio": 0.0985055385,
    "incomeTaxExpense": 176600000,
    "netIncome": -1205100000,
    "netIncomeRatio": -0.1022120066,
    "eps": -4.2,
    "epsdiluted": -4.2,
    "weightedAverageShsOut": 287000000,
    "weightedAverageShsOutDil": 287000000,
    "link": "https://www.sec.gov/Archives/edgar/data/31462/000155837021001916/0001558370-21-001916-index.htm",
    "finalLink": "https://www.sec.gov/Archives/edgar/data/31462/000155837021001916/ecl-20201231x10k.htm"
  },
  {
    "date": "2019-12-31",
    "symbol": "ECL",
    "reportedCurrency": "USD",
    "cik": "0000031462",
    "fillingDate": "2020-02-28",
    "acceptedDate": "2020-02-28 16:36:22",
    "calendarYear": "2019",
    "period": "FY",
    "revenue": 12562000000,
    "costOfRevenue": 7033200000,
    "grossProfit": 5528800000,
    "grossProfitRatio": 0.4401209998,
    "researchAndDevelopmentExpenses": 190000000,
    "generalAndAdministrativeExpenses": 0,
    "sellingAndMarketingExpenses": 0,
    "sellingGeneralAndAdministrativeExpenses": 3430300000,
    "otherExpenses": 0,
    "operatingExpenses": 3620300000,
    "costAndExpenses": 10653500000,
    "interestIncome": 23700000,
    "interestExpense": 241900000,
    "depreciationAndAmortization": 775300000,
    "ebitda": 2748700000,
    "ebitdaratio": 0.2188106989,
    "operatingIncome": 1908500000,
    "operatingIncomeRatio": 0.1519264448,
    "totalOtherIncomeExpensesNet": -177000000,
    "incomeBeforeTax": 1731500000,
    "incomeBeforeTaxRatio": 0.1378363318,
    "incomeTaxExpense": 288600000,
    "netIncome": 1558900000,
    "netIncomeRatio": 0.1240964815,
    "eps": 5.41,
    "epsdiluted": 5.33,
    "weightedAverageShsOut": 288100000,
    "weightedAverageShsOutDil": 292500000,
    "link": "https://www.sec.gov/Archives/edgar/data/31462/000155837020001788/0001558370-20-001788-index.htm",
    "finalLink": "https://www.sec.gov/Archives/edgar/data/31462/000155837020001788/ecl-20191231x10k145b24.htm"
  },
  {
    "date": "2018-12-31",
    "symbol": "ECL",
    "reportedCurrency": "USD",
    "cik": "0000031462",
    "fillingDate": "2019-03-01",
    "acceptedDate": "2019-03-01 06:25:44",
    "calendarYear": "2018",
    "period": "FY",
    "revenue": 14668200000,
    "costOfRevenue": 8608900000,
    "grossProfit": 6059300000,
    "grossProfitRatio": 0.4130909041,
    "researchAndDevelopmentExpenses": 216000000,
    "generalAndAdministrativeExpenses": 0,
    "sellingAndMarketingExpenses": 0,
    "sellingGeneralAndAdministrativeExpenses": 3861800000,
    "otherExpenses": 0,
    "operatingExpenses": 4077800000,
    "costAndExpenses": 12686700000,
    "interestIncome": 14900000,
    "interestExpense": 274100000,
    "depreciationAndAmortization": 938300000,
    "ebitda": 3017000000,
    "ebitdaratio": 0.2056830422,
    "operatingIncome": 1981500000,
    "operatingIncomeRatio": 0.1350881499,
    "totalOtherIncomeExpensesNet": -176900000,
    "incomeBeforeTax": 1804600000,
    "incomeBeforeTaxRatio": 0.1230280471,
    "incomeTaxExpense": 364300000,
    "netIncome": 1429100000,
    "netIncomeRatio": 0.0974284507,
    "eps": 4.95,
    "epsdiluted": 4.88,
    "weightedAverageShsOut": 288600000,
    "weightedAverageShsOutDil": 292800000,
    "link": "https://www.sec.gov/Archives/edgar/data/31462/000155837019001379/0001558370-19-001379-index.htm",
    "finalLink": "https://www.sec.gov/Archives/edgar/data/31462/000155837019001379/ecl-20181231x10k.htm"
  },
  {
    "date": "2017-12-31",
    "symbol": "ECL",
    "reportedCurrency": "USD",
    "cik": "0000031462",
    "fillingDate": "2018-02-23",
    "acceptedDate": "2018-02-23 08:46:10",
    "calendarYear": "2017",
    "period": "FY",
    "revenue": 13835900000,
    "costOfRevenue": 8006500000,
    "grossProfit": 5829400000,
    "grossProfitRatio": 0.4213242362,
    "researchAndDevelopmentExpenses": 201000000,
    "generalAndAdministrativeExpenses": 0,
    "sellingAndMarketingExpenses": -627400000,
    "sellingGeneralAndAdministrativeExpenses": 3428900000,
    "otherExpenses": 0,
    "operatingExpenses": 3629900000,
    "costAndExpenses": 11636400000,
    "interestIncome": 19600000,
    "interestExpense": 267000000,
    "depreciationAndAmortization": 893300000,
    "ebitda": 2922700000,
    "ebitdaratio": 0.2112403241,
    "operatingIncome": 2199500000,
    "operatingIncomeRatio": 0.1589705043,
    "totalOtherIncomeExpensesNet": -437100000,
    "incomeBeforeTax": 1762400000,
    "incomeBeforeTaxRatio": 0.1273787755,
    "incomeTaxExpense": 243800000,
    "netIncome": 1504600000,
    "netIncomeRatio": 0.1087460881,
    "eps": 5.2,
    "epsdiluted": 5.12,
    "weightedAverageShsOut": 289600000,
    "weightedAverageShsOutDil": 294000000,
    "link": "https://www.sec.gov/Archives/edgar/data/31462/000155837018000999/0001558370-18-000999-index.htm",
    "finalLink": "https://www.sec.gov/Archives/edgar/data/31462/000155837018000999/ecl-20171231x10k.htm"
  },
  {
    "date": "2016-12-31",
    "symbol": "ECL",
    "reportedCurrency": "USD",
    "cik": "0000031462",
    "fillingDate": "2017-02-24",
    "acceptedDate": "2017-02-24 08:25:17",
    "calendarYear": "2016",
    "period": "FY",
    "revenue": 13152800000,
    "costOfRevenue": 6849700000,
    "grossProfit": 6303100000,
    "grossProfitRatio": 0.4792211544,
    "researchAndDevelopmentExpenses": 189000000,
    "generalAndAdministrativeExpenses": 0,
    "sellingAndMarketingExpenses": 0,
    "sellingGeneralAndAdministrativeExpenses": 4106700000,
    "otherExpenses": 0,
    "operatingExpenses": 4295700000,
    "costAndExpenses": 11145400000,
    "interestIncome": 20800000,
    "interestExpense": 276200000,
    "depreciationAndAmortization": 850700000,
    "ebitda": 2777300000,
    "ebitdaratio": 0.2111565598,
    "operatingIncome": 2007400000,
    "operatingIncomeRatio": 0.152621495,
    "totalOtherIncomeExpensesNet": -357000000,
    "incomeBeforeTax": 1650400000,
    "incomeBeforeTaxRatio": 0.1254789855,
    "incomeTaxExpense": 403300000,
    "netIncome": 1229600000,
    "netIncomeRatio": 0.0934857977,
    "eps": 4.2,
    "epsdiluted": 4.14,
    "weightedAverageShsOut": 292500000,
    "weightedAverageShsOutDil": 296700000,
    "link": "https://www.sec.gov/Archives/edgar/data/31462/000155837017000944/0001558370-17-000944-index.htm",
    "finalLink": "https://www.sec.gov/Archives/edgar/data/31462/000155837017000944/ecl-20161231x10k.htm"
  },
  {
    "date": "2015-12-31",
    "symbol": "ECL",
    "reportedCurrency": "USD",
    "cik": "0000031462",
    "fillingDate": "2016-02-26",
    "acceptedDate": "2016-02-26 08:46:43",
    "calendarYear": "2015",
    "period": "FY",
    "revenue": 13545100000,
    "costOfRevenue": 7179900000,
    "grossProfit": 6365200000,
    "grossProfitRatio": 0.469926394,
    "researchAndDevelopmentExpenses": 191000000,
    "generalAndAdministrativeExpenses": 0,
    "sellingAndMarketingExpenses": 0,
    "sellingGeneralAndAdministrativeExpenses": 4191300000,
    "otherExpenses": 0,
    "operatingExpenses": 4382300000,
    "costAndExpenses": 11562200000,
    "interestIncome": 10100000,
    "interestExpense": 242500000,
    "depreciationAndAmortization": 859500000,
    "ebitda": 2419700000,
    "ebitdaratio": 0.1786402463,
    "operatingIncome": 1982900000,
    "operatingIncomeRatio": 0.1463924224,
    "totalOtherIncomeExpensesNet": -665200000,
    "incomeBeforeTax": 1317700000,
    "incomeBeforeTaxRatio": 0.0972824121,
    "incomeTaxExpense": 300500000,
    "netIncome": 1002100000,
    "netIncomeRatio": 0.0739824734,
    "eps": 3.38,
    "epsdiluted": 3.32,
    "weightedAverageShsOut": 296400000,
    "weightedAverageShsOutDil": 301400000,
    "link": "https://www.sec.gov/Archives/edgar/data/31462/000155837016003581/0001558370-16-003581-index.htm",
    "finalLink": "https://www.sec.gov/Archives/edgar/data/31462/000155837016003581/ecl-20151231x10k.htm"
  },
  {
    "date": "2014-12-31",
    "symbol": "ECL",
    "reportedCurrency": "USD",
    "cik": "0000031462",
    "fillingDate": "2015-02-27",
    "acceptedDate": "2015-02-27 08:50:20",
    "calendarYear": "2014",
    "period": "FY",
    "revenue": 14280500000,
    "costOfRevenue": 7670900000,
    "grossProfit": 6609600000,
    "grossProfitRatio": 0.4628409369,
    "researchAndDevelopmentExpenses": 197000000,
    "generalAndAdministrativeExpenses": 0,
    "sellingAndMarketingExpenses": 0,
    "sellingGeneralAndAdministrativeExpenses": 4391100000,
    "otherExpenses": 0,
    "operatingExpenses": 4588100000,
    "costAndExpenses": 12259000000,
    "interestIncome": 11400000,
    "interestExpense": 254900000,
    "depreciationAndAmortization": 872000000,
    "ebitda": 2825300000,
    "ebitdaratio": 0.1978432128,
    "operatingIncome": 2021500000,
    "operatingIncomeRatio": 0.1415566682,
    "totalOtherIncomeExpensesNet": -323100000,
    "incomeBeforeTax": 1698400000,
    "incomeBeforeTaxRatio": 0.11893141,
    "incomeTaxExpense": 476200000,
    "netIncome": 1202800000,
    "netIncomeRatio": 0.0842267428,
    "eps": 4.01,
    "epsdiluted": 3.93,
    "weightedAverageShsOut": 300100000,
    "weightedAverageShsOutDil": 305900000,
    "link": "https://www.sec.gov/Archives/edgar/data/31462/000110465915014788/0001104659-15-014788-index.htm",
    "finalLink": "https://www.sec.gov/Archives/edgar/data/31462/000110465915014788/a14-25700_110k.htm"
  },
  {
    "date": "2013-12-31",
    "symbol": "ECL",
    "reportedCurrency": "USD",
    "cik": "0000031462",
    "fillingDate": "2014-02-28",
    "acceptedDate": "2014-02-28 07:52:07",
    "calendarYear": "2013",
    "period": "FY",
    "revenue": 13253400000,
    "costOfRevenue": 7196100000,
    "grossProfit": 6057300000,
    "grossProfitRatio": 0.4570374394,
    "researchAndDevelopmentExpenses": 188000000,
    "generalAndAdministrativeExpenses": 0,
    "sellingAndMarketingExpenses": 0,
    "sellingGeneralAndAdministrativeExpenses": 4091600000,
    "otherExpenses": 0,
    "operatingExpenses": 4279600000,
    "costAndExpenses": 11475700000,
    "interestIncome": 10500000,
    "interestExpense": 259600000,
    "depreciationAndAmortization": 816200000,
    "ebitda": 2374100000,
    "ebitdaratio": 0.1791313927,
    "operatingIncome": 1777700000,
    "operatingIncomeRatio": 0.1341316191,
    "totalOtherIncomeExpensesNet": -479400000,
    "incomeBeforeTax": 1298300000,
    "incomeBeforeTaxRatio": 0.0979597688,
    "incomeTaxExpense": 324700000,
    "netIncome": 967800000,
    "netIncomeRatio": 0.0730227715,
    "eps": 3.23,
    "epsdiluted": 3.16,
    "weightedAverageShsOut": 299900000,
    "weightedAverageShsOutDil": 305900000,
    "link": "https://www.sec.gov/Archives/edgar/data/31462/000110465914014489/0001104659-14-014489-index.htm",
    "finalLink": "https://www.sec.gov/Archives/edgar/data/31462/000110465914014489/a13-25814_110k.htm"
  },
  {
    "date": "2012-12-31",
    "symbol": "ECL",
    "reportedCurrency": "USD",
    "cik": "0000031462",
    "fillingDate": "2013-02-26",
    "acceptedDate": "2013-02-26 16:44:35",
    "calendarYear": "2012",
    "period": "FY",
    "revenue": 11838800000,
    "costOfRevenue": 6391600000,
    "grossProfit": 5447200000,
    "grossProfitRatio": 0.4601142008,
    "researchAndDevelopmentExpenses": 183000000,
    "generalAndAdministrativeExpenses": 0,
    "sellingAndMarketingExpenses": 0,
    "sellingGeneralAndAdministrativeExpenses": 3738400000,
    "otherExpenses": 0,
    "operatingExpenses": 3921400000,
    "costAndExpenses": 10313000000,
    "interestIncome": 8900000,
    "interestExpense": 256600000,
    "depreciationAndAmortization": 714500000,
    "ebitda": 1983700000,
    "ebitdaratio": 0.1675592121,
    "operatingIncome": 1525800000,
    "operatingIncomeRatio": 0.1288813055,
    "totalOtherIncomeExpensesNet": -513200000,
    "incomeBeforeTax": 1012600000,
    "incomeBeforeTaxRatio": 0.0855323175,
    "incomeTaxExpense": 311300000,
    "netIncome": 703600000,
    "netIncomeRatio": 0.0594316992,
    "eps": 2.41,
    "epsdiluted": 2.35,
    "weightedAverageShsOut": 292500000,
    "weightedAverageShsOutDil": 298900000,
    "link": "https://www.sec.gov/Archives/edgar/data/31462/000110465913014387/0001104659-13-014387-index.htm",
    "finalLink": "https://www.sec.gov/Archives/edgar/data/31462/000110465913014387/a12-28463_110k.htm"
  },
  {
    "date": "2011-12-31",
    "symbol": "ECL",
    "reportedCurrency": "USD",
    "cik": "0000031462",
    "fillingDate": "2012-02-28",
    "acceptedDate": "2012-02-28 17:14:44",
    "calendarYear": "2011",
    "period": "FY",
    "revenue": 6828400000,
    "costOfRevenue": 3462000000,
    "grossProfit": 3366400000,
    "grossProfitRatio": 0.4929998243,
    "researchAndDevelopmentExpenses": 96000000,
    "generalAndAdministrativeExpenses": 0,
    "sellingAndMarketingExpenses": 0,
    "sellingGeneralAndAdministrativeExpenses": 2342700000,
    "otherExpenses": 0,
    "operatingExpenses": 2438700000,
    "costAndExpenses": 5900700000,
    "interestIncome": 7900000,
    "interestExpense": 74400000,
    "depreciationAndAmortization": 395700000,
    "ebitda": 1149700000,
    "ebitdaratio": 0.1683703357,
    "operatingIncome": 927700000,
    "operatingIncomeRatio": 0.1358590592,
    "totalOtherIncomeExpensesNet": -248100000,
    "incomeBeforeTax": 679600000,
    "incomeBeforeTaxRatio": 0.0995255111,
    "incomeTaxExpense": 216300000,
    "netIncome": 462500000,
    "netIncomeRatio": 0.0677318259,
    "eps": 1.95,
    "epsdiluted": 1.91,
    "weightedAverageShsOut": 236900000,
    "weightedAverageShsOutDil": 242100000,
    "link": "https://www.sec.gov/Archives/edgar/data/31462/000110465912014104/0001104659-12-014104-index.htm",
    "finalLink": "https://www.sec.gov/Archives/edgar/data/31462/000110465912014104/a11-30850_110k.htm"
  },
  {
    "date": "2010-12-31",
    "symbol": "ECL",
    "reportedCurrency": "USD",
    "cik": "0000031462",
    "fillingDate": "2011-02-25",
    "acceptedDate": "2011-02-25 16:27:49",
    "calendarYear": "2010",
    "period": "FY",
    "revenue": 6089700000,
    "costOfRevenue": 3009700000,
    "grossProfit": 3080000000,
    "grossProfitRatio": 0.5057720413,
    "researchAndDevelopmentExpenses": 88000000,
    "generalAndAdministrativeExpenses": 0,
    "sellingAndMarketingExpenses": 0,
    "sellingGeneralAndAdministrativeExpenses": 2168700000,
    "otherExpenses": 0,
    "operatingExpenses": 2256700000,
    "costAndExpenses": 5266400000,
    "interestIncome": 6500000,
    "interestExpense": 71500000,
    "depreciationAndAmortization": 347900000,
    "ebitda": 1167100000,
    "ebitdaratio": 0.1916514771,
    "operatingIncome": 823300000,
    "operatingIncomeRatio": 0.135195494,
    "totalOtherIncomeExpensesNet": -75600000,
    "incomeBeforeTax": 747700000,
    "incomeBeforeTaxRatio": 0.1227810894,
    "incomeTaxExpense": 216600000,
    "netIncome": 530299999,
    "netIncomeRatio": 0.0870814653,
    "eps": 2.27,
    "epsdiluted": 2.23,
    "weightedAverageShsOut": 233400000,
    "weightedAverageShsOutDil": 237600000,
    "link": "https://www.sec.gov/Archives/edgar/data/31462/000110465911010321/0001104659-11-010321-index.htm",
    "finalLink": "https://www.sec.gov/Archives/edgar/data/31462/000110465911010321/a11-2254_110k.htm"
  },
  {
    "date": "2009-12-31",
    "symbol": "ECL",
    "reportedCurrency": "USD",
    "cik": "0000031462",
    "fillingDate": "2010-02-26",
    "acceptedDate": "2010-02-26 16:38:17",
    "calendarYear": "2009",
    "period": "FY",
    "revenue": 5899800000,
    "costOfRevenue": 2970800000,
    "grossProfit": 2929000000,
    "grossProfitRatio": 0.496457507,
    "researchAndDevelopmentExpenses": 86000000,
    "generalAndAdministrativeExpenses": 0,
    "sellingAndMarketingExpenses": 0,
    "sellingGeneralAndAdministrativeExpenses": 2092600000,
    "otherExpenses": 0,
    "operatingExpenses": 2178600000,
    "costAndExpenses": 5149400000,
    "interestIncome": 6300000,
    "interestExpense": 58800000,
    "depreciationAndAmortization": 334300000,
    "ebitda": 1013200000,
    "ebitdaratio": 0.1717346351,
    "operatingIncome": 750400000,
    "operatingIncomeRatio": 0.1271907522,
    "totalOtherIncomeExpensesNet": -130300000,
    "incomeBeforeTax": 620100000,
    "incomeBeforeTaxRatio": 0.1051052578,
    "incomeTaxExpense": 201400000,
    "netIncome": 417300000,
    "netIncomeRatio": 0.0707312112,
    "eps": 1.76,
    "epsdiluted": 1.74,
    "weightedAverageShsOut": 236700000,
    "weightedAverageShsOutDil": 239900000,
    "link": "https://www.sec.gov/Archives/edgar/data/31462/000110465910010302/0001104659-10-010302-index.htm",
    "finalLink": "https://www.sec.gov/Archives/edgar/data/31462/000110465910010302/a09-36096_110k.htm"
  },
  {
    "date": "2008-12-31",
    "symbol": "ECL",
    "reportedCurrency": "USD",
    "cik": "0000031462",
    "fillingDate": "2009-02-27",
    "acceptedDate": "2009-02-27 16:10:25",
    "calendarYear": "2008",
    "period": "FY",
    "revenue": 6137500000,
    "costOfRevenue": 3141600000,
    "grossProfit": 2995900000,
    "grossProfitRatio": 0.4881303462,
    "researchAndDevelopmentExpenses": 86000000,
    "generalAndAdministrativeExpenses": 0,
    "sellingAndMarketingExpenses": 0,
    "sellingGeneralAndAdministrativeExpenses": 2171500000,
    "otherExpenses": 0,
    "operatingExpenses": 2257500000,
    "costAndExpenses": 5399100000,
    "interestIncome": 9200000,
    "interestExpense": 70800000,
    "depreciationAndAmortization": 334700000,
    "ebitda": 1056400000,
    "ebitdaratio": 0.1721221996,
    "operatingIncome": 738400000,
    "operatingIncomeRatio": 0.1203095723,
    "totalOtherIncomeExpensesNet": -87500000,
    "incomeBeforeTax": 650900000,
    "incomeBeforeTaxRatio": 0.1060529532,
    "incomeTaxExpense": 202800000,
    "netIncome": 448100000,
    "netIncomeRatio": 0.0730101833,
    "eps": 1.83,
    "epsdiluted": 1.8,
    "weightedAverageShsOut": 245400000,
    "weightedAverageShsOutDil": 249300000,
    "link": "https://www.sec.gov/Archives/edgar/data/31462/000110465909013091/0001104659-09-013091-index.htm",
    "finalLink": "https://www.sec.gov/Archives/edgar/data/31462/000110465909013091/a09-1718_110k.htm"
  },
  {
    "date": "2007-12-31",
    "symbol": "ECL",
    "reportedCurrency": "USD",
    "cik": "0000031462",
    "fillingDate": "2008-02-25",
    "acceptedDate": "2008-02-25 16:31:30",
    "calendarYear": "2007",
    "period": "FY",
    "revenue": 5469600000,
    "costOfRevenue": 2691700000,
    "grossProfit": 2777900000,
    "grossProfitRatio": 0.5078799181,
    "researchAndDevelopmentExpenses": 82600000,
    "generalAndAdministrativeExpenses": 0,
    "sellingAndMarketingExpenses": 0,
    "sellingGeneralAndAdministrativeExpenses": 2008300000,
    "otherExpenses": 0,
    "operatingExpenses": 2090900000,
    "costAndExpenses": 4782600000,
    "interestIncome": 7900000,
    "interestExpense": 56800000,
    "depreciationAndAmortization": 291900000,
    "ebitda": 965000000,
    "ebitdaratio": 0.1764297206,
    "operatingIncome": 687000000,
    "operatingIncomeRatio": 0.1256033348,
    "totalOtherIncomeExpensesNet": -70700000,
    "incomeBeforeTax": 616300000,
    "incomeBeforeTaxRatio": 0.1126773439,
    "incomeTaxExpense": 189100000,
    "netIncome": 427200000,
    "netIncomeRatio": 0.0781044318,
    "eps": 1.73,
    "epsdiluted": 1.7,
    "weightedAverageShsOut": 246800000,
    "weightedAverageShsOutDil": 251800000,
    "link": "https://www.sec.gov/Archives/edgar/data/31462/000110465908012647/0001104659-08-012647-index.htm",
    "finalLink": "https://www.sec.gov/Archives/edgar/data/31462/000110465908012647/a08-6080_110k.htm"
  },
  {
    "date": "2006-12-31",
    "symbol": "ECL",
    "reportedCurrency": "USD",
    "cik": "0000031462",
    "fillingDate": "2007-02-28",
    "acceptedDate": "2007-02-28 17:28:19",
    "calendarYear": "2006",
    "period": "FY",
    "revenue": 4895814000,
    "costOfRevenue": 2416058000,
    "grossProfit": 2479756000,
    "grossProfitRatio": 0.5065053533,
    "researchAndDevelopmentExpenses": 73300000,
    "generalAndAdministrativeExpenses": 0,
    "sellingAndMarketingExpenses": 0,
    "sellingGeneralAndAdministrativeExpenses": 1794814000,
    "otherExpenses": 0,
    "operatingExpenses": 1868114000,
    "costAndExpenses": 4284171999,
    "interestIncome": 6900000,
    "interestExpense": 51318000,
    "depreciationAndAmortization": 268569000,
    "ebitda": 887111000,
    "ebitdaratio": 0.181197856,
    "operatingIncome": 611642000,
    "operatingIncomeRatio": 0.1249316253,
    "totalOtherIncomeExpensesNet": -44418000,
    "incomeBeforeTax": 567224000,
    "incomeBeforeTaxRatio": 0.1158589767,
    "incomeTaxExpense": 198609000,
    "netIncome": 368615000,
    "netIncomeRatio": 0.0752918718,
    "eps": 1.46,
    "epsdiluted": 1.43,
    "weightedAverageShsOut": 252100000,
    "weightedAverageShsOutDil": 257100000,
    "link": "https://www.sec.gov/Archives/edgar/data/31462/000110465907015053/0001104659-07-015053-index.htm",
    "finalLink": "https://www.sec.gov/Archives/edgar/data/31462/000110465907015053/a07-5385_110k.htm"
  },
  {
    "date": "2005-12-31",
    "symbol": "ECL",
    "reportedCurrency": "USD",
    "cik": "0000031462",
    "fillingDate": "2006-02-28",
    "acceptedDate": "2006-02-28 16:55:58",
    "calendarYear": "2005",
    "period": "FY",
    "revenue": 4534832000,
    "costOfRevenue": 2248831000,
    "grossProfit": 2286001000,
    "grossProfitRatio": 0.5040982775,
    "researchAndDevelopmentExpenses": 68372000,
    "generalAndAdministrativeExpenses": 0,
    "sellingAndMarketingExpenses": 0,
    "sellingGeneralAndAdministrativeExpenses": 1675209000,
    "otherExpenses": 0,
    "operatingExpenses": 1743581000,
    "costAndExpenses": 3992412000,
    "interestIncome": 5558000,
    "interestExpense": 49796000,
    "depreciationAndAmortization": 256935000,
    "ebitda": 804913000,
    "ebitdaratio": 0.1774956603,
    "operatingIncome": 542420000,
    "operatingIncomeRatio": 0.1196119283,
    "totalOtherIncomeExpensesNet": -44238000,
    "incomeBeforeTax": 498182000,
    "incomeBeforeTaxRatio": 0.1098567709,
    "incomeTaxExpense": 178701000,
    "netIncome": 319481000,
    "netIncomeRatio": 0.0704504599,
    "eps": 1.25,
    "epsdiluted": 1.23,
    "weightedAverageShsOut": 255741000,
    "weightedAverageShsOutDil": 260098000,
    "link": "https://www.sec.gov/Archives/edgar/data/31462/000110465906012710/0001104659-06-012710-index.htm",
    "finalLink": "https://www.sec.gov/Archives/edgar/data/31462/000110465906012710/a06-2286_110k.htm"
  },
  {
    "date": "2004-12-31",
    "symbol": "ECL",
    "reportedCurrency": "USD",
    "cik": "0000031462",
    "fillingDate": "2005-03-03",
    "acceptedDate": "2005-03-03 17:08:44",
    "calendarYear": "2004",
    "period": "FY",
    "revenue": 4184933000,
    "costOfRevenue": 2033598000,
    "grossProfit": 2151335000,
    "grossProfitRatio": 0.5140667724,
    "researchAndDevelopmentExpenses": 61471000,
    "generalAndAdministrativeExpenses": 0,
    "sellingAndMarketingExpenses": 0,
    "sellingGeneralAndAdministrativeExpenses": 1595613000,
    "otherExpenses": 0,
    "operatingExpenses": 1657084000,
    "costAndExpenses": 3690682000,
    "interestIncome": 3135000,
    "interestExpense": 48479000,
    "depreciationAndAmortization": 246954000,
    "ebitda": 739873000,
    "ebitdaratio": 0.1767944672,
    "operatingIncome": 494251000,
    "operatingIncomeRatio": 0.1181024881,
    "totalOtherIncomeExpensesNet": -49705000,
    "incomeBeforeTax": 444546000,
    "incomeBeforeTaxRatio": 0.1062253565,
    "incomeTaxExpense": 161853000,
    "netIncome": 282693000,
    "netIncomeRatio": 0.0675501854,
    "eps": 1.1,
    "epsdiluted": 1.09,
    "weightedAverageShsOut": 257575000,
    "weightedAverageShsOutDil": 260407000,
    "link": "https://www.sec.gov/Archives/edgar/data/31462/000110465905009384/0001104659-05-009384-index.htm",
    "finalLink": "https://www.sec.gov/Archives/edgar/data/31462/000110465905009384/a05-1766_110k.htm"
  },
  {
    "date": "2003-12-31",
    "symbol": "ECL",
    "reportedCurrency": "USD",
    "cik": "0000031462",
    "fillingDate": "2004-03-05",
    "acceptedDate": "2004-03-05 14:19:36",
    "calendarYear": "2003",
    "period": "FY",
    "revenue": 3761819000,
    "costOfRevenue": 1845202000,
    "grossProfit": 1916617000,
    "grossProfitRatio": 0.5094920835,
    "researchAndDevelopmentExpenses": 0,
    "generalAndAdministrativeExpenses": 1433551000,
    "sellingAndMarketingExpenses": 0,
    "sellingGeneralAndAdministrativeExpenses": 1433551000,
    "otherExpenses": 408000,
    "operatingExpenses": 1433959000,
    "costAndExpenses": 3279161000,
    "interestIncome": 0,
    "interestExpense": 34648000,
    "depreciationAndAmortization": 229656000,
    "ebitda": 712314000,
    "ebitdaratio": 0.1893536079,
    "operatingIncome": 482658000,
    "operatingIncomeRatio": 0.1283044187,
    "totalOtherIncomeExpensesNet": -34240000,
    "incomeBeforeTax": 448418000,
    "incomeBeforeTaxRatio": 0.119202439,
    "incomeTaxExpense": 171070000,
    "netIncome": 277348000,
    "netIncomeRatio": 0.0737270985,
    "eps": 1.07,
    "epsdiluted": 1.06,
    "weightedAverageShsOut": 259454000,
    "weightedAverageShsOutDil": 262737000,
    "link": "https://www.sec.gov/Archives/edgar/data/31462/000110465904006565/0001104659-04-006565-index.htm",
    "finalLink": "https://www.sec.gov/Archives/edgar/data/31462/000110465904006565/a04-2967_210k.htm"
  },
  {
    "date": "2002-12-31",
    "symbol": "ECL",
    "reportedCurrency": "USD",
    "cik": "0000031462",
    "fillingDate": "2003-03-07",
    "acceptedDate": "2003-03-07 15:33:54",
    "calendarYear": "2002",
    "period": "FY",
    "revenue": 3403585000,
    "costOfRevenue": 1687597000,
    "grossProfit": 1715988000,
    "grossProfitRatio": 0.5041707494,
    "researchAndDevelopmentExpenses": 0,
    "generalAndAdministrativeExpenses": 1283091000,
    "sellingAndMarketingExpenses": 0,
    "sellingGeneralAndAdministrativeExpenses": 1283091000,
    "otherExpenses": 37031000,
    "operatingExpenses": 1320122000,
    "costAndExpenses": 3007719000,
    "interestIncome": 0,
    "interestExpense": 83046000,
    "depreciationAndAmortization": 223428000,
    "ebitda": 619294000,
    "ebitdaratio": 0.1819534403,
    "operatingIncome": 395866000,
    "operatingIncomeRatio": 0.1163085394,
    "totalOtherIncomeExpensesNet": -43895000,
    "incomeBeforeTax": 351971000,
    "incomeBeforeTaxRatio": 0.1034118437,
    "incomeTaxExpense": 140081000,
    "netIncome": 209770000,
    "netIncomeRatio": 0.0616320732,
    "eps": 0.76,
    "epsdiluted": 0.75,
    "weightedAverageShsOut": 258147000,
    "weightedAverageShsOutDil": 261574000,
    "link": "https://www.sec.gov/Archives/edgar/data/31462/000110465903003796/0001104659-03-003796-index.htm",
    "finalLink": "https://www.sec.gov/Archives/edgar/data/31462/000110465903003796/j8116_10k.htm"
  },
  {
    "date": "2001-12-31",
    "symbol": "ECL",
    "reportedCurrency": "USD",
    "cik": "0000031462",
    "fillingDate": "2002-03-08",
    "acceptedDate": "2002-03-08 00:00:00",
    "calendarYear": "2001",
    "period": "FY",
    "revenue": 2354723000,
    "costOfRevenue": 1089631000,
    "grossProfit": 1265092000,
    "grossProfitRatio": 0.5372572485,
    "researchAndDevelopmentExpenses": 0,
    "generalAndAdministrativeExpenses": 946089000,
    "sellingAndMarketingExpenses": 0,
    "sellingGeneralAndAdministrativeExpenses": 946089000,
    "otherExpenses": 1390000,
    "operatingExpenses": 947479000,
    "costAndExpenses": 2037110000,
    "interestIncome": 0,
    "interestExpense": 12859000,
    "depreciationAndAmortization": 162990000,
    "ebitda": 481169000,
    "ebitdaratio": 0.2043420818,
    "operatingIncome": 318179000,
    "operatingIncomeRatio": 0.1351237492,
    "totalOtherIncomeExpensesNet": -28434000,
    "incomeBeforeTax": 289745000,
    "incomeBeforeTaxRatio": 0.1230484435,
    "incomeTaxExpense": 117408000,
    "netIncome": 188170000,
    "netIncomeRatio": 0.0799117348,
    "eps": 0.74,
    "epsdiluted": 0.72,
    "weightedAverageShsOut": 254832000,
    "weightedAverageShsOutDil": 259855000,
    "link": "https://www.sec.gov/Archives/edgar/data/31462/000110465902000656/0001104659-02-000656-index.htm",
    "finalLink": "https://www.sec.gov/Archives/edgar/data/31462/000110465902000656/j3013_10k405.htm"
  },
  {
    "date": "2000-12-31",
    "symbol": "ECL",
    "reportedCurrency": "USD",
    "cik": "0000031462",
    "fillingDate": "2001-03-09",
    "acceptedDate": "2001-03-09 00:00:00",
    "calendarYear": "2000",
    "period": "FY",
    "revenue": 2264313000,
    "costOfRevenue": 877470000,
    "grossProfit": 1386843000,
    "grossProfitRatio": 0.6124784869,
    "researchAndDevelopmentExpenses": 0,
    "generalAndAdministrativeExpenses": 916004000,
    "sellingAndMarketingExpenses": 0,
    "sellingGeneralAndAdministrativeExpenses": 916004000,
    "otherExpenses": 148436000,
    "operatingExpenses": 1064440000,
    "costAndExpenses": 1941910000,
    "interestIncome": 0,
    "interestExpense": 0,
    "depreciationAndAmortization": 148436000,
    "ebitda": 391575000,
    "ebitdaratio": 0.1729332473,
    "operatingIncome": 322403000,
    "operatingIncomeRatio": 0.1423844672,
    "totalOtherIncomeExpensesNet": 15647000,
    "incomeBeforeTax": 338050000,
    "incomeBeforeTaxRatio": 0.1492947309,
    "incomeTaxExpense": 129495000,
    "netIncome": 206127000,
    "netIncomeRatio": 0.0910329093,
    "eps": 0.81,
    "epsdiluted": 0.78,
    "weightedAverageShsOut": 255505000,
    "weightedAverageShsOutDil": 263892000,
    "link": "https://www.sec.gov/Archives/edgar/data/31462/000091205701007478/0000912057-01-007478-index.htm",
    "finalLink": "https://www.sec.gov/Archives/edgar/data/31462/000091205701007478/a2040491z10-k405.htm"
  },
  {
    "date": "1999-12-31",
    "symbol": "ECL",
    "reportedCurrency": "USD",
    "cik": "0000031462",
    "fillingDate": "2000-03-13",
    "acceptedDate": "2000-03-13 00:00:00",
    "calendarYear": "1999",
    "period": "FY",
    "revenue": 2080000000,
    "costOfRevenue": 803100000,
    "grossProfit": 1276900000,
    "grossProfitRatio": 0.6138942308,
    "researchAndDevelopmentExpenses": 0,
    "generalAndAdministrativeExpenses": 852400000,
    "sellingAndMarketingExpenses": 0,
    "sellingGeneralAndAdministrativeExpenses": 852400000,
    "otherExpenses": 134500000,
    "operatingExpenses": 986900000,
    "costAndExpenses": 1790000000,
    "interestIncome": 0,
    "interestExpense": 0,
    "depreciationAndAmortization": 134500000,
    "ebitda": 424500000,
    "ebitdaratio": 0.2040865385,
    "operatingIncome": 290000000,
    "operatingIncomeRatio": 0.1394230769,
    "totalOtherIncomeExpensesNet": -4400000,
    "incomeBeforeTax": 285600000,
    "incomeBeforeTaxRatio": 0.1373076923,
    "incomeTaxExpense": 109800000,
    "netIncome": 175800000,
    "netIncomeRatio": 0.0845192308,
    "eps": 0.68,
    "epsdiluted": 0.65,
    "weightedAverageShsOut": 259099000,
    "weightedAverageShsOutDil": 268837000,
    "link": "https://www.sec.gov/Archives/edgar/data/31462/000091205700011227/0000912057-00-011227-index.html",
    "finalLink": "https://www.sec.gov/Archives/edgar/data/31462/000091205700011227/"
  },
  {
    "date": "1998-12-31",
    "symbol": "ECL",
    "reportedCurrency": "USD",
    "cik": "0000031462",
    "fillingDate": "1999-03-30",
    "acceptedDate": "1999-03-30 00:00:00",
    "calendarYear": "1998",
    "period": "FY",
    "revenue": 1888200000,
    "costOfRevenue": 729200000,
    "grossProfit": 1159000000,
    "grossProfitRatio": 0.6138120962,
    "researchAndDevelopmentExpenses": 0,
    "generalAndAdministrativeExpenses": 775100000,
    "sellingAndMarketingExpenses": 0,
    "sellingGeneralAndAdministrativeExpenses": 775100000,
    "otherExpenses": 122000000,
    "operatingExpenses": 897100000,
    "costAndExpenses": 1626300000,
    "interestIncome": 0,
    "interestExpense": 0,
    "depreciationAndAmortization": 122000000,
    "ebitda": 383900000,
    "ebitdaratio": 0.2033153268,
    "operatingIncome": 261900000,
    "operatingIncomeRatio": 0.1387035272,
    "totalOtherIncomeExpensesNet": -5600000,
    "incomeBeforeTax": 256300000,
    "incomeBeforeTaxRatio": 0.1357377396,
    "incomeTaxExpense": 101800000,
    "netIncome": 192500000,
    "netIncomeRatio": 0.1019489461,
    "eps": 0.75,
    "epsdiluted": 0.72,
    "weightedAverageShsOut": 258314000,
    "weightedAverageShsOutDil": 268094000,
    "link": "https://www.sec.gov/Archives/edgar/data/31462/000104746999012518/0001047469-99-012518-index.html",
    "finalLink": "https://www.sec.gov/Archives/edgar/data/31462/"
  },
  {
    "date": "1997-12-31",
    "symbol": "ECL",
    "reportedCurrency": "USD",
    "cik": "0000031462",
    "fillingDate": "1998-03-10",
    "acceptedDate": "1998-03-10 00:00:00",
    "calendarYear": "1997",
    "period": "FY",
    "revenue": 1640400000,
    "costOfRevenue": 621200000,
    "grossProfit": 1019200000,
    "grossProfitRatio": 0.6213118752,
    "researchAndDevelopmentExpenses": 0,
    "generalAndAdministrativeExpenses": 699800000,
    "sellingAndMarketingExpenses": 0,
    "sellingGeneralAndAdministrativeExpenses": 699800000,
    "otherExpenses": 100900000,
    "operatingExpenses": 800700000,
    "costAndExpenses": 1421900000,
    "interestIncome": 0,
    "interestExpense": 0,
    "depreciationAndAmortization": 100900000,
    "ebitda": 319400000,
    "ebitdaratio": 0.1947086077,
    "operatingIncome": 218500000,
    "operatingIncomeRatio": 0.1331992197,
    "totalOtherIncomeExpensesNet": 800000,
    "incomeBeforeTax": 219300000,
    "incomeBeforeTaxRatio": 0.1336869056,
    "incomeTaxExpense": 85300000,
    "netIncome": 134000000,
    "netIncomeRatio": 0.0816873933,
    "eps": 0.52,
    "epsdiluted": 0.5,
    "weightedAverageShsOut": 258892000,
    "weightedAverageShsOutDil": 267644000,
    "link": "https://www.sec.gov/Archives/edgar/data/31462/000104746998009305/0001047469-98-009305-index.html",
    "finalLink": "https://www.sec.gov/Archives/edgar/data/31462/"
  },
  {
    "date": "1996-12-31",
    "symbol": "ECL",
    "reportedCurrency": "USD",
    "cik": "0000031462",
    "fillingDate": "1997-03-27",
    "acceptedDate": "1997-03-27 00:00:00",
    "calendarYear": "1996",
    "period": "FY",
    "revenue": 1490000000,
    "costOfRevenue": 585400000,
    "grossProfit": 904600000,
    "grossProfitRatio": 0.607114094,
    "researchAndDevelopmentExpenses": 0,
    "generalAndAdministrativeExpenses": 629700000,
    "sellingAndMarketingExpenses": 0,
    "sellingGeneralAndAdministrativeExpenses": 629700000,
    "otherExpenses": 89500000,
    "operatingExpenses": 719200000,
    "costAndExpenses": 1304600000,
    "interestIncome": 0,
    "interestExpense": 0,
    "depreciationAndAmortization": 89500000,
    "ebitda": 274900000,
    "ebitdaratio": 0.1844966443,
    "operatingIncome": 185400000,
    "operatingIncomeRatio": 0.1244295302,
    "totalOtherIncomeExpensesNet": -1400000,
    "incomeBeforeTax": 184000000,
    "incomeBeforeTaxRatio": 0.1234899329,
    "incomeTaxExpense": 70800000,
    "netIncome": 113200000,
    "netIncomeRatio": 0.0759731544,
    "eps": 0.44,
    "epsdiluted": 0.42,
    "weightedAverageShsOut": 257984000,
    "weightedAverageShsOutDil": 267928994,
    "link": "https://www.sec.gov/Archives/edgar/data/31462/000091205797010517/0000912057-97-010517-index.html",
    "finalLink": "https://www.sec.gov/Archives/edgar/data/31462/"
  },
  {
    "date": "1995-12-31",
    "symbol": "ECL",
    "reportedCurrency": "USD",
    "cik": "0000031462",
    "fillingDate": "1996-03-27",
    "acceptedDate": "1996-03-27 00:00:00",
    "calendarYear": "1995",
    "period": "FY",
    "revenue": 1340900000,
    "costOfRevenue": 527100000,
    "grossProfit": 813800000,
    "grossProfitRatio": 0.6069058095,
    "researchAndDevelopmentExpenses": 0,
    "generalAndAdministrativeExpenses": 575000000,
    "sellingAndMarketingExpenses": 0,
    "sellingGeneralAndAdministrativeExpenses": 575000000,
    "otherExpenses": 76100000,
    "operatingExpenses": 651100000,
    "costAndExpenses": 1178200000,
    "interestIncome": 0,
    "interestExpense": 0,
    "depreciationAndAmortization": 76100000,
    "ebitda": 238800000,
    "ebitdaratio": 0.178089343,
    "operatingIncome": 162700000,
    "operatingIncomeRatio": 0.1213364158,
    "totalOtherIncomeExpensesNet": -3800000,
    "incomeBeforeTax": 158900000,
    "incomeBeforeTaxRatio": 0.1185024983,
    "incomeTaxExpense": 59700000,
    "netIncome": 99200000,
    "netIncomeRatio": 0.0739801626,
    "eps": 0.38,
    "epsdiluted": 0.38,
    "weightedAverageShsOut": 264388000,
    "weightedAverageShsOutDil": 264642857,
    "link": "https://www.sec.gov/Archives/edgar/data/31462/000091205796005326/0000912057-96-005326-index.html",
    "finalLink": "https://www.sec.gov/Archives/edgar/data/31462/"
  },
  {
    "date": "1994-12-31",
    "symbol": "ECL",
    "reportedCurrency": "USD",
    "cik": "0000031462",
    "fillingDate": "1995-03-14",
    "acceptedDate": "1995-03-14 00:00:00",
    "calendarYear": "1994",
    "period": "FY",
    "revenue": 1207600000,
    "costOfRevenue": 466200000,
    "grossProfit": 741400000,
    "grossProfitRatio": 0.6139450149,
    "researchAndDevelopmentExpenses": 0,
    "generalAndAdministrativeExpenses": 0,
    "sellingAndMarketingExpenses": 0,
    "sellingGeneralAndAdministrativeExpenses": 529500000,
    "otherExpenses": 66900000,
    "operatingExpenses": 596400000,
    "costAndExpenses": 1062600000,
    "interestIncome": 0,
    "interestExpense": 7000000,
    "depreciationAndAmortization": 66900000,
    "ebitda": 211900000,
    "ebitdaratio": 0.1754720106,
    "operatingIncome": 145000000,
    "operatingIncomeRatio": 0.1200728718,
    "totalOtherIncomeExpensesNet": -10000000,
    "incomeBeforeTax": 135000000,
    "incomeBeforeTaxRatio": 0.1117919841,
    "incomeTaxExpense": 50400000,
    "netIncome": 84600000,
    "netIncomeRatio": 0.07005631,
    "eps": 0.63,
    "epsdiluted": 0.63,
    "weightedAverageShsOut": 250980392,
    "weightedAverageShsOutDil": 250980392,
    "link": "https://www.sec.gov/Archives/edgar/data/31462/000091205795001375/0000912057-95-001375-index.html",
    "finalLink": "https://www.sec.gov/Archives/edgar/data/31462/"
  },
  {
    "date": "1993-12-31",
    "symbol": "ECL",
    "reportedCurrency": "USD",
    "cik": "0000031462",
    "fillingDate": "1993-12-31",
    "acceptedDate": "1993-12-31 00:00:00",
    "calendarYear": "1993",
    "period": "FY",
    "revenue": 1041500000,
    "costOfRevenue": 393600000,
    "grossProfit": 647900000,
    "grossProfitRatio": 0.6220835334,
    "researchAndDevelopmentExpenses": 0,
    "generalAndAdministrativeExpenses": 0,
    "sellingAndMarketingExpenses": 0,
    "sellingGeneralAndAdministrativeExpenses": 466600000,
    "otherExpenses": 59500000,
    "operatingExpenses": 526100000,
    "costAndExpenses": 919700000,
    "interestIncome": 0,
    "interestExpense": 3700000,
    "depreciationAndAmortization": 59500000,
    "ebitda": 181300000,
    "ebitdaratio": 0.1740758521,
    "operatingIncome": 121800000,
    "operatingIncomeRatio": 0.1169467115,
    "totalOtherIncomeExpensesNet": -12500000,
    "incomeBeforeTax": 109300000,
    "incomeBeforeTaxRatio": 0.1049447912,
    "incomeTaxExpense": 33400000,
    "netIncome": 76600000,
    "netIncomeRatio": 0.0735477676,
    "eps": 0.3,
    "epsdiluted": 0.3,
    "weightedAverageShsOut": 255333333,
    "weightedAverageShsOutDil": 255333333,
    "link": null,
    "finalLink": null
  },
  {
    "date": "1992-12-31",
    "symbol": "ECL",
    "reportedCurrency": "USD",
    "cik": "0000031462",
    "fillingDate": "1992-12-31",
    "acceptedDate": "1992-12-31 00:00:00",
    "calendarYear": "1992",
    "period": "FY",
    "revenue": 1004800000,
    "costOfRevenue": 393000000,
    "grossProfit": 611800000,
    "grossProfitRatio": 0.6088773885,
    "researchAndDevelopmentExpenses": 0,
    "generalAndAdministrativeExpenses": 0,
    "sellingAndMarketingExpenses": 0,
    "sellingGeneralAndAdministrativeExpenses": 434900000,
    "otherExpenses": 59400000,
    "operatingExpenses": 494300000,
    "costAndExpenses": 887300000,
    "interestIncome": 0,
    "interestExpense": 17300000,
    "depreciationAndAmortization": 59400000,
    "ebitda": 176900000,
    "ebitdaratio": 0.1760549363,
    "operatingIncome": 117500000,
    "operatingIncomeRatio": 0.1169386943,
    "totalOtherIncomeExpensesNet": -25900000,
    "incomeBeforeTax": 91600000,
    "incomeBeforeTaxRatio": 0.0911624204,
    "incomeTaxExpense": 27300000,
    "netIncome": 64300000,
    "netIncomeRatio": 0.0639928344,
    "eps": 0.26,
    "epsdiluted": 0.26,
    "weightedAverageShsOut": 247307692,
    "weightedAverageShsOutDil": 247307692,
    "link": null,
    "finalLink": null
  },
  {
    "date": "1991-12-31",
    "symbol": "ECL",
    "reportedCurrency": "USD",
    "cik": "0000031462",
    "fillingDate": "1991-12-31",
    "acceptedDate": "1991-12-31 00:00:00",
    "calendarYear": "1991",
    "period": "FY",
    "revenue": 918000000,
    "costOfRevenue": 367500000,
    "grossProfit": 550500000,
    "grossProfitRatio": 0.5996732026,
    "researchAndDevelopmentExpenses": 0,
    "generalAndAdministrativeExpenses": 0,
    "sellingAndMarketingExpenses": 0,
    "sellingGeneralAndAdministrativeExpenses": 385200000,
    "otherExpenses": 55000000,
    "operatingExpenses": 440200000,
    "costAndExpenses": 807700000,
    "interestIncome": 0,
    "interestExpense": 320300000,
    "depreciationAndAmortization": 55000000,
    "ebitda": 165300000,
    "ebitdaratio": 0.1800653595,
    "operatingIncome": 110300000,
    "operatingIncomeRatio": 0.1201525054,
    "totalOtherIncomeExpensesNet": -25600000,
    "incomeBeforeTax": 84700000,
    "incomeBeforeTaxRatio": 0.0922657952,
    "incomeTaxExpense": 29000000,
    "netIncome": -243600000,
    "netIncomeRatio": -0.2653594771,
    "eps": -1.14,
    "epsdiluted": -1.14,
    "weightedAverageShsOut": 216331878,
    "weightedAverageShsOutDil": 216331878,
    "link": null,
    "finalLink": null
  },
  {
    "date": "1990-12-31",
    "symbol": "ECL",
    "reportedCurrency": "USD",
    "cik": "0000031462",
    "fillingDate": "1990-12-31",
    "acceptedDate": "1990-12-31 00:00:00",
    "calendarYear": "1990",
    "period": "FY",
    "revenue": 1390000000,
    "costOfRevenue": 586500000,
    "grossProfit": 803500000,
    "grossProfitRatio": 0.578057554,
    "researchAndDevelopmentExpenses": 0,
    "generalAndAdministrativeExpenses": 0,
    "sellingAndMarketingExpenses": 0,
    "sellingGeneralAndAdministrativeExpenses": 599200000,
    "otherExpenses": 82900000,
    "operatingExpenses": 682100000,
    "costAndExpenses": 1268600000,
    "interestIncome": 0,
    "interestExpense": 28000000,
    "depreciationAndAmortization": 82900000,
    "ebitda": 204300000,
    "ebitdaratio": 0.1469784173,
    "operatingIncome": 121400000,
    "operatingIncomeRatio": 0.0873381295,
    "totalOtherIncomeExpensesNet": -28000000,
    "incomeBeforeTax": 93400000,
    "incomeBeforeTaxRatio": 0.0671942446,
    "incomeTaxExpense": 39700000,
    "netIncome": 53700000,
    "netIncomeRatio": 0.0386330935,
    "eps": 0.25,
    "epsdiluted": 0.25,
    "weightedAverageShsOut": 187755102,
    "weightedAverageShsOutDil": 187755102,
    "link": null,
    "finalLink": null
  },
  {
    "date": "1989-12-31",
    "symbol": "ECL",
    "reportedCurrency": "USD",
    "cik": "0000031462",
    "fillingDate": "1989-12-31",
    "acceptedDate": "1989-12-31 00:00:00",
    "calendarYear": "1989",
    "period": "FY",
    "revenue": 1305600000,
    "costOfRevenue": 574800000,
    "grossProfit": 730800000,
    "grossProfitRatio": 0.5597426471,
    "researchAndDevelopmentExpenses": 0,
    "generalAndAdministrativeExpenses": 0,
    "sellingAndMarketingExpenses": 0,
    "sellingGeneralAndAdministrativeExpenses": 562900000,
    "otherExpenses": 75300000,
    "operatingExpenses": 638200000,
    "costAndExpenses": 1213000000,
    "interestIncome": 0,
    "interestExpense": 126400000,
    "depreciationAndAmortization": 75300000,
    "ebitda": 167900000,
    "ebitdaratio": 0.1285998775,
    "operatingIncome": 92600000,
    "operatingIncomeRatio": 0.0709252451,
    "totalOtherIncomeExpensesNet": -78900000,
    "incomeBeforeTax": 13700000,
    "incomeBeforeTaxRatio": 0.0104932598,
    "incomeTaxExpense": 10600000,
    "netIncome": 3100000,
    "netIncomeRatio": 0.0023743873,
    "eps": 0.015,
    "epsdiluted": 0.015,
    "weightedAverageShsOut": 180000000,
    "weightedAverageShsOutDil": 180000000,
    "link": null,
    "finalLink": null
  },
  {
    "date": "1988-12-31",
    "symbol": "ECL",
    "reportedCurrency": "USD",
    "cik": "0000031462",
    "fillingDate": "1988-12-31",
    "acceptedDate": "1988-12-31 00:00:00",
    "calendarYear": "1988",
    "period": "FY",
    "revenue": 1211900000,
    "costOfRevenue": 529800000,
    "grossProfit": 682100000,
    "grossProfitRatio": 0.5628352174,
    "researchAndDevelopmentExpenses": 0,
    "generalAndAdministrativeExpenses": 0,
    "sellingAndMarketingExpenses": 0,
    "sellingGeneralAndAdministrativeExpenses": 503300000,
    "otherExpenses": 69900000,
    "operatingExpenses": 573200000,
    "costAndExpenses": 1103000000,
    "interestIncome": 0,
    "interestExpense": 27200000,
    "depreciationAndAmortization": 69900000,
    "ebitda": 178800000,
    "ebitdaratio": 0.1475369255,
    "operatingIncome": 108900000,
    "operatingIncomeRatio": 0.0898588992,
    "totalOtherIncomeExpensesNet": -30800000,
    "incomeBeforeTax": 78100000,
    "incomeBeforeTaxRatio": 0.0644442611,
    "incomeTaxExpense": 34000000,
    "netIncome": 44100000,
    "netIncomeRatio": 0.036389141,
    "eps": 0.21,
    "epsdiluted": 0.2,
    "weightedAverageShsOut": 215121951,
    "weightedAverageShsOutDil": 220500000,
    "link": null,
    "finalLink": null
  },
  {
    "date": "1987-12-31",
    "symbol": "ECL",
    "reportedCurrency": "USD",
    "cik": "0000031462",
    "fillingDate": "1987-12-31",
    "acceptedDate": "1987-12-31 00:00:00",
    "calendarYear": "1987",
    "period": "FY",
    "revenue": 1020200000,
    "costOfRevenue": 426300000,
    "grossProfit": 593900000,
    "grossProfitRatio": 0.5821407567,
    "researchAndDevelopmentExpenses": 0,
    "generalAndAdministrativeExpenses": 0,
    "sellingAndMarketingExpenses": 0,
    "sellingGeneralAndAdministrativeExpenses": 394800000,
    "otherExpenses": 56100000,
    "operatingExpenses": 450900000,
    "costAndExpenses": 877200000,
    "interestIncome": 0,
    "interestExpense": 0,
    "depreciationAndAmortization": 56100000,
    "ebitda": 199100000,
    "ebitdaratio": 0.1951578122,
    "operatingIncome": 143000000,
    "operatingIncomeRatio": 0.1401685944,
    "totalOtherIncomeExpensesNet": -53000000,
    "incomeBeforeTax": 90000000,
    "incomeBeforeTaxRatio": 0.0882179965,
    "incomeTaxExpense": 48300000,
    "netIncome": 141800000,
    "netIncomeRatio": 0.1389923544,
    "eps": 0.67,
    "epsdiluted": 0.64,
    "weightedAverageShsOut": 213233083,
    "weightedAverageShsOutDil": 223307087,
    "link": null,
    "finalLink": null
  },
  {
    "date": "1986-06-30",
    "symbol": "ECL",
    "reportedCurrency": "USD",
    "cik": "0000031462",
    "fillingDate": "1986-06-30",
    "acceptedDate": "1986-06-30 00:00:00",
    "calendarYear": "1986",
    "period": "FY",
    "revenue": 812900000,
    "costOfRevenue": 357100000,
    "grossProfit": 455800000,
    "grossProfitRatio": 0.5607085742,
    "researchAndDevelopmentExpenses": 0,
    "generalAndAdministrativeExpenses": 0,
    "sellingAndMarketingExpenses": 0,
    "sellingGeneralAndAdministrativeExpenses": 345300000,
    "otherExpenses": 35500000,
    "operatingExpenses": 380800000,
    "costAndExpenses": 737900000,
    "interestIncome": 0,
    "interestExpense": 0,
    "depreciationAndAmortization": 35500000,
    "ebitda": 110500000,
    "ebitdaratio": 0.1359330791,
    "operatingIncome": 75000000,
    "operatingIncomeRatio": 0.0922622709,
    "totalOtherIncomeExpensesNet": -2700000,
    "incomeBeforeTax": 72300000,
    "incomeBeforeTaxRatio": 0.0889408291,
    "incomeTaxExpense": 28600000,
    "netIncome": 43700000,
    "netIncomeRatio": 0.0537581498,
    "eps": 0.21,
    "epsdiluted": 0.2,
    "weightedAverageShsOut": 213170732,
    "weightedAverageShsOutDil": 224102564,
    "link": null,
    "finalLink": null
  }
]