[
  {
    "date": "2025-06-30",
    "symbol": "ED",
    "reportedCurrency": "USD",
    "cik": "0001047862",
    "fillingDate": "2025-08-07",
    "acceptedDate": "2025-08-07 16:39:18",
    "calendarYear": "2025",
    "period": "Q2",
    "revenue": 3595000000,
    "costOfRevenue": 1770000000,
    "grossProfit": 1825000000,
    "grossProfitRatio": 0.5076495132,
    "researchAndDevelopmentExpenses": 0,
    "generalAndAdministrativeExpenses": 0,
    "sellingAndMarketingExpenses": 0,
    "sellingGeneralAndAdministrativeExpenses": 0,
    "otherExpenses": 1470000000,
    "operatingExpenses": 1470000000,
    "costAndExpenses": 3240000000,
    "interestIncome": 0,
    "interestExpense": 300000000,
    "depreciationAndAmortization": 576000000,
    "ebitda": 1172000000,
    "ebitdaratio": 0.3260083449,
    "operatingIncome": 355000000,
    "operatingIncomeRatio": 0.0987482615,
    "totalOtherIncomeExpensesNet": -59000000,
    "incomeBeforeTax": 296000000,
    "incomeBeforeTaxRatio": 0.0823365786,
    "incomeTaxExpense": 50000000,
    "netIncome": 246000000,
    "netIncomeRatio": 0.0684283727,
    "eps": 0.68,
    "epsdiluted": 0.68,
    "weightedAverageShsOut": 360400000,
    "weightedAverageShsOutDil": 361700000,
    "link": "https://www.sec.gov/Archives/edgar/data/1047862/000104786225000069/0001047862-25-000069-index.htm",
    "finalLink": "https://www.sec.gov/Archives/edgar/data/23632/000104786225000069/ed-20250630.htm"
  },
  {
    "date": "2025-03-31",
    "symbol": "ED",
    "reportedCurrency": "USD",
    "cik": "0001047862",
    "fillingDate": "2025-05-01",
    "acceptedDate": "2025-05-01 16:43:01",
    "calendarYear": "2025",
    "period": "Q1",
    "revenue": 4798000000,
    "costOfRevenue": 1774000000,
    "grossProfit": 3024000000,
    "grossProfitRatio": 0.6302626094,
    "researchAndDevelopmentExpenses": 0,
    "generalAndAdministrativeExpenses": 0,
    "sellingAndMarketingExpenses": 0,
    "sellingGeneralAndAdministrativeExpenses": 952000000,
    "otherExpenses": 947000000,
    "operatingExpenses": 1899000000,
    "costAndExpenses": 3673000000,
    "interestIncome": 16000000,
    "interestExpense": 313000000,
    "depreciationAndAmortization": 564000000,
    "ebitda": 1910000000,
    "ebitdaratio": 0.3980825344,
    "operatingIncome": 1125000000,
    "operatingIncomeRatio": 0.234472697,
    "totalOtherIncomeExpensesNet": -92000000,
    "incomeBeforeTax": 1033000000,
    "incomeBeforeTaxRatio": 0.2152980409,
    "incomeTaxExpense": 242000000,
    "netIncome": 791000000,
    "netIncomeRatio": 0.1648603585,
    "eps": 2.26,
    "epsdiluted": 2.25,
    "weightedAverageShsOut": 350100000,
    "weightedAverageShsOutDil": 351300000,
    "link": "https://www.sec.gov/Archives/edgar/data/1047862/000104786225000045/0001047862-25-000045-index.htm",
    "finalLink": "https://www.sec.gov/Archives/edgar/data/23632/000104786225000045/ed-20250331.htm"
  },
  {
    "date": "2024-12-31",
    "symbol": "ED",
    "reportedCurrency": "USD",
    "cik": "0001047862",
    "fillingDate": "2025-02-20",
    "acceptedDate": "2025-02-20 16:36:55",
    "calendarYear": "2024",
    "period": "Q4",
    "revenue": 3669000000,
    "costOfRevenue": 1418000000,
    "grossProfit": 2251000000,
    "grossProfitRatio": 0.6135186699,
    "researchAndDevelopmentExpenses": 0,
    "generalAndAdministrativeExpenses": 0,
    "sellingAndMarketingExpenses": 0,
    "sellingGeneralAndAdministrativeExpenses": 910000000,
    "otherExpenses": 832000000,
    "operatingExpenses": 1742000000,
    "costAndExpenses": 3160000000,
    "interestIncome": 16000000,
    "interestExpense": 304000000,
    "depreciationAndAmortization": 554000000,
    "ebitda": 1179000000,
    "ebitdaratio": 0.3213409648,
    "operatingIncome": 509000000,
    "operatingIncomeRatio": 0.1387298992,
    "totalOtherIncomeExpensesNet": -188000000,
    "incomeBeforeTax": 321000000,
    "incomeBeforeTaxRatio": 0.0874897792,
    "incomeTaxExpense": 11000000,
    "netIncome": 310000000,
    "netIncomeRatio": 0.0844916871,
    "eps": 0.89,
    "epsdiluted": 0.89,
    "weightedAverageShsOut": 346000000,
    "weightedAverageShsOutDil": 347800000,
    "link": "https://www.sec.gov/Archives/edgar/data/1047862/000104786225000011/0001047862-25-000011-index.htm",
    "finalLink": "https://www.sec.gov/Archives/edgar/data/23632/000104786225000011/ed-20241231.htm"
  },
  {
    "date": "2024-09-30",
    "symbol": "ED",
    "reportedCurrency": "USD",
    "cik": "0001047862",
    "fillingDate": "2024-09-30",
    "acceptedDate": "2024-09-30 00:00:00",
    "calendarYear": "2024",
    "period": "Q3",
    "revenue": 4092000000,
    "costOfRevenue": 1387000000,
    "grossProfit": 2705000000,
    "grossProfitRatio": 0.6610459433,
    "researchAndDevelopmentExpenses": 0,
    "generalAndAdministrativeExpenses": 0,
    "sellingAndMarketingExpenses": 0,
    "sellingGeneralAndAdministrativeExpenses": 986000000,
    "otherExpenses": 857000000,
    "operatingExpenses": 1843000000,
    "costAndExpenses": 3230000000,
    "interestIncome": 17000000,
    "interestExpense": 306000000,
    "depreciationAndAmortization": 550000000,
    "ebitda": 1577000000,
    "ebitdaratio": 0.3853861193,
    "operatingIncome": 862000000,
    "operatingIncomeRatio": 0.2106549365,
    "totalOtherIncomeExpensesNet": -141000000,
    "incomeBeforeTax": 721000000,
    "incomeBeforeTaxRatio": 0.1761974585,
    "incomeTaxExpense": 133000000,
    "netIncome": 588000000,
    "netIncomeRatio": 0.1436950147,
    "eps": 1.7,
    "epsdiluted": 1.69,
    "weightedAverageShsOut": 346200000,
    "weightedAverageShsOutDil": 347500000,
    "link": null,
    "finalLink": null
  },
  {
    "date": "2024-06-30",
    "symbol": "ED",
    "reportedCurrency": "USD",
    "cik": "0001047862",
    "fillingDate": "2024-08-01",
    "acceptedDate": "2024-08-01 16:43:24",
    "calendarYear": "2024",
    "period": "Q2",
    "revenue": 3220000000,
    "costOfRevenue": 1151000000,
    "grossProfit": 2069000000,
    "grossProfitRatio": 0.6425465839,
    "researchAndDevelopmentExpenses": 0,
    "generalAndAdministrativeExpenses": 0,
    "sellingAndMarketingExpenses": 0,
    "sellingGeneralAndAdministrativeExpenses": 967000000,
    "otherExpenses": 782000000,
    "operatingExpenses": 1749000000,
    "costAndExpenses": 2900000000,
    "interestIncome": 11000000,
    "interestExpense": 288000000,
    "depreciationAndAmortization": 512000000,
    "ebitda": 992000000,
    "ebitdaratio": 0.3080745342,
    "operatingIncome": 320000000,
    "operatingIncomeRatio": 0.099378882,
    "totalOtherIncomeExpensesNet": -128000000,
    "incomeBeforeTax": 192000000,
    "incomeBeforeTaxRatio": 0.0596273292,
    "incomeTaxExpense": -10000000,
    "netIncome": 202000000,
    "netIncomeRatio": 0.0627329193,
    "eps": 0.58,
    "epsdiluted": 0.58,
    "weightedAverageShsOut": 345900000,
    "weightedAverageShsOutDil": 347100000,
    "link": "https://www.sec.gov/Archives/edgar/data/1047862/000104786224000049/0001047862-24-000049-index.htm",
    "finalLink": "https://www.sec.gov/Archives/edgar/data/23632/000104786224000049/ed-20240630.htm"
  },
  {
    "date": "2024-03-31",
    "symbol": "ED",
    "reportedCurrency": "USD",
    "cik": "0001047862",
    "fillingDate": "2024-05-02",
    "acceptedDate": "2024-05-02 16:39:44",
    "calendarYear": "2024",
    "period": "Q1",
    "revenue": 4280000000,
    "costOfRevenue": 1542000000,
    "grossProfit": 2738000000,
    "grossProfitRatio": 0.6397196262,
    "researchAndDevelopmentExpenses": 0,
    "generalAndAdministrativeExpenses": 0,
    "sellingAndMarketingExpenses": 0,
    "sellingGeneralAndAdministrativeExpenses": 888000000,
    "otherExpenses": 808000000,
    "operatingExpenses": 1696000000,
    "costAndExpenses": 3238000000,
    "interestIncome": 19000000,
    "interestExpense": 289000000,
    "depreciationAndAmortization": 539000000,
    "ebitda": 1732000000,
    "ebitdaratio": 0.4046728972,
    "operatingIncome": 1042000000,
    "operatingIncomeRatio": 0.2434579439,
    "totalOtherIncomeExpensesNet": -138000000,
    "incomeBeforeTax": 904000000,
    "incomeBeforeTaxRatio": 0.2112149533,
    "incomeTaxExpense": 184000000,
    "netIncome": 720000000,
    "netIncomeRatio": 0.1682242991,
    "eps": 2.08,
    "epsdiluted": 2.08,
    "weightedAverageShsOut": 345500000,
    "weightedAverageShsOutDil": 346800000,
    "link": "https://www.sec.gov/Archives/edgar/data/1047862/000104786224000030/0001047862-24-000030-index.htm",
    "finalLink": "https://www.sec.gov/Archives/edgar/data/23632/000104786224000030/ed-20240331.htm"
  },
  {
    "date": "2023-12-31",
    "symbol": "ED",
    "reportedCurrency": "USD",
    "cik": "0001047862",
    "fillingDate": "2024-02-15",
    "acceptedDate": "2024-02-15 16:55:28",
    "calendarYear": "2023",
    "period": "Q4",
    "revenue": 3444000000,
    "costOfRevenue": 1301000000,
    "grossProfit": 2143000000,
    "grossProfitRatio": 0.6222415796,
    "researchAndDevelopmentExpenses": 0,
    "generalAndAdministrativeExpenses": 0,
    "sellingAndMarketingExpenses": 0,
    "sellingGeneralAndAdministrativeExpenses": 928000000,
    "otherExpenses": 761000000,
    "operatingExpenses": 1689000000,
    "costAndExpenses": 2990000000,
    "interestIncome": 39000000,
    "interestExpense": 264000000,
    "depreciationAndAmortization": 524000000,
    "ebitda": 1194000000,
    "ebitdaratio": 0.3466898955,
    "operatingIncome": 454000000,
    "operatingIncomeRatio": 0.1318234611,
    "totalOtherIncomeExpensesNet": -48000000,
    "incomeBeforeTax": 406000000,
    "incomeBeforeTaxRatio": 0.1178861789,
    "incomeTaxExpense": 71000000,
    "netIncome": 334000000,
    "netIncomeRatio": 0.0969802555,
    "eps": 0.97,
    "epsdiluted": 0.97,
    "weightedAverageShsOut": 345300000,
    "weightedAverageShsOutDil": 346900000,
    "link": "https://www.sec.gov/Archives/edgar/data/1047862/000104786224000012/0001047862-24-000012-index.htm",
    "finalLink": "https://www.sec.gov/Archives/edgar/data/23632/000104786224000012/ed-20231231.htm"
  },
  {
    "date": "2023-09-30",
    "symbol": "ED",
    "reportedCurrency": "USD",
    "cik": "0001047862",
    "fillingDate": "2023-11-02",
    "acceptedDate": "2023-11-02 16:19:23",
    "calendarYear": "2023",
    "period": "Q3",
    "revenue": 3872000000,
    "costOfRevenue": 1414000000,
    "grossProfit": 2458000000,
    "grossProfitRatio": 0.6348140496,
    "researchAndDevelopmentExpenses": 0,
    "generalAndAdministrativeExpenses": 0,
    "sellingAndMarketingExpenses": 0,
    "sellingGeneralAndAdministrativeExpenses": 933000000,
    "otherExpenses": 801000000,
    "operatingExpenses": 1734000000,
    "costAndExpenses": 3148000000,
    "interestIncome": 8000000,
    "interestExpense": 259000000,
    "depreciationAndAmortization": 512000000,
    "ebitda": 1441000000,
    "ebitdaratio": 0.3721590909,
    "operatingIncome": 724000000,
    "operatingIncomeRatio": 0.1869834711,
    "totalOtherIncomeExpensesNet": -54000000,
    "incomeBeforeTax": 670000000,
    "incomeBeforeTaxRatio": 0.1730371901,
    "incomeTaxExpense": 144000000,
    "netIncome": 526000000,
    "netIncomeRatio": 0.1358471074,
    "eps": 1.52,
    "epsdiluted": 1.52,
    "weightedAverageShsOut": 345000000,
    "weightedAverageShsOutDil": 346500000,
    "link": "https://www.sec.gov/Archives/edgar/data/1047862/000104786223000161/0001047862-23-000161-index.htm",
    "finalLink": "https://www.sec.gov/Archives/edgar/data/23632/000104786223000161/ed-20230930.htm"
  },
  {
    "date": "2023-06-30",
    "symbol": "ED",
    "reportedCurrency": "USD",
    "cik": "0001047862",
    "fillingDate": "2023-08-03",
    "acceptedDate": "2023-08-03 16:39:08",
    "calendarYear": "2023",
    "period": "Q2",
    "revenue": 2944000000,
    "costOfRevenue": 1108000000,
    "grossProfit": 1836000000,
    "grossProfitRatio": 0.6236413043,
    "researchAndDevelopmentExpenses": 0,
    "generalAndAdministrativeExpenses": 0,
    "sellingAndMarketingExpenses": 0,
    "sellingGeneralAndAdministrativeExpenses": 849000000,
    "otherExpenses": 716000000,
    "operatingExpenses": 1565000000,
    "costAndExpenses": 2673000000,
    "interestIncome": 8000000,
    "interestExpense": 236000000,
    "depreciationAndAmortization": 496000000,
    "ebitda": 987000000,
    "ebitdaratio": 0.3352581522,
    "operatingIncome": 271000000,
    "operatingIncomeRatio": 0.0920516304,
    "totalOtherIncomeExpensesNet": -16000000,
    "incomeBeforeTax": 255000000,
    "incomeBeforeTaxRatio": 0.0866168478,
    "incomeTaxExpense": 29000000,
    "netIncome": 226000000,
    "netIncomeRatio": 0.0767663043,
    "eps": 0.65,
    "epsdiluted": 0.65,
    "weightedAverageShsOut": 345900000,
    "weightedAverageShsOutDil": 347400000,
    "link": "https://www.sec.gov/Archives/edgar/data/1047862/000104786223000140/0001047862-23-000140-index.htm",
    "finalLink": "https://www.sec.gov/Archives/edgar/data/23632/000104786223000140/ed-20230630.htm"
  },
  {
    "date": "2023-03-31",
    "symbol": "ED",
    "reportedCurrency": "USD",
    "cik": "0001047862",
    "fillingDate": "2023-05-04",
    "acceptedDate": "2023-05-04 16:52:59",
    "calendarYear": "2023",
    "period": "Q1",
    "revenue": 4382000000,
    "costOfRevenue": 1854000000,
    "grossProfit": 2528000000,
    "grossProfitRatio": 0.5769055226,
    "researchAndDevelopmentExpenses": 0,
    "generalAndAdministrativeExpenses": 0,
    "sellingAndMarketingExpenses": 0,
    "sellingGeneralAndAdministrativeExpenses": 896000000,
    "otherExpenses": 765000000,
    "operatingExpenses": 1661000000,
    "costAndExpenses": 3515000000,
    "interestIncome": 8000000,
    "interestExpense": 267000000,
    "depreciationAndAmortization": 499000000,
    "ebitda": 2439000000,
    "ebitdaratio": 0.556595162,
    "operatingIncome": 867000000,
    "operatingIncomeRatio": 0.1978548608,
    "totalOtherIncomeExpensesNet": 806000000,
    "incomeBeforeTax": 1673000000,
    "incomeBeforeTaxRatio": 0.3817891374,
    "incomeTaxExpense": 243000000,
    "netIncome": 1433000000,
    "netIncomeRatio": 0.3270196257,
    "eps": 4.06,
    "epsdiluted": 4.05,
    "weightedAverageShsOut": 352900000,
    "weightedAverageShsOutDil": 354200000,
    "link": "https://www.sec.gov/Archives/edgar/data/1047862/000104786223000120/0001047862-23-000120-index.htm",
    "finalLink": "https://www.sec.gov/Archives/edgar/data/23632/000104786223000120/ed-20230331.htm"
  },
  {
    "date": "2022-12-31",
    "symbol": "ED",
    "reportedCurrency": "USD",
    "cik": "0001047862",
    "fillingDate": "2023-02-16",
    "acceptedDate": "2023-02-16 16:40:43",
    "calendarYear": "2022",
    "period": "Q4",
    "revenue": 4004000000,
    "costOfRevenue": 1603000000,
    "grossProfit": 2401000000,
    "grossProfitRatio": 0.5996503497,
    "researchAndDevelopmentExpenses": 0,
    "generalAndAdministrativeExpenses": 0,
    "sellingAndMarketingExpenses": 0,
    "sellingGeneralAndAdministrativeExpenses": 1121000000,
    "otherExpenses": 757000000,
    "operatingExpenses": 1878000000,
    "costAndExpenses": 3481000000,
    "interestIncome": 5000000,
    "interestExpense": 267000000,
    "depreciationAndAmortization": 463000000,
    "ebitda": 1071000000,
    "ebitdaratio": 0.2674825175,
    "operatingIncome": 523000000,
    "operatingIncomeRatio": 0.1306193806,
    "totalOtherIncomeExpensesNet": -182000000,
    "incomeBeforeTax": 341000000,
    "incomeBeforeTaxRatio": 0.0851648352,
    "incomeTaxExpense": 168000000,
    "netIncome": 190000000,
    "netIncomeRatio": 0.0474525475,
    "eps": 0.54,
    "epsdiluted": 0.53,
    "weightedAverageShsOut": 354900000,
    "weightedAverageShsOutDil": 356200000,
    "link": "https://www.sec.gov/Archives/edgar/data/1047862/000104786223000038/0001047862-23-000038-index.htm",
    "finalLink": "https://www.sec.gov/Archives/edgar/data/23632/000104786223000038/ed-20221231.htm"
  },
  {
    "date": "2022-09-30",
    "symbol": "ED",
    "reportedCurrency": "USD",
    "cik": "0001047862",
    "fillingDate": "2022-11-03",
    "acceptedDate": "2022-11-03 16:41:52",
    "calendarYear": "2022",
    "period": "Q3",
    "revenue": 4168000000,
    "costOfRevenue": 1499000000,
    "grossProfit": 2669000000,
    "grossProfitRatio": 0.6403550864,
    "researchAndDevelopmentExpenses": 0,
    "generalAndAdministrativeExpenses": 0,
    "sellingAndMarketingExpenses": 0,
    "sellingGeneralAndAdministrativeExpenses": 999000000,
    "otherExpenses": 777000000,
    "operatingExpenses": 1776000000,
    "costAndExpenses": 3275000000,
    "interestIncome": 5000000,
    "interestExpense": 248000000,
    "depreciationAndAmortization": 525000000,
    "ebitda": 1552000000,
    "ebitdaratio": 0.3723608445,
    "operatingIncome": 893000000,
    "operatingIncomeRatio": 0.2142514395,
    "totalOtherIncomeExpensesNet": -114000000,
    "incomeBeforeTax": 779000000,
    "incomeBeforeTaxRatio": 0.1869001919,
    "incomeTaxExpense": 160000000,
    "netIncome": 613000000,
    "netIncomeRatio": 0.1470729367,
    "eps": 1.73,
    "epsdiluted": 1.72,
    "weightedAverageShsOut": 354600000,
    "weightedAverageShsOutDil": 355900000,
    "link": "https://www.sec.gov/Archives/edgar/data/1047862/000104786222000248/0001047862-22-000248-index.htm",
    "finalLink": "https://www.sec.gov/Archives/edgar/data/23632/000104786222000248/ed-20220930.htm"
  },
  {
    "date": "2022-06-30",
    "symbol": "ED",
    "reportedCurrency": "USD",
    "cik": "0001047862",
    "fillingDate": "2022-08-04",
    "acceptedDate": "2022-08-04 16:41:50",
    "calendarYear": "2022",
    "period": "Q2",
    "revenue": 3421000000,
    "costOfRevenue": 1430000000,
    "grossProfit": 1991000000,
    "grossProfitRatio": 0.5819935691,
    "researchAndDevelopmentExpenses": 0,
    "generalAndAdministrativeExpenses": 0,
    "sellingAndMarketingExpenses": 0,
    "sellingGeneralAndAdministrativeExpenses": 881000000,
    "otherExpenses": 718000000,
    "operatingExpenses": 1599000000,
    "costAndExpenses": 3029000000,
    "interestIncome": 5000000,
    "interestExpense": 249000000,
    "depreciationAndAmortization": 539000000,
    "ebitda": 1059000000,
    "ebitdaratio": 0.3095586086,
    "operatingIncome": 392000000,
    "operatingIncomeRatio": 0.1145863783,
    "totalOtherIncomeExpensesNet": -121000000,
    "incomeBeforeTax": 271000000,
    "incomeBeforeTaxRatio": 0.0792166033,
    "incomeTaxExpense": 17000000,
    "netIncome": 255000000,
    "netIncomeRatio": 0.0745396083,
    "eps": 0.72,
    "epsdiluted": 0.72,
    "weightedAverageShsOut": 354300000,
    "weightedAverageShsOutDil": 355500000,
    "link": "https://www.sec.gov/Archives/edgar/data/1047862/000104786222000200/0001047862-22-000200-index.htm",
    "finalLink": "https://www.sec.gov/Archives/edgar/data/23632/000104786222000200/ed-20220630.htm"
  },
  {
    "date": "2022-03-31",
    "symbol": "ED",
    "reportedCurrency": "USD",
    "cik": "0001047862",
    "fillingDate": "2022-05-05",
    "acceptedDate": "2022-05-05 16:35:01",
    "calendarYear": "2022",
    "period": "Q1",
    "revenue": 4077000000,
    "costOfRevenue": 1601000000,
    "grossProfit": 2476000000,
    "grossProfitRatio": 0.6073092961,
    "researchAndDevelopmentExpenses": 0,
    "generalAndAdministrativeExpenses": 0,
    "sellingAndMarketingExpenses": 0,
    "sellingGeneralAndAdministrativeExpenses": 905000000,
    "otherExpenses": 753000000,
    "operatingExpenses": 1658000000,
    "costAndExpenses": 3259000000,
    "interestIncome": 5000000,
    "interestExpense": 247000000,
    "depreciationAndAmortization": 529000000,
    "ebitda": 1483000000,
    "ebitdaratio": 0.3637478538,
    "operatingIncome": 818000000,
    "operatingIncomeRatio": 0.2006377238,
    "totalOtherIncomeExpensesNet": -111000000,
    "incomeBeforeTax": 707000000,
    "incomeBeforeTaxRatio": 0.1734118224,
    "incomeTaxExpense": 153000000,
    "netIncome": 602000000,
    "netIncomeRatio": 0.1476575914,
    "eps": 1.7,
    "epsdiluted": 1.7,
    "weightedAverageShsOut": 354100000,
    "weightedAverageShsOutDil": 355100000,
    "link": "https://www.sec.gov/Archives/edgar/data/1047862/000104786222000123/0001047862-22-000123-index.htm",
    "finalLink": "https://www.sec.gov/Archives/edgar/data/23632/000104786222000123/ed-20220331.htm"
  },
  {
    "date": "2021-12-31",
    "symbol": "ED",
    "reportedCurrency": "USD",
    "cik": "0001047862",
    "fillingDate": "2022-02-17",
    "acceptedDate": "2022-02-17 17:05:00",
    "calendarYear": "2021",
    "period": "Q4",
    "revenue": 3438000000,
    "costOfRevenue": 1217000000,
    "grossProfit": 2221000000,
    "grossProfitRatio": 0.6460151251,
    "researchAndDevelopmentExpenses": 0,
    "generalAndAdministrativeExpenses": 0,
    "sellingAndMarketingExpenses": 0,
    "sellingGeneralAndAdministrativeExpenses": 812000000,
    "otherExpenses": 707000000,
    "operatingExpenses": 1519000000,
    "costAndExpenses": 2736000000,
    "interestIncome": 0,
    "interestExpense": 242000000,
    "depreciationAndAmortization": 521000000,
    "ebitda": 946000000,
    "ebitdaratio": 0.2751599767,
    "operatingIncome": 702000000,
    "operatingIncomeRatio": 0.2041884817,
    "totalOtherIncomeExpensesNet": -519000000,
    "incomeBeforeTax": 183000000,
    "incomeBeforeTaxRatio": 0.0532286213,
    "incomeTaxExpense": -4000000,
    "netIncome": 224000000,
    "netIncomeRatio": 0.0651541594,
    "eps": 0.63,
    "epsdiluted": 0.63,
    "weightedAverageShsOut": 353800000,
    "weightedAverageShsOutDil": 354800000,
    "link": "https://www.sec.gov/Archives/edgar/data/1047862/000104786222000039/0001047862-22-000039-index.htm",
    "finalLink": "https://www.sec.gov/Archives/edgar/data/23632/000104786222000039/ed-20211231.htm"
  },
  {
    "date": "2021-09-30",
    "symbol": "ED",
    "reportedCurrency": "USD",
    "cik": "0001047862",
    "fillingDate": "2021-11-04",
    "acceptedDate": "2021-11-04 16:48:21",
    "calendarYear": "2021",
    "period": "Q3",
    "revenue": 3588000000,
    "costOfRevenue": 1188000000,
    "grossProfit": 2400000000,
    "grossProfitRatio": 0.6688963211,
    "researchAndDevelopmentExpenses": 0,
    "generalAndAdministrativeExpenses": 0,
    "sellingAndMarketingExpenses": 0,
    "sellingGeneralAndAdministrativeExpenses": 849000000,
    "otherExpenses": 727000000,
    "operatingExpenses": 1576000000,
    "costAndExpenses": 2764000000,
    "interestIncome": 5000000,
    "interestExpense": 243000000,
    "depreciationAndAmortization": 512000000,
    "ebitda": 1351000000,
    "ebitdaratio": 0.3765328874,
    "operatingIncome": 824000000,
    "operatingIncomeRatio": 0.2296544036,
    "totalOtherIncomeExpensesNet": -228000000,
    "incomeBeforeTax": 596000000,
    "incomeBeforeTaxRatio": 0.1661092531,
    "incomeTaxExpense": 127000000,
    "netIncome": 538000000,
    "netIncomeRatio": 0.1499442586,
    "eps": 1.52,
    "epsdiluted": 1.52,
    "weightedAverageShsOut": 353400000,
    "weightedAverageShsOutDil": 354100000,
    "link": "https://www.sec.gov/Archives/edgar/data/1047862/000104786221000256/0001047862-21-000256-index.htm",
    "finalLink": "https://www.sec.gov/Archives/edgar/data/23632/000104786221000256/ed-20210930.htm"
  },
  {
    "date": "2021-06-30",
    "symbol": "ED",
    "reportedCurrency": "USD",
    "cik": "0001047862",
    "fillingDate": "2021-08-05",
    "acceptedDate": "2021-08-05 16:39:27",
    "calendarYear": "2021",
    "period": "Q2",
    "revenue": 2972000000,
    "costOfRevenue": 1079000000,
    "grossProfit": 1893000000,
    "grossProfitRatio": 0.6369448183,
    "researchAndDevelopmentExpenses": 0,
    "generalAndAdministrativeExpenses": 0,
    "sellingAndMarketingExpenses": 0,
    "sellingGeneralAndAdministrativeExpenses": 804000000,
    "otherExpenses": 672000000,
    "operatingExpenses": 1476000000,
    "costAndExpenses": 2555000000,
    "interestIncome": 0,
    "interestExpense": 236000000,
    "depreciationAndAmortization": 502000000,
    "ebitda": 845000000,
    "ebitdaratio": 0.284320323,
    "operatingIncome": 417000000,
    "operatingIncomeRatio": 0.1403095559,
    "totalOtherIncomeExpensesNet": -310000000,
    "incomeBeforeTax": 107000000,
    "incomeBeforeTaxRatio": 0.0360026918,
    "incomeTaxExpense": -11000000,
    "netIncome": 165000000,
    "netIncomeRatio": 0.0555181696,
    "eps": 0.48,
    "epsdiluted": 0.48,
    "weightedAverageShsOut": 345400000,
    "weightedAverageShsOutDil": 346200000,
    "link": "https://www.sec.gov/Archives/edgar/data/1047862/000104786221000208/0001047862-21-000208-index.htm",
    "finalLink": "https://www.sec.gov/Archives/edgar/data/23632/000104786221000208/ed-20210630.htm"
  },
  {
    "date": "2021-03-31",
    "symbol": "ED",
    "reportedCurrency": "USD",
    "cik": "0001047862",
    "fillingDate": "2021-05-06",
    "acceptedDate": "2021-05-06 16:54:43",
    "calendarYear": "2021",
    "period": "Q1",
    "revenue": 3674000000,
    "costOfRevenue": 1320000000,
    "grossProfit": 2354000000,
    "grossProfitRatio": 0.6407185629,
    "researchAndDevelopmentExpenses": 0,
    "generalAndAdministrativeExpenses": 0,
    "sellingAndMarketingExpenses": 0,
    "sellingGeneralAndAdministrativeExpenses": 790000000,
    "otherExpenses": 704000000,
    "operatingExpenses": 1494000000,
    "costAndExpenses": 2814000000,
    "interestIncome": 0,
    "interestExpense": 235000000,
    "depreciationAndAmortization": 497000000,
    "ebitda": 1230000000,
    "ebitdaratio": 0.3347849755,
    "operatingIncome": 860000000,
    "operatingIncomeRatio": 0.2340772999,
    "totalOtherIncomeExpensesNet": -362000000,
    "incomeBeforeTax": 498000000,
    "incomeBeforeTaxRatio": 0.1355470876,
    "incomeTaxExpense": 78000000,
    "netIncome": 419000000,
    "netIncomeRatio": 0.114044638,
    "eps": 1.23,
    "epsdiluted": 1.22,
    "weightedAverageShsOut": 342200000,
    "weightedAverageShsOutDil": 343000000,
    "link": "https://www.sec.gov/Archives/edgar/data/1047862/000104786221000118/0001047862-21-000118-index.htm",
    "finalLink": "https://www.sec.gov/Archives/edgar/data/23632/000104786221000118/ed-20210331.htm"
  },
  {
    "date": "2020-12-31",
    "symbol": "ED",
    "reportedCurrency": "USD",
    "cik": "0001047862",
    "fillingDate": "2021-02-18",
    "acceptedDate": "2021-02-18 16:43:35",
    "calendarYear": "2020",
    "period": "Q4",
    "revenue": 2956000000,
    "costOfRevenue": 1098000000,
    "grossProfit": 1858000000,
    "grossProfitRatio": 0.6285520974,
    "researchAndDevelopmentExpenses": 0,
    "generalAndAdministrativeExpenses": 0,
    "sellingAndMarketingExpenses": 0,
    "sellingGeneralAndAdministrativeExpenses": 698000000,
    "otherExpenses": 660000000,
    "operatingExpenses": 1358000000,
    "costAndExpenses": 2456000000,
    "interestIncome": 0,
    "interestExpense": 239000000,
    "depreciationAndAmortization": 492000000,
    "ebitda": 687000000,
    "ebitdaratio": 0.2324086604,
    "operatingIncome": 500000000,
    "operatingIncomeRatio": 0.1691474966,
    "totalOtherIncomeExpensesNet": -544000000,
    "incomeBeforeTax": -44000000,
    "incomeBeforeTaxRatio": -0.0148849797,
    "incomeTaxExpense": -93000000,
    "netIncome": 43000000,
    "netIncomeRatio": 0.0145466847,
    "eps": 0.13,
    "epsdiluted": 0.13,
    "weightedAverageShsOut": 336700000,
    "weightedAverageShsOutDil": 337500000,
    "link": "https://www.sec.gov/Archives/edgar/data/1047862/000104786221000049/0001047862-21-000049-index.htm",
    "finalLink": "https://www.sec.gov/Archives/edgar/data/23632/000104786221000049/ed-20201231.htm"
  },
  {
    "date": "2020-09-30",
    "symbol": "ED",
    "reportedCurrency": "USD",
    "cik": "0001047862",
    "fillingDate": "2020-11-05",
    "acceptedDate": "2020-11-05 17:06:42",
    "calendarYear": "2020",
    "period": "Q3",
    "revenue": 3335000000,
    "costOfRevenue": 1064000000,
    "grossProfit": 2271000000,
    "grossProfitRatio": 0.6809595202,
    "researchAndDevelopmentExpenses": 0,
    "generalAndAdministrativeExpenses": 0,
    "sellingAndMarketingExpenses": 0,
    "sellingGeneralAndAdministrativeExpenses": 736000000,
    "otherExpenses": 673000000,
    "operatingExpenses": 1409000000,
    "costAndExpenses": 2473000000,
    "interestIncome": 27000000,
    "interestExpense": 233000000,
    "depreciationAndAmortization": 482000000,
    "ebitda": 1336000000,
    "ebitdaratio": 0.4005997001,
    "operatingIncome": 862000000,
    "operatingIncomeRatio": 0.2584707646,
    "totalOtherIncomeExpensesNet": -241000000,
    "incomeBeforeTax": 621000000,
    "incomeBeforeTaxRatio": 0.1862068966,
    "incomeTaxExpense": 119000000,
    "netIncome": 493000000,
    "netIncomeRatio": 0.147826087,
    "eps": 1.47,
    "epsdiluted": 1.47,
    "weightedAverageShsOut": 334500000,
    "weightedAverageShsOutDil": 335400000,
    "link": "https://www.sec.gov/Archives/edgar/data/1047862/000104786220000230/0001047862-20-000230-index.htm",
    "finalLink": "https://www.sec.gov/Archives/edgar/data/23632/000104786220000230/ed-20200930.htm"
  },
  {
    "date": "2020-06-30",
    "symbol": "ED",
    "reportedCurrency": "USD",
    "cik": "0001047862",
    "fillingDate": "2020-08-06",
    "acceptedDate": "2020-08-06 17:10:46",
    "calendarYear": "2020",
    "period": "Q2",
    "revenue": 2718000000,
    "costOfRevenue": 958000000,
    "grossProfit": 1760000000,
    "grossProfitRatio": 0.6475349522,
    "researchAndDevelopmentExpenses": 0,
    "generalAndAdministrativeExpenses": 0,
    "sellingAndMarketingExpenses": 0,
    "sellingGeneralAndAdministrativeExpenses": 680000000,
    "otherExpenses": 604000000,
    "operatingExpenses": 1284000000,
    "costAndExpenses": 2242000000,
    "interestIncome": 25000000,
    "interestExpense": 243000000,
    "depreciationAndAmortization": 476000000,
    "ebitda": 930000000,
    "ebitdaratio": 0.3421633554,
    "operatingIncome": 476000000,
    "operatingIncomeRatio": 0.1751287712,
    "totalOtherIncomeExpensesNet": -265000000,
    "incomeBeforeTax": 211000000,
    "incomeBeforeTaxRatio": 0.0776306107,
    "incomeTaxExpense": 9000000,
    "netIncome": 190000000,
    "netIncomeRatio": 0.0699043414,
    "eps": 0.57,
    "epsdiluted": 0.57,
    "weightedAverageShsOut": 334100000,
    "weightedAverageShsOutDil": 335000000,
    "link": "https://www.sec.gov/Archives/edgar/data/1047862/000104786220000176/0001047862-20-000176-index.htm",
    "finalLink": "https://www.sec.gov/Archives/edgar/data/23632/000104786220000176/ed-20200630x10q.htm"
  },
  {
    "date": "2020-03-31",
    "symbol": "ED",
    "reportedCurrency": "USD",
    "cik": "0001047862",
    "fillingDate": "2020-05-07",
    "acceptedDate": "2020-05-07 17:23:35",
    "calendarYear": "2020",
    "period": "Q1",
    "revenue": 3229000000,
    "costOfRevenue": 1079000000,
    "grossProfit": 2150000000,
    "grossProfitRatio": 0.6658408176,
    "researchAndDevelopmentExpenses": 0,
    "generalAndAdministrativeExpenses": 0,
    "sellingAndMarketingExpenses": 0,
    "sellingGeneralAndAdministrativeExpenses": 700000000,
    "otherExpenses": 638000000,
    "operatingExpenses": 1338000000,
    "costAndExpenses": 2417000000,
    "interestIncome": 26000000,
    "interestExpense": 236000000,
    "depreciationAndAmortization": 470000000,
    "ebitda": 1153000000,
    "ebitdaratio": 0.3570764943,
    "operatingIncome": 812000000,
    "operatingIncomeRatio": 0.2514710437,
    "totalOtherIncomeExpensesNet": -365000000,
    "incomeBeforeTax": 447000000,
    "incomeBeforeTaxRatio": 0.1384329514,
    "incomeTaxExpense": 55000000,
    "netIncome": 375000000,
    "netIncomeRatio": 0.1161350263,
    "eps": 1.13,
    "epsdiluted": 1.12,
    "weightedAverageShsOut": 333600000,
    "weightedAverageShsOutDil": 334600000,
    "link": "https://www.sec.gov/Archives/edgar/data/1047862/000104786220000103/0001047862-20-000103-index.htm",
    "finalLink": "https://www.sec.gov/Archives/edgar/data/23632/000104786220000103/ed-20200331x10q.htm"
  },
  {
    "date": "2019-12-31",
    "symbol": "ED",
    "reportedCurrency": "USD",
    "cik": "0001047862",
    "fillingDate": "2020-02-20",
    "acceptedDate": "2020-02-20 17:06:22",
    "calendarYear": "2019",
    "period": "Q4",
    "revenue": 2946000000,
    "costOfRevenue": 1028000000,
    "grossProfit": 1918000000,
    "grossProfitRatio": 0.6510522743,
    "researchAndDevelopmentExpenses": 0,
    "generalAndAdministrativeExpenses": 0,
    "sellingAndMarketingExpenses": 0,
    "sellingGeneralAndAdministrativeExpenses": 753000000,
    "otherExpenses": 606000000,
    "operatingExpenses": 1359000000,
    "costAndExpenses": 2387000000,
    "interestIncome": 25000000,
    "interestExpense": 244000000,
    "depreciationAndAmortization": 431000000,
    "ebitda": 1041000000,
    "ebitdaratio": 0.3533604888,
    "operatingIncome": 559000000,
    "operatingIncomeRatio": 0.1897488119,
    "totalOtherIncomeExpensesNet": -194000000,
    "incomeBeforeTax": 365000000,
    "incomeBeforeTaxRatio": 0.1238968092,
    "incomeTaxExpense": 52000000,
    "netIncome": 295000000,
    "netIncomeRatio": 0.1001357773,
    "eps": 0.89,
    "epsdiluted": 0.88,
    "weightedAverageShsOut": 332500000,
    "weightedAverageShsOutDil": 333600000,
    "link": "https://www.sec.gov/Archives/edgar/data/1047862/000104786220000041/0001047862-20-000041-index.htm",
    "finalLink": "https://www.sec.gov/Archives/edgar/data/23632/000104786220000041/ed-20191231x10k.htm"
  },
  {
    "date": "2019-09-30",
    "symbol": "ED",
    "reportedCurrency": "USD",
    "cik": "0001047862",
    "fillingDate": "2019-11-04",
    "acceptedDate": "2019-11-04 16:53:59",
    "calendarYear": "2019",
    "period": "Q3",
    "revenue": 3360000000,
    "costOfRevenue": 1034000000,
    "grossProfit": 2326000000,
    "grossProfitRatio": 0.6922619048,
    "researchAndDevelopmentExpenses": 0,
    "generalAndAdministrativeExpenses": 0,
    "sellingAndMarketingExpenses": 0,
    "sellingGeneralAndAdministrativeExpenses": 847000000,
    "otherExpenses": 618000000,
    "operatingExpenses": 1465000000,
    "costAndExpenses": 2499000000,
    "interestIncome": 25000000,
    "interestExpense": 236000000,
    "depreciationAndAmortization": 422000000,
    "ebitda": 1276000000,
    "ebitdaratio": 0.3797619048,
    "operatingIncome": 861000000,
    "operatingIncomeRatio": 0.25625,
    "totalOtherIncomeExpensesNet": -242000000,
    "incomeBeforeTax": 619000000,
    "incomeBeforeTaxRatio": 0.1842261905,
    "incomeTaxExpense": 116000000,
    "netIncome": 473000000,
    "netIncomeRatio": 0.1407738095,
    "eps": 1.42,
    "epsdiluted": 1.42,
    "weightedAverageShsOut": 332200000,
    "weightedAverageShsOutDil": 333200000,
    "link": "https://www.sec.gov/Archives/edgar/data/1047862/000104786219000181/0001047862-19-000181-index.htm",
    "finalLink": "https://www.sec.gov/Archives/edgar/data/23632/000104786219000181/ed-20190930x10q.htm"
  },
  {
    "date": "2019-06-30",
    "symbol": "ED",
    "reportedCurrency": "USD",
    "cik": "0001047862",
    "fillingDate": "2019-08-01",
    "acceptedDate": "2019-08-01 16:47:23",
    "calendarYear": "2019",
    "period": "Q2",
    "revenue": 2737000000,
    "costOfRevenue": 927000000,
    "grossProfit": 1810000000,
    "grossProfitRatio": 0.6613080015,
    "researchAndDevelopmentExpenses": 0,
    "generalAndAdministrativeExpenses": 0,
    "sellingAndMarketingExpenses": 0,
    "sellingGeneralAndAdministrativeExpenses": 781000000,
    "otherExpenses": 578000000,
    "operatingExpenses": 1359000000,
    "costAndExpenses": 2286000000,
    "interestIncome": 22000000,
    "interestExpense": 239000000,
    "depreciationAndAmortization": 418000000,
    "ebitda": 855000000,
    "ebitdaratio": 0.3123858239,
    "operatingIncome": 451000000,
    "operatingIncomeRatio": 0.1647789551,
    "totalOtherIncomeExpensesNet": -253000000,
    "incomeBeforeTax": 198000000,
    "incomeBeforeTaxRatio": 0.0723419803,
    "incomeTaxExpense": 19000000,
    "netIncome": 152000000,
    "netIncomeRatio": 0.0555352576,
    "eps": 0.46,
    "epsdiluted": 0.46,
    "weightedAverageShsOut": 328300000,
    "weightedAverageShsOutDil": 329200000,
    "link": "https://www.sec.gov/Archives/edgar/data/1047862/000104786219000137/0001047862-19-000137-index.htm",
    "finalLink": "https://www.sec.gov/Archives/edgar/data/23632/000104786219000137/ed-20190630x10q.htm"
  },
  {
    "date": "2019-03-31",
    "symbol": "ED",
    "reportedCurrency": "USD",
    "cik": "0001047862",
    "fillingDate": "2019-05-02",
    "acceptedDate": "2019-05-02 17:02:23",
    "calendarYear": "2019",
    "period": "Q1",
    "revenue": 3505000000,
    "costOfRevenue": 1326000000,
    "grossProfit": 2179000000,
    "grossProfitRatio": 0.6216833096,
    "researchAndDevelopmentExpenses": 0,
    "generalAndAdministrativeExpenses": 0,
    "sellingAndMarketingExpenses": 0,
    "sellingGeneralAndAdministrativeExpenses": 794000000,
    "otherExpenses": 605000000,
    "operatingExpenses": 1399000000,
    "costAndExpenses": 2725000000,
    "interestIncome": 24000000,
    "interestExpense": 247000000,
    "depreciationAndAmortization": 413000000,
    "ebitda": 1213000000,
    "ebitdaratio": 0.3460770328,
    "operatingIncome": 780000000,
    "operatingIncomeRatio": 0.2225392297,
    "totalOtherIncomeExpensesNet": -227000000,
    "incomeBeforeTax": 553000000,
    "incomeBeforeTaxRatio": 0.1577746077,
    "incomeTaxExpense": 108000000,
    "netIncome": 424000000,
    "netIncomeRatio": 0.1209700428,
    "eps": 1.31,
    "epsdiluted": 1.31,
    "weightedAverageShsOut": 322500000,
    "weightedAverageShsOutDil": 323400000,
    "link": "https://www.sec.gov/Archives/edgar/data/1047862/000104786219000084/0001047862-19-000084-index.htm",
    "finalLink": "https://www.sec.gov/Archives/edgar/data/23632/000104786219000084/ed-20190331x10q.htm"
  },
  {
    "date": "2018-12-31",
    "symbol": "ED",
    "reportedCurrency": "USD",
    "cik": "0001047862",
    "fillingDate": "2019-02-21",
    "acceptedDate": "2019-02-21 17:08:02",
    "calendarYear": "2018",
    "period": "Q4",
    "revenue": 2938000000,
    "costOfRevenue": 1099000000,
    "grossProfit": 1839000000,
    "grossProfitRatio": 0.6259360109,
    "researchAndDevelopmentExpenses": 0,
    "generalAndAdministrativeExpenses": 0,
    "sellingAndMarketingExpenses": 0,
    "sellingGeneralAndAdministrativeExpenses": 762000000,
    "otherExpenses": 559000000,
    "operatingExpenses": 1321000000,
    "costAndExpenses": 2420000000,
    "interestIncome": 23000000,
    "interestExpense": 222000000,
    "depreciationAndAmortization": 377000000,
    "ebitda": 1001000000,
    "ebitdaratio": 0.3407079646,
    "operatingIncome": 518000000,
    "operatingIncomeRatio": 0.1763104152,
    "totalOtherIncomeExpensesNet": -116000000,
    "incomeBeforeTax": 402000000,
    "incomeBeforeTaxRatio": 0.136827774,
    "incomeTaxExpense": 71000000,
    "netIncome": 331000000,
    "netIncomeRatio": 0.1126616746,
    "eps": 1.06,
    "epsdiluted": 1.05,
    "weightedAverageShsOut": 313800000,
    "weightedAverageShsOutDil": 315000000,
    "link": "https://www.sec.gov/Archives/edgar/data/1047862/000104786219000035/0001047862-19-000035-index.htm",
    "finalLink": "https://www.sec.gov/Archives/edgar/data/23632/000104786219000035/ed-20181231x10k.htm"
  },
  {
    "date": "2018-09-30",
    "symbol": "ED",
    "reportedCurrency": "USD",
    "cik": "0001047862",
    "fillingDate": "2018-11-01",
    "acceptedDate": "2018-11-01 16:47:12",
    "calendarYear": "2018",
    "period": "Q3",
    "revenue": 3335000000,
    "costOfRevenue": 1108000000,
    "grossProfit": 2227000000,
    "grossProfitRatio": 0.6677661169,
    "researchAndDevelopmentExpenses": 0,
    "generalAndAdministrativeExpenses": 0,
    "sellingAndMarketingExpenses": 0,
    "sellingGeneralAndAdministrativeExpenses": 797000000,
    "otherExpenses": 597000000,
    "operatingExpenses": 1394000000,
    "costAndExpenses": 2502000000,
    "interestIncome": 39000000,
    "interestExpense": 205000000,
    "depreciationAndAmortization": 359000000,
    "ebitda": 1175000000,
    "ebitdaratio": 0.3523238381,
    "operatingIncome": 833000000,
    "operatingIncomeRatio": 0.2497751124,
    "totalOtherIncomeExpensesNet": -223000000,
    "incomeBeforeTax": 610000000,
    "incomeBeforeTaxRatio": 0.1829085457,
    "incomeTaxExpense": 175000000,
    "netIncome": 435000000,
    "netIncomeRatio": 0.1304347826,
    "eps": 1.4,
    "epsdiluted": 1.39,
    "weightedAverageShsOut": 311100000,
    "weightedAverageShsOutDil": 312300000,
    "link": "https://www.sec.gov/Archives/edgar/data/1047862/000104786218000193/0001047862-18-000193-index.htm",
    "finalLink": "https://www.sec.gov/Archives/edgar/data/23632/000104786218000193/ed-20180930x10q.htm"
  },
  {
    "date": "2018-06-30",
    "symbol": "ED",
    "reportedCurrency": "USD",
    "cik": "0001047862",
    "fillingDate": "2018-08-02",
    "acceptedDate": "2018-08-02 16:28:33",
    "calendarYear": "2018",
    "period": "Q2",
    "revenue": 2699000000,
    "costOfRevenue": 973000000,
    "grossProfit": 1726000000,
    "grossProfitRatio": 0.6394961097,
    "researchAndDevelopmentExpenses": 0,
    "generalAndAdministrativeExpenses": 0,
    "sellingAndMarketingExpenses": 0,
    "sellingGeneralAndAdministrativeExpenses": 756000000,
    "otherExpenses": 540000000,
    "operatingExpenses": 1296000000,
    "costAndExpenses": 2269000000,
    "interestIncome": 36000000,
    "interestExpense": 197000000,
    "depreciationAndAmortization": 354000000,
    "ebitda": 777000000,
    "ebitdaratio": 0.2878844016,
    "operatingIncome": 430000000,
    "operatingIncomeRatio": 0.159318266,
    "totalOtherIncomeExpensesNet": -204000000,
    "incomeBeforeTax": 226000000,
    "incomeBeforeTaxRatio": 0.0837347166,
    "incomeTaxExpense": 38000000,
    "netIncome": 188000000,
    "netIncomeRatio": 0.0696554279,
    "eps": 0.6,
    "epsdiluted": 0.6,
    "weightedAverageShsOut": 310800000,
    "weightedAverageShsOutDil": 311900000,
    "link": "https://www.sec.gov/Archives/edgar/data/1047862/000104786218000154/0001047862-18-000154-index.htm",
    "finalLink": "https://www.sec.gov/Archives/edgar/data/23632/000104786218000154/ed-20180630x10q.htm"
  },
  {
    "date": "2018-03-31",
    "symbol": "ED",
    "reportedCurrency": "USD",
    "cik": "0001047862",
    "fillingDate": "2018-05-03",
    "acceptedDate": "2018-05-03 17:09:06",
    "calendarYear": "2018",
    "period": "Q1",
    "revenue": 3360000000,
    "costOfRevenue": 1203000000,
    "grossProfit": 2157000000,
    "grossProfitRatio": 0.6419642857,
    "researchAndDevelopmentExpenses": 0,
    "generalAndAdministrativeExpenses": 0,
    "sellingAndMarketingExpenses": 0,
    "sellingGeneralAndAdministrativeExpenses": 836000000,
    "otherExpenses": 570000000,
    "operatingExpenses": 1406000000,
    "costAndExpenses": 2609000000,
    "interestIncome": 20000000,
    "interestExpense": 195000000,
    "depreciationAndAmortization": 348000000,
    "ebitda": 1088000000,
    "ebitdaratio": 0.3238095238,
    "operatingIncome": 751000000,
    "operatingIncomeRatio": 0.2235119048,
    "totalOtherIncomeExpensesNet": -206000000,
    "incomeBeforeTax": 545000000,
    "incomeBeforeTaxRatio": 0.162202381,
    "incomeTaxExpense": 117000000,
    "netIncome": 428000000,
    "netIncomeRatio": 0.1273809524,
    "eps": 1.38,
    "epsdiluted": 1.37,
    "weightedAverageShsOut": 310400000,
    "weightedAverageShsOutDil": 311600000,
    "link": "https://www.sec.gov/Archives/edgar/data/1047862/000104786218000085/0001047862-18-000085-index.htm",
    "finalLink": "https://www.sec.gov/Archives/edgar/data/23632/000104786218000085/ed-20180331x10q.htm"
  },
  {
    "date": "2017-12-31",
    "symbol": "ED",
    "reportedCurrency": "USD",
    "cik": "0001047862",
    "fillingDate": "2018-02-15",
    "acceptedDate": "2018-02-15 17:11:37",
    "calendarYear": "2017",
    "period": "Q4",
    "revenue": 2967000000,
    "costOfRevenue": 1126000000,
    "grossProfit": 1841000000,
    "grossProfitRatio": 0.6204920795,
    "researchAndDevelopmentExpenses": 0,
    "generalAndAdministrativeExpenses": 0,
    "sellingAndMarketingExpenses": 0,
    "sellingGeneralAndAdministrativeExpenses": 856000000,
    "otherExpenses": 558000000,
    "operatingExpenses": 1414000000,
    "costAndExpenses": 2540000000,
    "interestIncome": 21000000,
    "interestExpense": 184000000,
    "depreciationAndAmortization": 342000000,
    "ebitda": 905000000,
    "ebitdaratio": 0.3050219077,
    "operatingIncome": 427000000,
    "operatingIncomeRatio": 0.1439164139,
    "totalOtherIncomeExpensesNet": -49000000,
    "incomeBeforeTax": 377000000,
    "incomeBeforeTaxRatio": 0.1270643748,
    "incomeTaxExpense": -128000000,
    "netIncome": 505000000,
    "netIncomeRatio": 0.1702055949,
    "eps": 1.63,
    "epsdiluted": 1.62,
    "weightedAverageShsOut": 310100000,
    "weightedAverageShsOutDil": 311800000,
    "link": "https://www.sec.gov/Archives/edgar/data/1047862/000104786218000037/0001047862-18-000037-index.htm",
    "finalLink": "https://www.sec.gov/Archives/edgar/data/23632/000104786218000037/ed-20171231x10k.htm"
  },
  {
    "date": "2017-09-30",
    "symbol": "ED",
    "reportedCurrency": "USD",
    "cik": "0001047862",
    "fillingDate": "2017-11-02",
    "acceptedDate": "2017-11-02 17:13:10",
    "calendarYear": "2017",
    "period": "Q3",
    "revenue": 3206000000,
    "costOfRevenue": 895000000,
    "grossProfit": 2311000000,
    "grossProfitRatio": 0.7208359326,
    "researchAndDevelopmentExpenses": 0,
    "generalAndAdministrativeExpenses": 0,
    "sellingAndMarketingExpenses": 0,
    "sellingGeneralAndAdministrativeExpenses": 811000000,
    "otherExpenses": 544000000,
    "operatingExpenses": 1355000000,
    "costAndExpenses": 2250000000,
    "interestIncome": 37000000,
    "interestExpense": 185000000,
    "depreciationAndAmortization": 336000000,
    "ebitda": 1249000000,
    "ebitdaratio": 0.3895820337,
    "operatingIncome": 956000000,
    "operatingIncomeRatio": 0.2981908921,
    "totalOtherIncomeExpensesNet": -229000000,
    "incomeBeforeTax": 727000000,
    "incomeBeforeTaxRatio": 0.2267623206,
    "incomeTaxExpense": 270000000,
    "netIncome": 457000000,
    "netIncomeRatio": 0.1425452277,
    "eps": 1.48,
    "epsdiluted": 1.48,
    "weightedAverageShsOut": 307800000,
    "weightedAverageShsOutDil": 309300000,
    "link": "https://www.sec.gov/Archives/edgar/data/1047862/000104786217000176/0001047862-17-000176-index.htm",
    "finalLink": "https://www.sec.gov/Archives/edgar/data/23632/000104786217000176/ed-20170930x10q.htm"
  },
  {
    "date": "2017-06-30",
    "symbol": "ED",
    "reportedCurrency": "USD",
    "cik": "0001047862",
    "fillingDate": "2017-08-03",
    "acceptedDate": "2017-08-03 17:14:33",
    "calendarYear": "2017",
    "period": "Q2",
    "revenue": 2641000000,
    "costOfRevenue": 876000000,
    "grossProfit": 1765000000,
    "grossProfitRatio": 0.6683074593,
    "researchAndDevelopmentExpenses": 0,
    "generalAndAdministrativeExpenses": 0,
    "sellingAndMarketingExpenses": 0,
    "sellingGeneralAndAdministrativeExpenses": 732000000,
    "otherExpenses": 511000000,
    "operatingExpenses": 1243000000,
    "costAndExpenses": 2119000000,
    "interestIncome": 34000000,
    "interestExpense": 180000000,
    "depreciationAndAmortization": 333000000,
    "ebitda": 789000000,
    "ebitdaratio": 0.2987504733,
    "operatingIncome": 522000000,
    "operatingIncomeRatio": 0.1976524044,
    "totalOtherIncomeExpensesNet": -245000000,
    "incomeBeforeTax": 277000000,
    "incomeBeforeTaxRatio": 0.1048845134,
    "incomeTaxExpense": 102000000,
    "netIncome": 175000000,
    "netIncomeRatio": 0.0662627793,
    "eps": 0.57,
    "epsdiluted": 0.57,
    "weightedAverageShsOut": 305400000,
    "weightedAverageShsOutDil": 306800000,
    "link": "https://www.sec.gov/Archives/edgar/data/1047862/000104786217000142/0001047862-17-000142-index.htm",
    "finalLink": "https://www.sec.gov/Archives/edgar/data/23632/000104786217000142/ed-20170630x10q.htm"
  },
  {
    "date": "2017-03-31",
    "symbol": "ED",
    "reportedCurrency": "USD",
    "cik": "0001047862",
    "fillingDate": "2017-05-04",
    "acceptedDate": "2017-05-04 17:02:46",
    "calendarYear": "2017",
    "period": "Q1",
    "revenue": 3214000000,
    "costOfRevenue": 1852000000,
    "grossProfit": 1362000000,
    "grossProfitRatio": 0.4237710019,
    "researchAndDevelopmentExpenses": 0,
    "generalAndAdministrativeExpenses": 0,
    "sellingAndMarketingExpenses": 0,
    "sellingGeneralAndAdministrativeExpenses": 0,
    "otherExpenses": 542000000,
    "operatingExpenses": 542000000,
    "costAndExpenses": 2394000000,
    "interestIncome": 19000000,
    "interestExpense": 181000000,
    "depreciationAndAmortization": 329000000,
    "ebitda": 1125000000,
    "ebitdaratio": 0.3500311139,
    "operatingIncome": 820000000,
    "operatingIncomeRatio": 0.2551337897,
    "totalOtherIncomeExpensesNet": -205000000,
    "incomeBeforeTax": 615000000,
    "incomeBeforeTaxRatio": 0.1913503423,
    "incomeTaxExpense": 227000000,
    "netIncome": 388000000,
    "netIncomeRatio": 0.1207218419,
    "eps": 1.27,
    "epsdiluted": 1.27,
    "weightedAverageShsOut": 305100000,
    "weightedAverageShsOutDil": 306300000,
    "link": "https://www.sec.gov/Archives/edgar/data/1047862/000104786217000089/0001047862-17-000089-index.htm",
    "finalLink": "https://www.sec.gov/Archives/edgar/data/23632/000104786217000089/ed-20170331x10q.htm"
  },
  {
    "date": "2016-12-31",
    "symbol": "ED",
    "reportedCurrency": "USD",
    "cik": "0001047862",
    "fillingDate": "2017-02-16",
    "acceptedDate": "2017-02-16 16:47:46",
    "calendarYear": "2016",
    "period": "Q4",
    "revenue": 3214000000,
    "costOfRevenue": 1852000000,
    "grossProfit": 1362000000,
    "grossProfitRatio": 0.4237710019,
    "researchAndDevelopmentExpenses": 0,
    "generalAndAdministrativeExpenses": 0,
    "sellingAndMarketingExpenses": 0,
    "sellingGeneralAndAdministrativeExpenses": 0,
    "otherExpenses": -542000000,
    "operatingExpenses": 542000000,
    "costAndExpenses": 2394000000,
    "interestIncome": 19000000,
    "interestExpense": 181000000,
    "depreciationAndAmortization": 311000000,
    "ebitda": 1125000000,
    "ebitdaratio": 0.3500311139,
    "operatingIncome": 820000000,
    "operatingIncomeRatio": 0.2551337897,
    "totalOtherIncomeExpensesNet": -205000000,
    "incomeBeforeTax": 303000000,
    "incomeBeforeTaxRatio": 0.0942750467,
    "incomeTaxExpense": 96000000,
    "netIncome": 206000000,
    "netIncomeRatio": 0.0640945862,
    "eps": 0.68,
    "epsdiluted": 0.67,
    "weightedAverageShsOut": 304800000,
    "weightedAverageShsOutDil": 306200000,
    "link": "https://www.sec.gov/Archives/edgar/data/1047862/000104786217000029/0001047862-17-000029-index.htm",
    "finalLink": "https://www.sec.gov/Archives/edgar/data/23632/000104786217000029/ed-20161231x10k.htm"
  },
  {
    "date": "2016-09-30",
    "symbol": "ED",
    "reportedCurrency": "USD",
    "cik": "0001047862",
    "fillingDate": "2016-11-03",
    "acceptedDate": "2016-11-03 16:50:09",
    "calendarYear": "2016",
    "period": "Q3",
    "revenue": 2713000000,
    "costOfRevenue": 1685000000,
    "grossProfit": 1028000000,
    "grossProfitRatio": 0.3789163288,
    "researchAndDevelopmentExpenses": 0,
    "generalAndAdministrativeExpenses": 0,
    "sellingAndMarketingExpenses": 0,
    "sellingGeneralAndAdministrativeExpenses": 0,
    "otherExpenses": -508000000,
    "operatingExpenses": 508000000,
    "costAndExpenses": 2193000000,
    "interestIncome": 7000000,
    "interestExpense": 178000000,
    "depreciationAndAmortization": 306000000,
    "ebitda": 792000000,
    "ebitdaratio": 0.2919277553,
    "operatingIncome": 520000000,
    "operatingIncomeRatio": 0.1916697383,
    "totalOtherIncomeExpensesNet": -217000000,
    "incomeBeforeTax": 811000000,
    "incomeBeforeTaxRatio": 0.2989310726,
    "incomeTaxExpense": 314000000,
    "netIncome": 497000000,
    "netIncomeRatio": 0.1831920383,
    "eps": 1.63,
    "epsdiluted": 1.62,
    "weightedAverageShsOut": 304500000,
    "weightedAverageShsOutDil": 305900000,
    "link": "https://www.sec.gov/Archives/edgar/data/1047862/000104786216000377/0001047862-16-000377-index.htm",
    "finalLink": "https://www.sec.gov/Archives/edgar/data/23632/000104786216000377/ed-20160930x10q.htm"
  },
  {
    "date": "2016-06-30",
    "symbol": "ED",
    "reportedCurrency": "USD",
    "cik": "0001047862",
    "fillingDate": "2016-08-04",
    "acceptedDate": "2016-08-04 16:48:29",
    "calendarYear": "2016",
    "period": "Q2",
    "revenue": 3419000000,
    "costOfRevenue": 1978000000,
    "grossProfit": 1441000000,
    "grossProfitRatio": 0.4214682656,
    "researchAndDevelopmentExpenses": 0,
    "generalAndAdministrativeExpenses": 0,
    "sellingAndMarketingExpenses": 0,
    "sellingGeneralAndAdministrativeExpenses": 0,
    "otherExpenses": -528000000,
    "operatingExpenses": 528000000,
    "costAndExpenses": 2506000000,
    "interestIncome": 51000000,
    "interestExpense": 178000000,
    "depreciationAndAmortization": 302000000,
    "ebitda": 1294000000,
    "ebitdaratio": 0.3784732378,
    "operatingIncome": 913000000,
    "operatingIncomeRatio": 0.2670371454,
    "totalOtherIncomeExpensesNet": -102000000,
    "incomeBeforeTax": 356000000,
    "incomeBeforeTaxRatio": 0.1041240129,
    "incomeTaxExpense": 124000000,
    "netIncome": 232000000,
    "netIncomeRatio": 0.0678560983,
    "eps": 0.78,
    "epsdiluted": 0.77,
    "weightedAverageShsOut": 299100000,
    "weightedAverageShsOutDil": 300400000,
    "link": "https://www.sec.gov/Archives/edgar/data/1047862/000104786216000332/0001047862-16-000332-index.htm",
    "finalLink": "https://www.sec.gov/Archives/edgar/data/23632/000104786216000332/ed-20160630x10q.htm"
  },
  {
    "date": "2016-03-31",
    "symbol": "ED",
    "reportedCurrency": "USD",
    "cik": "0001047862",
    "fillingDate": "2016-05-06",
    "acceptedDate": "2016-05-05 17:39:56",
    "calendarYear": "2016",
    "period": "Q1",
    "revenue": 3156000000,
    "costOfRevenue": 1707000000,
    "grossProfit": 1449000000,
    "grossProfitRatio": 0.4591254753,
    "researchAndDevelopmentExpenses": 0,
    "generalAndAdministrativeExpenses": 0,
    "sellingAndMarketingExpenses": 0,
    "sellingGeneralAndAdministrativeExpenses": 0,
    "otherExpenses": 807000000,
    "operatingExpenses": 807000000,
    "costAndExpenses": 2514000000,
    "interestIncome": 0,
    "interestExpense": 169000000,
    "depreciationAndAmortization": 297000000,
    "ebitda": 939000000,
    "ebitdaratio": 0.2975285171,
    "operatingIncome": 642000000,
    "operatingIncomeRatio": 0.2034220532,
    "totalOtherIncomeExpensesNet": -168000000,
    "incomeBeforeTax": 474000000,
    "incomeBeforeTaxRatio": 0.1501901141,
    "incomeTaxExpense": 164000000,
    "netIncome": 310000000,
    "netIncomeRatio": 0.098225602,
    "eps": 1.05,
    "epsdiluted": 1.05,
    "weightedAverageShsOut": 293700000,
    "weightedAverageShsOutDil": 294800000,
    "link": "https://www.sec.gov/Archives/edgar/data/1047862/000104786216000269/0001047862-16-000269-index.htm",
    "finalLink": "https://www.sec.gov/Archives/edgar/data/23632/000104786216000269/ed-20160331x10q.htm"
  },
  {
    "date": "2015-12-31",
    "symbol": "ED",
    "reportedCurrency": "USD",
    "cik": "0001047862",
    "fillingDate": "2016-02-18",
    "acceptedDate": "2016-02-18 16:52:57",
    "calendarYear": "2015",
    "period": "Q4",
    "revenue": 2707000000,
    "costOfRevenue": 1540000000,
    "grossProfit": 1167000000,
    "grossProfitRatio": 0.4311045438,
    "researchAndDevelopmentExpenses": 23000000,
    "generalAndAdministrativeExpenses": 0,
    "sellingAndMarketingExpenses": 0,
    "sellingGeneralAndAdministrativeExpenses": 0,
    "otherExpenses": 745000000,
    "operatingExpenses": 768000000,
    "costAndExpenses": 2308000000,
    "interestIncome": 0,
    "interestExpense": 167000000,
    "depreciationAndAmortization": 290000000,
    "ebitda": 689000000,
    "ebitdaratio": 0.2545253048,
    "operatingIncome": 399000000,
    "operatingIncomeRatio": 0.1473956409,
    "totalOtherIncomeExpensesNet": -166000000,
    "incomeBeforeTax": 233000000,
    "incomeBeforeTaxRatio": 0.0860731437,
    "incomeTaxExpense": 57000000,
    "netIncome": 176000000,
    "netIncomeRatio": 0.0650166236,
    "eps": 0.6,
    "epsdiluted": 0.6,
    "weightedAverageShsOut": 293200000,
    "weightedAverageShsOutDil": 294600000,
    "link": "https://www.sec.gov/Archives/edgar/data/1047862/000104786216000225/0001047862-16-000225-index.htm",
    "finalLink": "https://www.sec.gov/Archives/edgar/data/23632/000104786216000225/ed-20151231x10k.htm"
  },
  {
    "date": "2015-09-30",
    "symbol": "ED",
    "reportedCurrency": "USD",
    "cik": "0001047862",
    "fillingDate": "2015-11-05",
    "acceptedDate": "2015-11-05 16:47:46",
    "calendarYear": "2015",
    "period": "Q3",
    "revenue": 3443000000,
    "costOfRevenue": 1824000000,
    "grossProfit": 1619000000,
    "grossProfitRatio": 0.4702294511,
    "researchAndDevelopmentExpenses": 0,
    "generalAndAdministrativeExpenses": 0,
    "sellingAndMarketingExpenses": 0,
    "sellingGeneralAndAdministrativeExpenses": 0,
    "otherExpenses": 789000000,
    "operatingExpenses": 789000000,
    "costAndExpenses": 2613000000,
    "interestIncome": 0,
    "interestExpense": 162000000,
    "depreciationAndAmortization": 285000000,
    "ebitda": 1115000000,
    "ebitdaratio": 0.3238454836,
    "operatingIncome": 830000000,
    "operatingIncomeRatio": 0.2410688353,
    "totalOtherIncomeExpensesNet": -153000000,
    "incomeBeforeTax": 677000000,
    "incomeBeforeTaxRatio": 0.1966308452,
    "incomeTaxExpense": 249000000,
    "netIncome": 428000000,
    "netIncomeRatio": 0.1243101946,
    "eps": 1.46,
    "epsdiluted": 1.45,
    "weightedAverageShsOut": 292900000,
    "weightedAverageShsOutDil": 294200000,
    "link": "https://www.sec.gov/Archives/edgar/data/1047862/000104786215000166/0001047862-15-000166-index.htm",
    "finalLink": "https://www.sec.gov/Archives/edgar/data/23632/000104786215000166/ed-20150930x10q.htm"
  },
  {
    "date": "2015-06-30",
    "symbol": "ED",
    "reportedCurrency": "USD",
    "cik": "0001047862",
    "fillingDate": "2015-08-06",
    "acceptedDate": "2015-08-06 16:48:31",
    "calendarYear": "2015",
    "period": "Q2",
    "revenue": 2788000000,
    "costOfRevenue": 1582000000,
    "grossProfit": 1206000000,
    "grossProfitRatio": 0.4325681492,
    "researchAndDevelopmentExpenses": 0,
    "generalAndAdministrativeExpenses": 0,
    "sellingAndMarketingExpenses": 0,
    "sellingGeneralAndAdministrativeExpenses": 0,
    "otherExpenses": 734000000,
    "operatingExpenses": 734000000,
    "costAndExpenses": 2316000000,
    "interestIncome": 0,
    "interestExpense": 162000000,
    "depreciationAndAmortization": 276000000,
    "ebitda": 748000000,
    "ebitdaratio": 0.2682926829,
    "operatingIncome": 472000000,
    "operatingIncomeRatio": 0.1692969871,
    "totalOtherIncomeExpensesNet": -152000000,
    "incomeBeforeTax": 320000000,
    "incomeBeforeTaxRatio": 0.1147776184,
    "incomeTaxExpense": 101000000,
    "netIncome": 219000000,
    "netIncomeRatio": 0.0785509326,
    "eps": 0.75,
    "epsdiluted": 0.74,
    "weightedAverageShsOut": 292900000,
    "weightedAverageShsOutDil": 294000000,
    "link": "https://www.sec.gov/Archives/edgar/data/1047862/000162828015006240/0001628280-15-006240-index.htm",
    "finalLink": "https://www.sec.gov/Archives/edgar/data/23632/000162828015006240/ed-20150630x10q.htm"
  },
  {
    "date": "2015-03-31",
    "symbol": "ED",
    "reportedCurrency": "USD",
    "cik": "0001047862",
    "fillingDate": "2015-05-07",
    "acceptedDate": "2015-05-07 17:04:14",
    "calendarYear": "2015",
    "period": "Q1",
    "revenue": 3616000000,
    "costOfRevenue": 2114000000,
    "grossProfit": 1502000000,
    "grossProfitRatio": 0.4153761062,
    "researchAndDevelopmentExpenses": 0,
    "generalAndAdministrativeExpenses": 0,
    "sellingAndMarketingExpenses": 0,
    "sellingGeneralAndAdministrativeExpenses": 0,
    "otherExpenses": 776000000,
    "operatingExpenses": 776000000,
    "costAndExpenses": 2890000000,
    "interestIncome": 0,
    "interestExpense": 161000000,
    "depreciationAndAmortization": 279000000,
    "ebitda": 1005000000,
    "ebitdaratio": 0.2779314159,
    "operatingIncome": 726000000,
    "operatingIncomeRatio": 0.2007743363,
    "totalOtherIncomeExpensesNet": -157000000,
    "incomeBeforeTax": 569000000,
    "incomeBeforeTaxRatio": 0.1573561947,
    "incomeTaxExpense": 199000000,
    "netIncome": 370000000,
    "netIncomeRatio": 0.1023230088,
    "eps": 1.26,
    "epsdiluted": 1.26,
    "weightedAverageShsOut": 292900000,
    "weightedAverageShsOutDil": 293900000,
    "link": "https://www.sec.gov/Archives/edgar/data/1047862/000119312515177335/0001193125-15-177335-index.htm",
    "finalLink": "https://www.sec.gov/Archives/edgar/data/23632/000119312515177335/d883772d10q.htm"
  },
  {
    "date": "2014-12-31",
    "symbol": "ED",
    "reportedCurrency": "USD",
    "cik": "0001047862",
    "fillingDate": "2015-02-19",
    "acceptedDate": "2015-02-19 17:03:05",
    "calendarYear": "2014",
    "period": "Q4",
    "revenue": 2829000000,
    "costOfRevenue": 1846000000,
    "grossProfit": 983000000,
    "grossProfitRatio": 0.3474726052,
    "researchAndDevelopmentExpenses": 22000000,
    "generalAndAdministrativeExpenses": 0,
    "sellingAndMarketingExpenses": 0,
    "sellingGeneralAndAdministrativeExpenses": 0,
    "otherExpenses": 711000000,
    "operatingExpenses": 733000000,
    "costAndExpenses": 2579000000,
    "interestIncome": 0,
    "interestExpense": 156000000,
    "depreciationAndAmortization": 275000000,
    "ebitda": 525000000,
    "ebitdaratio": 0.1855779427,
    "operatingIncome": 250000000,
    "operatingIncomeRatio": 0.0883704489,
    "totalOtherIncomeExpensesNet": -159000000,
    "incomeBeforeTax": 90000000,
    "incomeBeforeTaxRatio": 0.0318133616,
    "incomeTaxExpense": 9000000,
    "netIncome": 82000000,
    "netIncomeRatio": 0.0289855072,
    "eps": 0.28,
    "epsdiluted": 0.28,
    "weightedAverageShsOut": 292900000,
    "weightedAverageShsOutDil": 294000000,
    "link": "https://www.sec.gov/Archives/edgar/data/1047862/000119312515054350/0001193125-15-054350-index.htm",
    "finalLink": "https://www.sec.gov/Archives/edgar/data/23632/000119312515054350/d821872d10k.htm"
  },
  {
    "date": "2014-09-30",
    "symbol": "ED",
    "reportedCurrency": "USD",
    "cik": "0001047862",
    "fillingDate": "2014-11-06",
    "acceptedDate": "2014-11-06 17:03:47",
    "calendarYear": "2014",
    "period": "Q3",
    "revenue": 3390000000,
    "costOfRevenue": 1849000000,
    "grossProfit": 1541000000,
    "grossProfitRatio": 0.4545722714,
    "researchAndDevelopmentExpenses": 0,
    "generalAndAdministrativeExpenses": 0,
    "sellingAndMarketingExpenses": 0,
    "sellingGeneralAndAdministrativeExpenses": 0,
    "otherExpenses": 722000000,
    "operatingExpenses": 722000000,
    "costAndExpenses": 2571000000,
    "interestIncome": 0,
    "interestExpense": 150000000,
    "depreciationAndAmortization": 270000000,
    "ebitda": 1089000000,
    "ebitdaratio": 0.3212389381,
    "operatingIncome": 819000000,
    "operatingIncomeRatio": 0.2415929204,
    "totalOtherIncomeExpensesNet": -124000000,
    "incomeBeforeTax": 695000000,
    "incomeBeforeTaxRatio": 0.2050147493,
    "incomeTaxExpense": 259000000,
    "netIncome": 436000000,
    "netIncomeRatio": 0.1286135693,
    "eps": 1.49,
    "epsdiluted": 1.48,
    "weightedAverageShsOut": 292900000,
    "weightedAverageShsOutDil": 294000000,
    "link": "https://www.sec.gov/Archives/edgar/data/1047862/000119312514401232/0001193125-14-401232-index.htm",
    "finalLink": "https://www.sec.gov/Archives/edgar/data/23632/000119312514401232/d799720d10q.htm"
  },
  {
    "date": "2014-06-30",
    "symbol": "ED",
    "reportedCurrency": "USD",
    "cik": "0001047862",
    "fillingDate": "2014-08-07",
    "acceptedDate": "2014-08-07 17:02:37",
    "calendarYear": "2014",
    "period": "Q2",
    "revenue": 2911000000,
    "costOfRevenue": 1769000000,
    "grossProfit": 1142000000,
    "grossProfitRatio": 0.3923050498,
    "researchAndDevelopmentExpenses": 0,
    "generalAndAdministrativeExpenses": 0,
    "sellingAndMarketingExpenses": 0,
    "sellingGeneralAndAdministrativeExpenses": 0,
    "otherExpenses": 687000000,
    "operatingExpenses": 687000000,
    "costAndExpenses": 2501000000,
    "interestIncome": 0,
    "interestExpense": 150000000,
    "depreciationAndAmortization": 265000000,
    "ebitda": 675000000,
    "ebitdaratio": 0.2318790794,
    "operatingIncome": 455000000,
    "operatingIncomeRatio": 0.1563036757,
    "totalOtherIncomeExpensesNet": -141000000,
    "incomeBeforeTax": 314000000,
    "incomeBeforeTaxRatio": 0.1078667125,
    "incomeTaxExpense": 102000000,
    "netIncome": 212000000,
    "netIncomeRatio": 0.0728272071,
    "eps": 0.73,
    "epsdiluted": 0.72,
    "weightedAverageShsOut": 292900000,
    "weightedAverageShsOutDil": 294000000,
    "link": "https://www.sec.gov/Archives/edgar/data/1047862/000119312514300922/0001193125-14-300922-index.htm",
    "finalLink": "https://www.sec.gov/Archives/edgar/data/23632/000119312514300922/d736834d10q.htm"
  },
  {
    "date": "2014-03-31",
    "symbol": "ED",
    "reportedCurrency": "USD",
    "cik": "0001047862",
    "fillingDate": "2014-05-08",
    "acceptedDate": "2014-05-08 17:15:43",
    "calendarYear": "2014",
    "period": "Q1",
    "revenue": 3789000000,
    "costOfRevenue": 2344000000,
    "grossProfit": 1445000000,
    "grossProfitRatio": 0.3813671153,
    "researchAndDevelopmentExpenses": 0,
    "generalAndAdministrativeExpenses": 0,
    "sellingAndMarketingExpenses": 0,
    "sellingGeneralAndAdministrativeExpenses": 0,
    "otherExpenses": 760000000,
    "operatingExpenses": 760000000,
    "costAndExpenses": 3104000000,
    "interestIncome": 0,
    "interestExpense": 136000000,
    "depreciationAndAmortization": 261000000,
    "ebitda": 946000000,
    "ebitdaratio": 0.2496700977,
    "operatingIncome": 685000000,
    "operatingIncomeRatio": 0.1807864872,
    "totalOtherIncomeExpensesNet": -126000000,
    "incomeBeforeTax": 559000000,
    "incomeBeforeTaxRatio": 0.1475323304,
    "incomeTaxExpense": 198000000,
    "netIncome": 361000000,
    "netIncomeRatio": 0.0952757984,
    "eps": 1.23,
    "epsdiluted": 1.23,
    "weightedAverageShsOut": 292900000,
    "weightedAverageShsOutDil": 294100000,
    "link": "https://www.sec.gov/Archives/edgar/data/1047862/000119312514190303/0001193125-14-190303-index.htm",
    "finalLink": "https://www.sec.gov/Archives/edgar/data/23632/000119312514190303/d685996d10q.htm"
  },
  {
    "date": "2013-12-31",
    "symbol": "ED",
    "reportedCurrency": "USD",
    "cik": "0001047862",
    "fillingDate": "2014-02-21",
    "acceptedDate": "2014-02-20 17:55:32",
    "calendarYear": "2013",
    "period": "Q4",
    "revenue": 2867000000,
    "costOfRevenue": 1666000000,
    "grossProfit": 1201000000,
    "grossProfitRatio": 0.4189047785,
    "researchAndDevelopmentExpenses": 18000000,
    "generalAndAdministrativeExpenses": 0,
    "sellingAndMarketingExpenses": 0,
    "sellingGeneralAndAdministrativeExpenses": 0,
    "otherExpenses": 706000000,
    "operatingExpenses": 724000000,
    "costAndExpenses": 2390000000,
    "interestIncome": 0,
    "interestExpense": 144000000,
    "depreciationAndAmortization": 260000000,
    "ebitda": 737000000,
    "ebitdaratio": 0.2570631322,
    "operatingIncome": 477000000,
    "operatingIncomeRatio": 0.1663760028,
    "totalOtherIncomeExpensesNet": -140000000,
    "incomeBeforeTax": 337000000,
    "incomeBeforeTaxRatio": 0.1175444716,
    "incomeTaxExpense": 103000000,
    "netIncome": 234000000,
    "netIncomeRatio": 0.0816184165,
    "eps": 0.8,
    "epsdiluted": 0.8,
    "weightedAverageShsOut": 292900000,
    "weightedAverageShsOutDil": 292900000,
    "link": "https://www.sec.gov/Archives/edgar/data/1047862/000119312514061037/0001193125-14-061037-index.htm",
    "finalLink": "https://www.sec.gov/Archives/edgar/data/23632/000119312514061037/d629773d10k.htm"
  },
  {
    "date": "2013-09-30",
    "symbol": "ED",
    "reportedCurrency": "USD",
    "cik": "0001047862",
    "fillingDate": "2013-11-04",
    "acceptedDate": "2013-11-04 17:07:11",
    "calendarYear": "2013",
    "period": "Q3",
    "revenue": 3484000000,
    "costOfRevenue": 1871000000,
    "grossProfit": 1613000000,
    "grossProfitRatio": 0.4629735936,
    "researchAndDevelopmentExpenses": 0,
    "generalAndAdministrativeExpenses": 0,
    "sellingAndMarketingExpenses": 0,
    "sellingGeneralAndAdministrativeExpenses": 0,
    "otherExpenses": 758000000,
    "operatingExpenses": 758000000,
    "costAndExpenses": 2629000000,
    "interestIncome": 0,
    "interestExpense": 146000000,
    "depreciationAndAmortization": 258000000,
    "ebitda": 1113000000,
    "ebitdaratio": 0.3194603904,
    "operatingIncome": 855000000,
    "operatingIncomeRatio": 0.2454075775,
    "totalOtherIncomeExpensesNet": -141000000,
    "incomeBeforeTax": 714000000,
    "incomeBeforeTaxRatio": 0.2049368542,
    "incomeTaxExpense": 250000000,
    "netIncome": 464000000,
    "netIncomeRatio": 0.1331802526,
    "eps": 1.58,
    "epsdiluted": 1.58,
    "weightedAverageShsOut": 292900000,
    "weightedAverageShsOutDil": 294300000,
    "link": "https://www.sec.gov/Archives/edgar/data/1047862/000119312513425393/0001193125-13-425393-index.htm",
    "finalLink": "https://www.sec.gov/Archives/edgar/data/23632/000119312513425393/d590643d10q.htm"
  },
  {
    "date": "2013-06-30",
    "symbol": "ED",
    "reportedCurrency": "USD",
    "cik": "0001047862",
    "fillingDate": "2013-08-01",
    "acceptedDate": "2013-08-01 17:02:12",
    "calendarYear": "2013",
    "period": "Q2",
    "revenue": 2818000000,
    "costOfRevenue": 1720000000,
    "grossProfit": 1098000000,
    "grossProfitRatio": 0.3896380412,
    "researchAndDevelopmentExpenses": 0,
    "generalAndAdministrativeExpenses": 0,
    "sellingAndMarketingExpenses": 0,
    "sellingGeneralAndAdministrativeExpenses": 0,
    "otherExpenses": 712000000,
    "operatingExpenses": 712000000,
    "costAndExpenses": 2432000000,
    "interestIncome": 0,
    "interestExpense": 151000000,
    "depreciationAndAmortization": 255000000,
    "ebitda": 635000000,
    "ebitdaratio": 0.2253371185,
    "operatingIncome": 386000000,
    "operatingIncomeRatio": 0.1369765791,
    "totalOtherIncomeExpensesNet": -149000000,
    "incomeBeforeTax": 237000000,
    "incomeBeforeTaxRatio": 0.0841022001,
    "incomeTaxExpense": 65000000,
    "netIncome": 172000000,
    "netIncomeRatio": 0.0610361959,
    "eps": 0.59,
    "epsdiluted": 0.59,
    "weightedAverageShsOut": 292900000,
    "weightedAverageShsOutDil": 294300000,
    "link": "https://www.sec.gov/Archives/edgar/data/1047862/000119312513315248/0001193125-13-315248-index.htm",
    "finalLink": "https://www.sec.gov/Archives/edgar/data/23632/000119312513315248/d542354d10q.htm"
  },
  {
    "date": "2013-03-31",
    "symbol": "ED",
    "reportedCurrency": "USD",
    "cik": "0001047862",
    "fillingDate": "2013-05-02",
    "acceptedDate": "2013-05-02 17:06:01",
    "calendarYear": "2013",
    "period": "Q1",
    "revenue": 3184000000,
    "costOfRevenue": 1934000000,
    "grossProfit": 1250000000,
    "grossProfitRatio": 0.3925879397,
    "researchAndDevelopmentExpenses": 0,
    "generalAndAdministrativeExpenses": 0,
    "sellingAndMarketingExpenses": 0,
    "sellingGeneralAndAdministrativeExpenses": 0,
    "otherExpenses": 724000000,
    "operatingExpenses": 724000000,
    "costAndExpenses": 2658000000,
    "interestIncome": 0,
    "interestExpense": 279000000,
    "depreciationAndAmortization": 251000000,
    "ebitda": 774000000,
    "ebitdaratio": 0.2430904523,
    "operatingIncome": 526000000,
    "operatingIncomeRatio": 0.165201005,
    "totalOtherIncomeExpensesNet": -277000000,
    "incomeBeforeTax": 249000000,
    "incomeBeforeTaxRatio": 0.0782035176,
    "incomeTaxExpense": 57000000,
    "netIncome": 192000000,
    "netIncomeRatio": 0.0603015075,
    "eps": 0.66,
    "epsdiluted": 0.65,
    "weightedAverageShsOut": 292900000,
    "weightedAverageShsOutDil": 294200000,
    "link": "https://www.sec.gov/Archives/edgar/data/1047862/000119312513196382/0001193125-13-196382-index.htm",
    "finalLink": "https://www.sec.gov/Archives/edgar/data/23632/000119312513196382/d512475d10q.htm"
  },
  {
    "date": "2012-12-31",
    "symbol": "ED",
    "reportedCurrency": "USD",
    "cik": "0001047862",
    "fillingDate": "2013-02-21",
    "acceptedDate": "2013-02-21 16:12:45",
    "calendarYear": "2012",
    "period": "Q4",
    "revenue": 2901000000,
    "costOfRevenue": 1737000000,
    "grossProfit": 1164000000,
    "grossProfitRatio": 0.4012409514,
    "researchAndDevelopmentExpenses": 21000000,
    "generalAndAdministrativeExpenses": 0,
    "sellingAndMarketingExpenses": 0,
    "sellingGeneralAndAdministrativeExpenses": 0,
    "otherExpenses": 690000000,
    "operatingExpenses": 711000000,
    "costAndExpenses": 2448000000,
    "interestIncome": 0,
    "interestExpense": 147000000,
    "depreciationAndAmortization": 246000000,
    "ebitda": 699000000,
    "ebitdaratio": 0.2409513961,
    "operatingIncome": 453000000,
    "operatingIncomeRatio": 0.1561530507,
    "totalOtherIncomeExpensesNet": -147000000,
    "incomeBeforeTax": 307000000,
    "incomeBeforeTaxRatio": 0.1058255774,
    "incomeTaxExpense": 100000000,
    "netIncome": 207000000,
    "netIncomeRatio": 0.0713547053,
    "eps": 0.71,
    "epsdiluted": 0.7,
    "weightedAverageShsOut": 292900000,
    "weightedAverageShsOutDil": 294500000,
    "link": "https://www.sec.gov/Archives/edgar/data/1047862/000119312513069310/0001193125-13-069310-index.htm",
    "finalLink": "https://www.sec.gov/Archives/edgar/data/23632/000119312513069310/d446447d10k.htm"
  },
  {
    "date": "2012-09-30",
    "symbol": "ED",
    "reportedCurrency": "USD",
    "cik": "0001047862",
    "fillingDate": "2012-11-06",
    "acceptedDate": "2012-11-05 19:19:49",
    "calendarYear": "2012",
    "period": "Q3",
    "revenue": 3438000000,
    "costOfRevenue": 1045000000,
    "grossProfit": 2393000000,
    "grossProfitRatio": 0.6960442118,
    "researchAndDevelopmentExpenses": 0,
    "generalAndAdministrativeExpenses": 0,
    "sellingAndMarketingExpenses": 0,
    "sellingGeneralAndAdministrativeExpenses": 0,
    "otherExpenses": 1542000000,
    "operatingExpenses": 1542000000,
    "costAndExpenses": 2587000000,
    "interestIncome": 0,
    "interestExpense": 152000000,
    "depreciationAndAmortization": 240000000,
    "ebitda": 1093000000,
    "ebitdaratio": 0.3179173938,
    "operatingIncome": 851000000,
    "operatingIncomeRatio": 0.2475276323,
    "totalOtherIncomeExpensesNet": -150000000,
    "incomeBeforeTax": 701000000,
    "incomeBeforeTaxRatio": 0.2038976149,
    "incomeTaxExpense": 261000000,
    "netIncome": 440000000,
    "netIncomeRatio": 0.1279813845,
    "eps": 1.5,
    "epsdiluted": 1.49,
    "weightedAverageShsOut": 292900000,
    "weightedAverageShsOutDil": 294600000,
    "link": "https://www.sec.gov/Archives/edgar/data/1047862/000119312512452472/0001193125-12-452472-index.htm",
    "finalLink": "https://www.sec.gov/Archives/edgar/data/23632/000119312512452472/d403135d10q.htm"
  },
  {
    "date": "2012-06-30",
    "symbol": "ED",
    "reportedCurrency": "USD",
    "cik": "0001047862",
    "fillingDate": "2012-08-02",
    "acceptedDate": "2012-08-02 17:02:59",
    "calendarYear": "2012",
    "period": "Q2",
    "revenue": 2771000000,
    "costOfRevenue": 837000000,
    "grossProfit": 1934000000,
    "grossProfitRatio": 0.6979429809,
    "researchAndDevelopmentExpenses": 0,
    "generalAndAdministrativeExpenses": 0,
    "sellingAndMarketingExpenses": 0,
    "sellingGeneralAndAdministrativeExpenses": 0,
    "otherExpenses": 1459000000,
    "operatingExpenses": 1459000000,
    "costAndExpenses": 2296000000,
    "interestIncome": 1000000,
    "interestExpense": 153000000,
    "depreciationAndAmortization": 236000000,
    "ebitda": 712000000,
    "ebitdaratio": 0.2569469506,
    "operatingIncome": 475000000,
    "operatingIncomeRatio": 0.1714182606,
    "totalOtherIncomeExpensesNet": -155000000,
    "incomeBeforeTax": 320000000,
    "incomeBeforeTaxRatio": 0.1154817755,
    "incomeTaxExpense": 106000000,
    "netIncome": 214000000,
    "netIncomeRatio": 0.0772284374,
    "eps": 0.73,
    "epsdiluted": 0.73,
    "weightedAverageShsOut": 292900000,
    "weightedAverageShsOutDil": 294400000,
    "link": "https://www.sec.gov/Archives/edgar/data/1047862/000119312512332148/0001193125-12-332148-index.htm",
    "finalLink": "https://www.sec.gov/Archives/edgar/data/23632/000119312512332148/d363232d10q.htm"
  },
  {
    "date": "2012-03-31",
    "symbol": "ED",
    "reportedCurrency": "USD",
    "cik": "0001047862",
    "fillingDate": "2012-05-03",
    "acceptedDate": "2012-05-03 16:58:44",
    "calendarYear": "2012",
    "period": "Q1",
    "revenue": 3078000000,
    "costOfRevenue": 1085000000,
    "grossProfit": 1993000000,
    "grossProfitRatio": 0.6474983756,
    "researchAndDevelopmentExpenses": 0,
    "generalAndAdministrativeExpenses": 0,
    "sellingAndMarketingExpenses": 0,
    "sellingGeneralAndAdministrativeExpenses": 0,
    "otherExpenses": 1432000000,
    "operatingExpenses": 1432000000,
    "costAndExpenses": 2517000000,
    "interestIncome": 0,
    "interestExpense": 150000000,
    "depreciationAndAmortization": 233000000,
    "ebitda": 797000000,
    "ebitdaratio": 0.258934373,
    "operatingIncome": 561000000,
    "operatingIncomeRatio": 0.1822612086,
    "totalOtherIncomeExpensesNet": -147000000,
    "incomeBeforeTax": 414000000,
    "incomeBeforeTaxRatio": 0.134502924,
    "incomeTaxExpense": 134000000,
    "netIncome": 277000000,
    "netIncomeRatio": 0.0899935023,
    "eps": 0.95,
    "epsdiluted": 0.94,
    "weightedAverageShsOut": 292900000,
    "weightedAverageShsOutDil": 294500000,
    "link": "https://www.sec.gov/Archives/edgar/data/1047862/000119312512208781/0001193125-12-208781-index.htm",
    "finalLink": "https://www.sec.gov/Archives/edgar/data/23632/000119312512208781/d313771d10q.htm"
  },
  {
    "date": "2011-12-31",
    "symbol": "ED",
    "reportedCurrency": "USD",
    "cik": "0001047862",
    "fillingDate": "2012-02-21",
    "acceptedDate": "2012-02-21 12:18:05",
    "calendarYear": "2011",
    "period": "Q4",
    "revenue": 2966000000,
    "costOfRevenue": 1069000000,
    "grossProfit": 1897000000,
    "grossProfitRatio": 0.6395819285,
    "researchAndDevelopmentExpenses": 0,
    "generalAndAdministrativeExpenses": 0,
    "sellingAndMarketingExpenses": 0,
    "sellingGeneralAndAdministrativeExpenses": 0,
    "otherExpenses": 1439000000,
    "operatingExpenses": 1439000000,
    "costAndExpenses": 2508000000,
    "interestIncome": 0,
    "interestExpense": 142000000,
    "depreciationAndAmortization": 225000000,
    "ebitda": 683000000,
    "ebitdaratio": 0.2302764666,
    "operatingIncome": 458000000,
    "operatingIncomeRatio": 0.1544167229,
    "totalOtherIncomeExpensesNet": -142000000,
    "incomeBeforeTax": 316000000,
    "incomeBeforeTaxRatio": 0.1065407957,
    "incomeTaxExpense": 123000000,
    "netIncome": 191000000,
    "netIncomeRatio": 0.0643964936,
    "eps": 0.66,
    "epsdiluted": 0.66,
    "weightedAverageShsOut": 292900000,
    "weightedAverageShsOutDil": 292900000,
    "link": "https://www.sec.gov/Archives/edgar/data/1047862/000119312512069828/0001193125-12-069828-index.htm",
    "finalLink": "https://www.sec.gov/Archives/edgar/data/23632/000119312512069828/d263151d10k.htm"
  },
  {
    "date": "2011-09-30",
    "symbol": "ED",
    "reportedCurrency": "USD",
    "cik": "0001047862",
    "fillingDate": "2011-11-03",
    "acceptedDate": "2011-11-03 17:02:57",
    "calendarYear": "2011",
    "period": "Q3",
    "revenue": 3629000000,
    "costOfRevenue": 1385000000,
    "grossProfit": 2244000000,
    "grossProfitRatio": 0.6183521631,
    "researchAndDevelopmentExpenses": 0,
    "generalAndAdministrativeExpenses": 0,
    "sellingAndMarketingExpenses": 0,
    "sellingGeneralAndAdministrativeExpenses": 0,
    "otherExpenses": 1488000000,
    "operatingExpenses": 1488000000,
    "costAndExpenses": 2873000000,
    "interestIncome": 1000000,
    "interestExpense": 145000000,
    "depreciationAndAmortization": 222000000,
    "ebitda": 978000000,
    "ebitdaratio": 0.2694957289,
    "operatingIncome": 756000000,
    "operatingIncomeRatio": 0.2083218517,
    "totalOtherIncomeExpensesNet": -145000000,
    "incomeBeforeTax": 611000000,
    "incomeBeforeTaxRatio": 0.168365941,
    "incomeTaxExpense": 225000000,
    "netIncome": 383000000,
    "netIncomeRatio": 0.1055387159,
    "eps": 1.31,
    "epsdiluted": 1.3,
    "weightedAverageShsOut": 292900000,
    "weightedAverageShsOutDil": 294600000,
    "link": "https://www.sec.gov/Archives/edgar/data/1047862/000119312511295332/0001193125-11-295332-index.htm",
    "finalLink": "https://www.sec.gov/Archives/edgar/data/23632/000119312511295332/d228861d10q.htm"
  },
  {
    "date": "2011-06-30",
    "symbol": "ED",
    "reportedCurrency": "USD",
    "cik": "0001047862",
    "fillingDate": "2011-08-05",
    "acceptedDate": "2011-08-04 17:32:10",
    "calendarYear": "2011",
    "period": "Q2",
    "revenue": 2993000000,
    "costOfRevenue": 1199000000,
    "grossProfit": 1794000000,
    "grossProfitRatio": 0.5993985967,
    "researchAndDevelopmentExpenses": 0,
    "generalAndAdministrativeExpenses": 0,
    "sellingAndMarketingExpenses": 0,
    "sellingGeneralAndAdministrativeExpenses": 0,
    "otherExpenses": 1396000000,
    "operatingExpenses": 1396000000,
    "costAndExpenses": 2595000000,
    "interestIncome": 1000000,
    "interestExpense": 153000000,
    "depreciationAndAmortization": 219000000,
    "ebitda": 623000000,
    "ebitdaratio": 0.2081523555,
    "operatingIncome": 398000000,
    "operatingIncomeRatio": 0.1329769462,
    "totalOtherIncomeExpensesNet": -147000000,
    "incomeBeforeTax": 251000000,
    "incomeBeforeTaxRatio": 0.0838623455,
    "incomeTaxExpense": 83000000,
    "netIncome": 165000000,
    "netIncomeRatio": 0.0551286335,
    "eps": 0.57,
    "epsdiluted": 0.56,
    "weightedAverageShsOut": 292700000,
    "weightedAverageShsOutDil": 294300000,
    "link": "https://www.sec.gov/Archives/edgar/data/1047862/000119312511210638/0001193125-11-210638-index.htm",
    "finalLink": "https://www.sec.gov/Archives/edgar/data/23632/000119312511210638/d10q.htm"
  },
  {
    "date": "2011-03-31",
    "symbol": "ED",
    "reportedCurrency": "USD",
    "cik": "0001047862",
    "fillingDate": "2011-05-05",
    "acceptedDate": "2011-05-05 16:56:16",
    "calendarYear": "2011",
    "period": "Q1",
    "revenue": 3349000000,
    "costOfRevenue": 1349000000,
    "grossProfit": 2000000000,
    "grossProfitRatio": 0.597193192,
    "researchAndDevelopmentExpenses": 0,
    "generalAndAdministrativeExpenses": 0,
    "sellingAndMarketingExpenses": 0,
    "sellingGeneralAndAdministrativeExpenses": 0,
    "otherExpenses": 1374000000,
    "operatingExpenses": 1374000000,
    "costAndExpenses": 2723000000,
    "interestIncome": 2000000,
    "interestExpense": 154000000,
    "depreciationAndAmortization": 218000000,
    "ebitda": 855000000,
    "ebitdaratio": 0.2553000896,
    "operatingIncome": 626000000,
    "operatingIncomeRatio": 0.1869214691,
    "totalOtherIncomeExpensesNet": -143000000,
    "incomeBeforeTax": 483000000,
    "incomeBeforeTaxRatio": 0.1442221559,
    "incomeTaxExpense": 169000000,
    "netIncome": 311000000,
    "netIncomeRatio": 0.0928635414,
    "eps": 1.07,
    "epsdiluted": 1.06,
    "weightedAverageShsOut": 292000000,
    "weightedAverageShsOutDil": 293600000,
    "link": "https://www.sec.gov/Archives/edgar/data/1047862/000119312511128674/0001193125-11-128674-index.htm",
    "finalLink": "https://www.sec.gov/Archives/edgar/data/23632/000119312511128674/d10q.htm"
  },
  {
    "date": "2010-12-31",
    "symbol": "ED",
    "reportedCurrency": "USD",
    "cik": "0001047862",
    "fillingDate": "2011-02-22",
    "acceptedDate": "2011-02-22 16:07:08",
    "calendarYear": "2010",
    "period": "Q4",
    "revenue": 3140000000,
    "costOfRevenue": 1200000000,
    "grossProfit": 1940000000,
    "grossProfitRatio": 0.6178343949,
    "researchAndDevelopmentExpenses": 0,
    "generalAndAdministrativeExpenses": 0,
    "sellingAndMarketingExpenses": 0,
    "sellingGeneralAndAdministrativeExpenses": 0,
    "otherExpenses": 1447000000,
    "operatingExpenses": 1447000000,
    "costAndExpenses": 2647000000,
    "interestIncome": 0,
    "interestExpense": 153000000,
    "depreciationAndAmortization": 214000000,
    "ebitda": 707000000,
    "ebitdaratio": 0.2251592357,
    "operatingIncome": 493000000,
    "operatingIncomeRatio": 0.1570063694,
    "totalOtherIncomeExpensesNet": -143000000,
    "incomeBeforeTax": 350000000,
    "incomeBeforeTaxRatio": 0.1114649682,
    "incomeTaxExpense": 115000000,
    "netIncome": 233000000,
    "netIncomeRatio": 0.0742038217,
    "eps": 0.8,
    "epsdiluted": 0.8,
    "weightedAverageShsOut": 290600000,
    "weightedAverageShsOutDil": 292000000,
    "link": "https://www.sec.gov/Archives/edgar/data/1047862/000119312511042145/0001193125-11-042145-index.htm",
    "finalLink": "https://www.sec.gov/Archives/edgar/data/23632/000119312511042145/d10k.htm"
  },
  {
    "date": "2010-09-30",
    "symbol": "ED",
    "reportedCurrency": "USD",
    "cik": "0001047862",
    "fillingDate": "2010-11-01",
    "acceptedDate": "2010-11-01 09:46:58",
    "calendarYear": "2010",
    "period": "Q3",
    "revenue": 3707000000,
    "costOfRevenue": 1604000000,
    "grossProfit": 2103000000,
    "grossProfitRatio": 0.5673050985,
    "researchAndDevelopmentExpenses": 0,
    "generalAndAdministrativeExpenses": 0,
    "sellingAndMarketingExpenses": 0,
    "sellingGeneralAndAdministrativeExpenses": 0,
    "otherExpenses": 1398000000,
    "operatingExpenses": 1398000000,
    "costAndExpenses": 3002000000,
    "interestIncome": 2000000,
    "interestExpense": 159000000,
    "depreciationAndAmortization": 211000000,
    "ebitda": 928000000,
    "ebitdaratio": 0.2503371999,
    "operatingIncome": 705000000,
    "operatingIncomeRatio": 0.1901807391,
    "totalOtherIncomeExpensesNet": -147000000,
    "incomeBeforeTax": 558000000,
    "incomeBeforeTaxRatio": 0.1505260318,
    "incomeTaxExpense": 205000000,
    "netIncome": 350000000,
    "netIncomeRatio": 0.0944159698,
    "eps": 1.24,
    "epsdiluted": 1.23,
    "weightedAverageShsOut": 283000000,
    "weightedAverageShsOutDil": 284600000,
    "link": "https://www.sec.gov/Archives/edgar/data/1047862/000119312510242050/0001193125-10-242050-index.htm",
    "finalLink": "https://www.sec.gov/Archives/edgar/data/23632/000119312510242050/d10q.htm"
  },
  {
    "date": "2010-06-30",
    "symbol": "ED",
    "reportedCurrency": "USD",
    "cik": "0001047862",
    "fillingDate": "2010-08-06",
    "acceptedDate": "2010-08-06 11:03:56",
    "calendarYear": "2010",
    "period": "Q2",
    "revenue": 3017000000,
    "costOfRevenue": 1294000000,
    "grossProfit": 1723000000,
    "grossProfitRatio": 0.5710971163,
    "researchAndDevelopmentExpenses": 0,
    "generalAndAdministrativeExpenses": 0,
    "sellingAndMarketingExpenses": 0,
    "sellingGeneralAndAdministrativeExpenses": 0,
    "otherExpenses": 1294000000,
    "operatingExpenses": 1294000000,
    "costAndExpenses": 2588000000,
    "interestIncome": 3000000,
    "interestExpense": 152000000,
    "depreciationAndAmortization": 211000000,
    "ebitda": 655000000,
    "ebitdaratio": 0.2171030825,
    "operatingIncome": 429000000,
    "operatingIncomeRatio": 0.1421942327,
    "totalOtherIncomeExpensesNet": -137000000,
    "incomeBeforeTax": 292000000,
    "incomeBeforeTaxRatio": 0.0967848856,
    "incomeTaxExpense": 106000000,
    "netIncome": 183000000,
    "netIncomeRatio": 0.0606562811,
    "eps": 0.65,
    "epsdiluted": 0.64,
    "weightedAverageShsOut": 282000000,
    "weightedAverageShsOutDil": 283500000,
    "link": "https://www.sec.gov/Archives/edgar/data/1047862/000119312510180706/0001193125-10-180706-index.htm",
    "finalLink": "https://www.sec.gov/Archives/edgar/data/23632/000119312510180706/d10q.htm"
  },
  {
    "date": "2010-03-31",
    "symbol": "ED",
    "reportedCurrency": "USD",
    "cik": "0001047862",
    "fillingDate": "2010-05-06",
    "acceptedDate": "2010-05-06 17:23:38",
    "calendarYear": "2010",
    "period": "Q1",
    "revenue": 3462000000,
    "costOfRevenue": 1636000000,
    "grossProfit": 1826000000,
    "grossProfitRatio": 0.5274407857,
    "researchAndDevelopmentExpenses": 0,
    "generalAndAdministrativeExpenses": 0,
    "sellingAndMarketingExpenses": 0,
    "sellingGeneralAndAdministrativeExpenses": 0,
    "otherExpenses": 1334000000,
    "operatingExpenses": 1334000000,
    "costAndExpenses": 2970000000,
    "interestIncome": 0,
    "interestExpense": 149000000,
    "depreciationAndAmortization": 204000000,
    "ebitda": 704000000,
    "ebitdaratio": 0.2033506644,
    "operatingIncome": 492000000,
    "operatingIncomeRatio": 0.1421143847,
    "totalOtherIncomeExpensesNet": -141000000,
    "incomeBeforeTax": 351000000,
    "incomeBeforeTaxRatio": 0.1013864818,
    "incomeTaxExpense": 122000000,
    "netIncome": 226000000,
    "netIncomeRatio": 0.0652801849,
    "eps": 0.8,
    "epsdiluted": 0.8,
    "weightedAverageShsOut": 281400000,
    "weightedAverageShsOutDil": 282700000,
    "link": "https://www.sec.gov/Archives/edgar/data/1047862/000119312510111161/0001193125-10-111161-index.htm",
    "finalLink": "https://www.sec.gov/Archives/edgar/data/23632/000119312510111161/d10q.htm"
  },
  {
    "date": "2009-12-31",
    "symbol": "ED",
    "reportedCurrency": "USD",
    "cik": "0001047862",
    "fillingDate": "2010-02-22",
    "acceptedDate": "2010-02-22 13:23:02",
    "calendarYear": "2009",
    "period": "Q4",
    "revenue": 3274000000,
    "costOfRevenue": 1573000000,
    "grossProfit": 1701000000,
    "grossProfitRatio": 0.5195479536,
    "researchAndDevelopmentExpenses": 0,
    "generalAndAdministrativeExpenses": 0,
    "sellingAndMarketingExpenses": 0,
    "sellingGeneralAndAdministrativeExpenses": 0,
    "otherExpenses": 900000000,
    "operatingExpenses": 900000000,
    "costAndExpenses": 2473000000,
    "interestIncome": 0,
    "interestExpense": 156000000,
    "depreciationAndAmortization": 202000000,
    "ebitda": 1034000000,
    "ebitdaratio": 0.3158216249,
    "operatingIncome": 801000000,
    "operatingIncomeRatio": 0.2446548564,
    "totalOtherIncomeExpensesNet": -1000000,
    "incomeBeforeTax": 1319000000,
    "incomeBeforeTaxRatio": 0.4028711057,
    "incomeTaxExpense": 440000000,
    "netIncome": 202000000,
    "netIncomeRatio": 0.0616982285,
    "eps": 0.72,
    "epsdiluted": 0.72,
    "weightedAverageShsOut": 277300000,
    "weightedAverageShsOutDil": 281400000,
    "link": "https://www.sec.gov/Archives/edgar/data/1047862/000119312510036116/0001193125-10-036116-index.htm",
    "finalLink": "https://www.sec.gov/Archives/edgar/data/23632/000119312510036116/d10k.htm"
  },
  {
    "date": "2009-09-30",
    "symbol": "ED",
    "reportedCurrency": "USD",
    "cik": "0001047862",
    "fillingDate": "2009-11-02",
    "acceptedDate": "2009-11-02 10:44:19",
    "calendarYear": "2009",
    "period": "Q3",
    "revenue": 3489000000,
    "costOfRevenue": 1510000000,
    "grossProfit": 1979000000,
    "grossProfitRatio": 0.5672112353,
    "researchAndDevelopmentExpenses": 0,
    "generalAndAdministrativeExpenses": 0,
    "sellingAndMarketingExpenses": 0,
    "sellingGeneralAndAdministrativeExpenses": 0,
    "otherExpenses": 1495000000,
    "operatingExpenses": 1495000000,
    "costAndExpenses": 3005000000,
    "interestIncome": 0,
    "interestExpense": 155000000,
    "depreciationAndAmortization": 200000000,
    "ebitda": 889000000,
    "ebitdaratio": 0.2548008025,
    "operatingIncome": 484000000,
    "operatingIncomeRatio": 0.1387216968,
    "totalOtherIncomeExpensesNet": -346000000,
    "incomeBeforeTax": 339000000,
    "incomeBeforeTaxRatio": 0.0971625107,
    "incomeTaxExpense": 145000000,
    "netIncome": 336000000,
    "netIncomeRatio": 0.0963026655,
    "eps": 1.22,
    "epsdiluted": 1.22,
    "weightedAverageShsOut": 275100000,
    "weightedAverageShsOutDil": 276000000,
    "link": "https://www.sec.gov/Archives/edgar/data/1047862/000119312509219909/0001193125-09-219909-index.htm",
    "finalLink": "https://www.sec.gov/Archives/edgar/data/23632/000119312509219909/d10q.htm"
  },
  {
    "date": "2009-06-30",
    "symbol": "ED",
    "reportedCurrency": "USD",
    "cik": "0001047862",
    "fillingDate": "2009-08-04",
    "acceptedDate": "2009-08-04 13:44:00",
    "calendarYear": "2009",
    "period": "Q2",
    "revenue": 2845000000,
    "costOfRevenue": 1287000000,
    "grossProfit": 1558000000,
    "grossProfitRatio": 0.5476274165,
    "researchAndDevelopmentExpenses": 0,
    "generalAndAdministrativeExpenses": 0,
    "sellingAndMarketingExpenses": 0,
    "sellingGeneralAndAdministrativeExpenses": 0,
    "otherExpenses": 1264000000,
    "operatingExpenses": 1264000000,
    "costAndExpenses": 2551000000,
    "interestIncome": 0,
    "interestExpense": 157000000,
    "depreciationAndAmortization": 197000000,
    "ebitda": 477000000,
    "ebitdaratio": 0.1676625659,
    "operatingIncome": 294000000,
    "operatingIncomeRatio": 0.1033391916,
    "totalOtherIncomeExpensesNet": -61000000,
    "incomeBeforeTax": 153000000,
    "incomeBeforeTaxRatio": 0.0537785589,
    "incomeTaxExpense": 141000000,
    "netIncome": 150000000,
    "netIncomeRatio": 0.0527240773,
    "eps": 0.55,
    "epsdiluted": 0.55,
    "weightedAverageShsOut": 274500000,
    "weightedAverageShsOutDil": 275300000,
    "link": "https://www.sec.gov/Archives/edgar/data/1047862/000119312509163543/0001193125-09-163543-index.htm",
    "finalLink": "https://www.sec.gov/Archives/edgar/data/23632/000119312509163543/d10q.htm"
  },
  {
    "date": "2009-03-31",
    "symbol": "ED",
    "reportedCurrency": "USD",
    "cik": "0001047862",
    "fillingDate": "2009-05-01",
    "acceptedDate": "2009-05-01 13:33:24",
    "calendarYear": "2009",
    "period": "Q1",
    "revenue": 3423000000,
    "costOfRevenue": 1872000000,
    "grossProfit": 1551000000,
    "grossProfitRatio": 0.4531113059,
    "researchAndDevelopmentExpenses": 0,
    "generalAndAdministrativeExpenses": 0,
    "sellingAndMarketingExpenses": 0,
    "sellingGeneralAndAdministrativeExpenses": 0,
    "otherExpenses": 1232000000,
    "operatingExpenses": 1232000000,
    "costAndExpenses": 3104000000,
    "interestIncome": 0,
    "interestExpense": 146000000,
    "depreciationAndAmortization": 192000000,
    "ebitda": 615000000,
    "ebitdaratio": 0.1796669588,
    "operatingIncome": 319000000,
    "operatingIncomeRatio": 0.0931931055,
    "totalOtherIncomeExpensesNet": -42000000,
    "incomeBeforeTax": 183000000,
    "incomeBeforeTaxRatio": 0.0534618755,
    "incomeTaxExpense": 136000000,
    "netIncome": 180000000,
    "netIncomeRatio": 0.0525854514,
    "eps": 0.66,
    "epsdiluted": 0.66,
    "weightedAverageShsOut": 273900000,
    "weightedAverageShsOutDil": 274500000,
    "link": "https://www.sec.gov/Archives/edgar/data/1047862/000119312509095897/0001193125-09-095897-index.htm",
    "finalLink": "https://www.sec.gov/Archives/edgar/data/23632/000119312509095897/d10q.htm"
  },
  {
    "date": "2008-12-31",
    "symbol": "ED",
    "reportedCurrency": "USD",
    "cik": "0001047862",
    "fillingDate": "2009-02-23",
    "acceptedDate": "2009-02-23 14:19:56",
    "calendarYear": "2008",
    "period": "Q4",
    "revenue": 2999000000,
    "costOfRevenue": 1540000000,
    "grossProfit": 1459000000,
    "grossProfitRatio": 0.4864954985,
    "researchAndDevelopmentExpenses": 0,
    "generalAndAdministrativeExpenses": 0,
    "sellingAndMarketingExpenses": 0,
    "sellingGeneralAndAdministrativeExpenses": 0,
    "otherExpenses": 1077000000,
    "operatingExpenses": 1077000000,
    "costAndExpenses": 2617000000,
    "interestIncome": 0,
    "interestExpense": 0,
    "depreciationAndAmortization": 186000000,
    "ebitda": 568000000,
    "ebitdaratio": 0.1893964655,
    "operatingIncome": 382000000,
    "operatingIncomeRatio": 0.1273757919,
    "totalOtherIncomeExpensesNet": -144000000,
    "incomeBeforeTax": 238000000,
    "incomeBeforeTaxRatio": 0.0793597866,
    "incomeTaxExpense": 78000000,
    "netIncome": 160000000,
    "netIncomeRatio": 0.053351117,
    "eps": 0.58,
    "epsdiluted": 0.58,
    "weightedAverageShsOut": 273500000,
    "weightedAverageShsOutDil": 273900000,
    "link": "https://www.sec.gov/Archives/edgar/data/1047862/000119312509034924/0001193125-09-034924-index.htm",
    "finalLink": "https://www.sec.gov/Archives/edgar/data/23632/000119312509034924/d10k.htm"
  },
  {
    "date": "2008-09-30",
    "symbol": "ED",
    "reportedCurrency": "USD",
    "cik": "0001047862",
    "fillingDate": "2008-11-07",
    "acceptedDate": "2008-11-07 16:29:42",
    "calendarYear": "2008",
    "period": "Q3",
    "revenue": 3858000000,
    "costOfRevenue": 2327000000,
    "grossProfit": 1531000000,
    "grossProfitRatio": 0.3968377398,
    "researchAndDevelopmentExpenses": 0,
    "generalAndAdministrativeExpenses": 0,
    "sellingAndMarketingExpenses": 0,
    "sellingGeneralAndAdministrativeExpenses": 0,
    "otherExpenses": 1129000000,
    "operatingExpenses": 1129000000,
    "costAndExpenses": 3456000000,
    "interestIncome": 0,
    "interestExpense": 139000000,
    "depreciationAndAmortization": 184000000,
    "ebitda": 494000000,
    "ebitdaratio": 0.1280456195,
    "operatingIncome": 402000000,
    "operatingIncomeRatio": 0.1041990669,
    "totalOtherIncomeExpensesNet": -41000000,
    "incomeBeforeTax": 270000000,
    "incomeBeforeTaxRatio": 0.0699844479,
    "incomeTaxExpense": 88000000,
    "netIncome": 182000000,
    "netIncomeRatio": 0.0471747019,
    "eps": 0.66,
    "epsdiluted": 0.66,
    "weightedAverageShsOut": 273200000,
    "weightedAverageShsOutDil": 273800000,
    "link": "https://www.sec.gov/Archives/edgar/data/1047862/000119312508230068/0001193125-08-230068-index.htm",
    "finalLink": "https://www.sec.gov/Archives/edgar/data/23632/000119312508230068/d10q.htm"
  },
  {
    "date": "2008-06-30",
    "symbol": "ED",
    "reportedCurrency": "USD",
    "cik": "0001047862",
    "fillingDate": "2008-08-07",
    "acceptedDate": "2008-08-07 12:30:56",
    "calendarYear": "2008",
    "period": "Q2",
    "revenue": 3149000000,
    "costOfRevenue": 1729000000,
    "grossProfit": 1420000000,
    "grossProfitRatio": 0.4509368053,
    "researchAndDevelopmentExpenses": 0,
    "generalAndAdministrativeExpenses": 0,
    "sellingAndMarketingExpenses": 0,
    "sellingGeneralAndAdministrativeExpenses": 0,
    "otherExpenses": 1082000000,
    "operatingExpenses": 1082000000,
    "costAndExpenses": 2811000000,
    "interestIncome": 0,
    "interestExpense": 128000000,
    "depreciationAndAmortization": 250000000,
    "ebitda": 330000000,
    "ebitdaratio": 0.1047951731,
    "operatingIncome": 338000000,
    "operatingIncomeRatio": 0.1073356621,
    "totalOtherIncomeExpensesNet": 172000000,
    "incomeBeforeTax": 510000000,
    "incomeBeforeTaxRatio": 0.1619561766,
    "incomeTaxExpense": 208000000,
    "netIncome": 552000000,
    "netIncomeRatio": 0.175293744,
    "eps": 2.02,
    "epsdiluted": 2.02,
    "weightedAverageShsOut": 272700000,
    "weightedAverageShsOutDil": 273500000,
    "link": "https://www.sec.gov/Archives/edgar/data/1047862/000119312508169706/0001193125-08-169706-index.htm",
    "finalLink": "https://www.sec.gov/Archives/edgar/data/23632/000119312508169706/d10q.htm"
  },
  {
    "date": "2008-03-31",
    "symbol": "ED",
    "reportedCurrency": "USD",
    "cik": "0001047862",
    "fillingDate": "2008-05-02",
    "acceptedDate": "2008-05-02 11:50:34",
    "calendarYear": "2008",
    "period": "Q1",
    "revenue": 3577000000,
    "costOfRevenue": 1989000000,
    "grossProfit": 1588000000,
    "grossProfitRatio": 0.443947442,
    "researchAndDevelopmentExpenses": 0,
    "generalAndAdministrativeExpenses": 0,
    "sellingAndMarketingExpenses": 0,
    "sellingGeneralAndAdministrativeExpenses": 0,
    "otherExpenses": 1051000000,
    "operatingExpenses": 1051000000,
    "costAndExpenses": 3040000000,
    "interestIncome": 0,
    "interestExpense": 126000000,
    "depreciationAndAmortization": 97000000,
    "ebitda": 555000000,
    "ebitdaratio": 0.1551579536,
    "operatingIncome": 537000000,
    "operatingIncomeRatio": 0.1501258037,
    "totalOtherIncomeExpensesNet": -74000000,
    "incomeBeforeTax": 463000000,
    "incomeBeforeTaxRatio": 0.1294380766,
    "incomeTaxExpense": 163000000,
    "netIncome": 303000000,
    "netIncomeRatio": 0.0847078557,
    "eps": 1.11,
    "epsdiluted": 1.11,
    "weightedAverageShsOut": 272200000,
    "weightedAverageShsOutDil": 273000000,
    "link": "https://www.sec.gov/Archives/edgar/data/1047862/000119312508100302/0001193125-08-100302-index.htm",
    "finalLink": "https://www.sec.gov/Archives/edgar/data/23632/000119312508100302/d10q.htm"
  },
  {
    "date": "2007-12-31",
    "symbol": "ED",
    "reportedCurrency": "USD",
    "cik": "0001047862",
    "fillingDate": "2008-02-22",
    "acceptedDate": "2008-02-22 13:52:18",
    "calendarYear": "2007",
    "period": "Q4",
    "revenue": 3029000000,
    "costOfRevenue": 1630000000,
    "grossProfit": 1399000000,
    "grossProfitRatio": 0.4618686035,
    "researchAndDevelopmentExpenses": 0,
    "generalAndAdministrativeExpenses": 0,
    "sellingAndMarketingExpenses": 0,
    "sellingGeneralAndAdministrativeExpenses": 0,
    "otherExpenses": 1003000000,
    "operatingExpenses": 1003000000,
    "costAndExpenses": 2633000000,
    "interestIncome": 0,
    "interestExpense": 0,
    "depreciationAndAmortization": 402000000,
    "ebitda": 798000000,
    "ebitdaratio": 0.2634532849,
    "operatingIncome": 396000000,
    "operatingIncomeRatio": 0.1307362166,
    "totalOtherIncomeExpensesNet": -100000000,
    "incomeBeforeTax": 296000000,
    "incomeBeforeTaxRatio": 0.0977220205,
    "incomeTaxExpense": 93000000,
    "netIncome": 207000000,
    "netIncomeRatio": 0.0683393859,
    "eps": 0.76,
    "epsdiluted": 0.76,
    "weightedAverageShsOut": 271400000,
    "weightedAverageShsOutDil": 272200000,
    "link": "https://www.sec.gov/Archives/edgar/data/1047862/000119312508036146/0001193125-08-036146-index.htm",
    "finalLink": "https://www.sec.gov/Archives/edgar/data/23632/000119312508036146/d10k.htm"
  },
  {
    "date": "2007-09-30",
    "symbol": "ED",
    "reportedCurrency": "USD",
    "cik": "0001047862",
    "fillingDate": "2007-11-01",
    "acceptedDate": "2007-11-01 16:56:26",
    "calendarYear": "2007",
    "period": "Q3",
    "revenue": 3643000000,
    "costOfRevenue": 2021000000,
    "grossProfit": 1622000000,
    "grossProfitRatio": 0.4452374417,
    "researchAndDevelopmentExpenses": 0,
    "generalAndAdministrativeExpenses": 0,
    "sellingAndMarketingExpenses": 0,
    "sellingGeneralAndAdministrativeExpenses": 0,
    "otherExpenses": 1064000000,
    "operatingExpenses": 1064000000,
    "costAndExpenses": 3085000000,
    "interestIncome": 0,
    "interestExpense": 0,
    "depreciationAndAmortization": 188000000,
    "ebitda": 728000000,
    "ebitdaratio": 0.1998353006,
    "operatingIncome": 558000000,
    "operatingIncomeRatio": 0.1531704639,
    "totalOtherIncomeExpensesNet": -124000000,
    "incomeBeforeTax": 436000000,
    "incomeBeforeTaxRatio": 0.1196815811,
    "incomeTaxExpense": 124000000,
    "netIncome": 310000000,
    "netIncomeRatio": 0.0850947022,
    "eps": 1.15,
    "epsdiluted": 1.15,
    "weightedAverageShsOut": 271000000,
    "weightedAverageShsOutDil": 272000000,
    "link": "https://www.sec.gov/Archives/edgar/data/1047862/000119312507232615/0001193125-07-232615-index.htm",
    "finalLink": "https://www.sec.gov/Archives/edgar/data/23632/000119312507232615/d10q.htm"
  },
  {
    "date": "2007-06-30",
    "symbol": "ED",
    "reportedCurrency": "USD",
    "cik": "0001047862",
    "fillingDate": "2007-08-02",
    "acceptedDate": "2007-08-02 09:37:54",
    "calendarYear": "2007",
    "period": "Q2",
    "revenue": 3029000000,
    "costOfRevenue": 1682000000,
    "grossProfit": 1347000000,
    "grossProfitRatio": 0.4447012215,
    "researchAndDevelopmentExpenses": 0,
    "generalAndAdministrativeExpenses": 0,
    "sellingAndMarketingExpenses": 0,
    "sellingGeneralAndAdministrativeExpenses": 0,
    "otherExpenses": 989000000,
    "operatingExpenses": 989000000,
    "costAndExpenses": 2671000000,
    "interestIncome": 0,
    "interestExpense": 0,
    "depreciationAndAmortization": -87000000,
    "ebitda": 447000000,
    "ebitdaratio": 0.1475734566,
    "operatingIncome": 358000000,
    "operatingIncomeRatio": 0.1181908221,
    "totalOtherIncomeExpensesNet": -136000000,
    "incomeBeforeTax": 227000000,
    "incomeBeforeTaxRatio": 0.0749422252,
    "incomeTaxExpense": 73000000,
    "netIncome": 154000000,
    "netIncomeRatio": 0.050841862,
    "eps": 0.58,
    "epsdiluted": 0.58,
    "weightedAverageShsOut": 264900000,
    "weightedAverageShsOutDil": 266200000,
    "link": "https://www.sec.gov/Archives/edgar/data/1047862/000119312507168958/0001193125-07-168958-index.htm",
    "finalLink": "https://www.sec.gov/Archives/edgar/data/23632/000119312507168958/d10q.htm"
  },
  {
    "date": "2007-03-31",
    "symbol": "ED",
    "reportedCurrency": "USD",
    "cik": "0001047862",
    "fillingDate": "2007-05-10",
    "acceptedDate": "2007-05-10 09:57:01",
    "calendarYear": "2007",
    "period": "Q1",
    "revenue": 3418000000,
    "costOfRevenue": 1891000000,
    "grossProfit": 1527000000,
    "grossProfitRatio": 0.4467524868,
    "researchAndDevelopmentExpenses": 0,
    "generalAndAdministrativeExpenses": 0,
    "sellingAndMarketingExpenses": 0,
    "sellingGeneralAndAdministrativeExpenses": 0,
    "otherExpenses": 992000000,
    "operatingExpenses": 992000000,
    "costAndExpenses": 2883000000,
    "interestIncome": 0,
    "interestExpense": 0,
    "depreciationAndAmortization": 164000000,
    "ebitda": 688000000,
    "ebitdaratio": 0.2012873025,
    "operatingIncome": 535000000,
    "operatingIncomeRatio": 0.1565242832,
    "totalOtherIncomeExpensesNet": -124000000,
    "incomeBeforeTax": 401000000,
    "incomeBeforeTaxRatio": 0.1173200702,
    "incomeTaxExpense": 145000000,
    "netIncome": 256000000,
    "netIncomeRatio": 0.0748976009,
    "eps": 0.99,
    "epsdiluted": 0.99,
    "weightedAverageShsOut": 258000000,
    "weightedAverageShsOutDil": 259100000,
    "link": "https://www.sec.gov/Archives/edgar/data/1047862/000119312507109442/0001193125-07-109442-index.htm",
    "finalLink": "https://www.sec.gov/Archives/edgar/data/23632/000119312507109442/d10q.htm"
  },
  {
    "date": "2006-12-31",
    "symbol": "ED",
    "reportedCurrency": "USD",
    "cik": "0001047862",
    "fillingDate": "2007-02-21",
    "acceptedDate": "2007-02-21 17:13:36",
    "calendarYear": "2006",
    "period": "Q4",
    "revenue": 2823000000,
    "costOfRevenue": 1460000000,
    "grossProfit": 1363000000,
    "grossProfitRatio": 0.4828196954,
    "researchAndDevelopmentExpenses": 0,
    "generalAndAdministrativeExpenses": 0,
    "sellingAndMarketingExpenses": 0,
    "sellingGeneralAndAdministrativeExpenses": 0,
    "otherExpenses": 937000000,
    "operatingExpenses": 937000000,
    "costAndExpenses": 2397000000,
    "interestIncome": 0,
    "interestExpense": 0,
    "depreciationAndAmortization": 161000000,
    "ebitda": 587000000,
    "ebitdaratio": 0.2079348211,
    "operatingIncome": 426000000,
    "operatingIncomeRatio": 0.1509032944,
    "totalOtherIncomeExpensesNet": -135000000,
    "incomeBeforeTax": 291000000,
    "incomeBeforeTaxRatio": 0.1030818278,
    "incomeTaxExpense": 90000000,
    "netIncome": 201000000,
    "netIncomeRatio": 0.0712008502,
    "eps": 0.78,
    "epsdiluted": 0.78,
    "weightedAverageShsOut": 256200000,
    "weightedAverageShsOutDil": 258000000,
    "link": "https://www.sec.gov/Archives/edgar/data/1047862/000119312507036143/0001193125-07-036143-index.htm",
    "finalLink": "https://www.sec.gov/Archives/edgar/data/23632/000119312507036143/d10k.htm"
  },
  {
    "date": "2006-09-30",
    "symbol": "ED",
    "reportedCurrency": "USD",
    "cik": "0001047862",
    "fillingDate": "2006-11-02",
    "acceptedDate": "2006-11-02 17:18:15",
    "calendarYear": "2006",
    "period": "Q3",
    "revenue": 3441000000,
    "costOfRevenue": 1887000000,
    "grossProfit": 1554000000,
    "grossProfitRatio": 0.4516129032,
    "researchAndDevelopmentExpenses": 0,
    "generalAndAdministrativeExpenses": 0,
    "sellingAndMarketingExpenses": 0,
    "sellingGeneralAndAdministrativeExpenses": 0,
    "otherExpenses": 1039000000,
    "operatingExpenses": 1039000000,
    "costAndExpenses": 2926000000,
    "interestIncome": 0,
    "interestExpense": 0,
    "depreciationAndAmortization": 292000000,
    "ebitda": 807000000,
    "ebitdaratio": 0.2345248474,
    "operatingIncome": 515000000,
    "operatingIncomeRatio": 0.1496657948,
    "totalOtherIncomeExpensesNet": -15000000,
    "incomeBeforeTax": 360000000,
    "incomeBeforeTaxRatio": 0.1046207498,
    "incomeTaxExpense": 129000000,
    "netIncome": 231000000,
    "netIncomeRatio": 0.0671316478,
    "eps": 0.93,
    "epsdiluted": 0.92,
    "weightedAverageShsOut": 249000000,
    "weightedAverageShsOutDil": 250000000,
    "link": "https://www.sec.gov/Archives/edgar/data/1047862/000119312506222271/0001193125-06-222271-index.htm",
    "finalLink": "https://www.sec.gov/Archives/edgar/data/23632/000119312506222271/d10q.htm"
  },
  {
    "date": "2006-06-30",
    "symbol": "ED",
    "reportedCurrency": "USD",
    "cik": "0001047862",
    "fillingDate": "2006-08-03",
    "acceptedDate": "2006-08-03 11:49:59",
    "calendarYear": "2006",
    "period": "Q2",
    "revenue": 2555000000,
    "costOfRevenue": 1353000000,
    "grossProfit": 1202000000,
    "grossProfitRatio": 0.4704500978,
    "researchAndDevelopmentExpenses": 0,
    "generalAndAdministrativeExpenses": 0,
    "sellingAndMarketingExpenses": 0,
    "sellingGeneralAndAdministrativeExpenses": 0,
    "otherExpenses": 889000000,
    "operatingExpenses": 889000000,
    "costAndExpenses": 2242000000,
    "interestIncome": 0,
    "interestExpense": 0,
    "depreciationAndAmortization": 67000000,
    "ebitda": 462000000,
    "ebitdaratio": 0.1808219178,
    "operatingIncome": 313000000,
    "operatingIncomeRatio": 0.1225048924,
    "totalOtherIncomeExpensesNet": -128000000,
    "incomeBeforeTax": 185000000,
    "incomeBeforeTaxRatio": 0.072407045,
    "incomeTaxExpense": 59000000,
    "netIncome": 124000000,
    "netIncomeRatio": 0.0485322896,
    "eps": 0.5,
    "epsdiluted": 0.5,
    "weightedAverageShsOut": 245900000,
    "weightedAverageShsOutDil": 246700000,
    "link": "https://www.sec.gov/Archives/edgar/data/1047862/000119312506160534/0001193125-06-160534-index.htm",
    "finalLink": "https://www.sec.gov/Archives/edgar/data/23632/000119312506160534/d10q.htm"
  },
  {
    "date": "2006-03-31",
    "symbol": "ED",
    "reportedCurrency": "USD",
    "cik": "0001047862",
    "fillingDate": "2006-05-03",
    "acceptedDate": "2006-05-03 17:13:57",
    "calendarYear": "2006",
    "period": "Q1",
    "revenue": 3317000000,
    "costOfRevenue": 1995000000,
    "grossProfit": 1322000000,
    "grossProfitRatio": 0.3985529093,
    "researchAndDevelopmentExpenses": 0,
    "generalAndAdministrativeExpenses": 0,
    "sellingAndMarketingExpenses": 0,
    "sellingGeneralAndAdministrativeExpenses": 0,
    "otherExpenses": 909000000,
    "operatingExpenses": 909000000,
    "costAndExpenses": 2904000000,
    "interestIncome": 0,
    "interestExpense": 0,
    "depreciationAndAmortization": 101000000,
    "ebitda": 551000000,
    "ebitdaratio": 0.1661139584,
    "operatingIncome": 413000000,
    "operatingIncomeRatio": 0.1245100995,
    "totalOtherIncomeExpensesNet": -120000000,
    "incomeBeforeTax": 293000000,
    "incomeBeforeTaxRatio": 0.0883328309,
    "incomeTaxExpense": 113000000,
    "netIncome": 181000000,
    "netIncomeRatio": 0.0545673802,
    "eps": 0.74,
    "epsdiluted": 0.74,
    "weightedAverageShsOut": 245500000,
    "weightedAverageShsOutDil": 246500000,
    "link": "https://www.sec.gov/Archives/edgar/data/1047862/000119312506098610/0001193125-06-098610-index.htm",
    "finalLink": "https://www.sec.gov/Archives/edgar/data/23632/000119312506098610/d10q.htm"
  },
  {
    "date": "2005-12-31",
    "symbol": "ED",
    "reportedCurrency": "USD",
    "cik": "0001047862",
    "fillingDate": "2006-02-22",
    "acceptedDate": "2006-02-22 17:08:47",
    "calendarYear": "2005",
    "period": "Q4",
    "revenue": 3108000000,
    "costOfRevenue": 1928000000,
    "grossProfit": 1180000000,
    "grossProfitRatio": 0.3796653797,
    "researchAndDevelopmentExpenses": 0,
    "generalAndAdministrativeExpenses": 0,
    "sellingAndMarketingExpenses": 0,
    "sellingGeneralAndAdministrativeExpenses": 0,
    "otherExpenses": 907000000,
    "operatingExpenses": 907000000,
    "costAndExpenses": 2835000000,
    "interestIncome": 0,
    "interestExpense": 0,
    "depreciationAndAmortization": 150000000,
    "ebitda": 423000000,
    "ebitdaratio": 0.1361003861,
    "operatingIncome": 273000000,
    "operatingIncomeRatio": 0.0878378378,
    "totalOtherIncomeExpensesNet": -98000000,
    "incomeBeforeTax": 175000000,
    "incomeBeforeTaxRatio": 0.0563063063,
    "incomeTaxExpense": 29000000,
    "netIncome": 138000000,
    "netIncomeRatio": 0.0444015444,
    "eps": 0.56,
    "epsdiluted": 0.56,
    "weightedAverageShsOut": 245100000,
    "weightedAverageShsOutDil": 245500000,
    "link": "https://www.sec.gov/Archives/edgar/data/1047862/000119312506036760/0001193125-06-036760-index.htm",
    "finalLink": "https://www.sec.gov/Archives/edgar/data/23632/000119312506036760/d10k.htm"
  },
  {
    "date": "2005-09-30",
    "symbol": "ED",
    "reportedCurrency": "USD",
    "cik": "0001047862",
    "fillingDate": "2005-11-02",
    "acceptedDate": "2005-11-02 15:56:46",
    "calendarYear": "2005",
    "period": "Q3",
    "revenue": 3375000000,
    "costOfRevenue": 1893000000,
    "grossProfit": 1482000000,
    "grossProfitRatio": 0.4391111111,
    "researchAndDevelopmentExpenses": 0,
    "generalAndAdministrativeExpenses": 0,
    "sellingAndMarketingExpenses": 0,
    "sellingGeneralAndAdministrativeExpenses": 0,
    "otherExpenses": 890000000,
    "operatingExpenses": 890000000,
    "costAndExpenses": 2783000000,
    "interestIncome": 0,
    "interestExpense": 0,
    "depreciationAndAmortization": 147000000,
    "ebitda": 566000000,
    "ebitdaratio": 0.1677037037,
    "operatingIncome": 592000000,
    "operatingIncomeRatio": 0.1754074074,
    "totalOtherIncomeExpensesNet": -115000000,
    "incomeBeforeTax": 455000000,
    "incomeBeforeTaxRatio": 0.1348148148,
    "incomeTaxExpense": 168000000,
    "netIncome": 285000000,
    "netIncomeRatio": 0.0844444444,
    "eps": 1.17,
    "epsdiluted": 1.16,
    "weightedAverageShsOut": 244400000,
    "weightedAverageShsOutDil": 245400000,
    "link": "https://www.sec.gov/Archives/edgar/data/1047862/000119312505214316/0001193125-05-214316-index.htm",
    "finalLink": "https://www.sec.gov/Archives/edgar/data/23632/000119312505214316/d10q.htm"
  },
  {
    "date": "2005-06-30",
    "symbol": "ED",
    "reportedCurrency": "USD",
    "cik": "0001047862",
    "fillingDate": "2005-08-03",
    "acceptedDate": "2005-08-03 17:15:29",
    "calendarYear": "2005",
    "period": "Q2",
    "revenue": 2406000000,
    "costOfRevenue": 1309000000,
    "grossProfit": 1097000000,
    "grossProfitRatio": 0.4559434746,
    "researchAndDevelopmentExpenses": 0,
    "generalAndAdministrativeExpenses": 0,
    "sellingAndMarketingExpenses": 0,
    "sellingGeneralAndAdministrativeExpenses": 0,
    "otherExpenses": 832000000,
    "operatingExpenses": 832000000,
    "costAndExpenses": 2141000000,
    "interestIncome": 0,
    "interestExpense": 0,
    "depreciationAndAmortization": 146000000,
    "ebitda": 372000000,
    "ebitdaratio": 0.1546134663,
    "operatingIncome": 265000000,
    "operatingIncomeRatio": 0.1101413134,
    "totalOtherIncomeExpensesNet": -107000000,
    "incomeBeforeTax": 155000000,
    "incomeBeforeTaxRatio": 0.0644222776,
    "incomeTaxExpense": 37000000,
    "netIncome": 118000000,
    "netIncomeRatio": 0.0490440565,
    "eps": 0.47,
    "epsdiluted": 0.47,
    "weightedAverageShsOut": 243400000,
    "weightedAverageShsOutDil": 244200000,
    "link": "https://www.sec.gov/Archives/edgar/data/1047862/000119312505156418/0001193125-05-156418-index.htm",
    "finalLink": "https://www.sec.gov/Archives/edgar/data/23632/000119312505156418/d10q.htm"
  },
  {
    "date": "2005-03-31",
    "symbol": "ED",
    "reportedCurrency": "USD",
    "cik": "0001047862",
    "fillingDate": "2005-05-05",
    "acceptedDate": "2005-05-05 15:38:12",
    "calendarYear": "2005",
    "period": "Q1",
    "revenue": 2801000000,
    "costOfRevenue": 1583000000,
    "grossProfit": 1218000000,
    "grossProfitRatio": 0.4348446983,
    "researchAndDevelopmentExpenses": 0,
    "generalAndAdministrativeExpenses": 0,
    "sellingAndMarketingExpenses": 0,
    "sellingGeneralAndAdministrativeExpenses": 0,
    "otherExpenses": 825000000,
    "operatingExpenses": 825000000,
    "costAndExpenses": 2408000000,
    "interestIncome": 0,
    "interestExpense": 0,
    "depreciationAndAmortization": 141000000,
    "ebitda": 424000000,
    "ebitdaratio": 0.1513745091,
    "operatingIncome": 393000000,
    "operatingIncomeRatio": 0.1403070332,
    "totalOtherIncomeExpensesNet": -212000000,
    "incomeBeforeTax": 295000000,
    "incomeBeforeTaxRatio": 0.1053195287,
    "incomeTaxExpense": 114000000,
    "netIncome": 181000000,
    "netIncomeRatio": 0.0646197787,
    "eps": 0.75,
    "epsdiluted": 0.75,
    "weightedAverageShsOut": 242700000,
    "weightedAverageShsOutDil": 243400000,
    "link": "https://www.sec.gov/Archives/edgar/data/1047862/000119312505097386/0001193125-05-097386-index.htm",
    "finalLink": "https://www.sec.gov/Archives/edgar/data/23632/000119312505097386/d10q.htm"
  },
  {
    "date": "2004-12-31",
    "symbol": "ED",
    "reportedCurrency": "USD",
    "cik": "0001047862",
    "fillingDate": "2005-02-25",
    "acceptedDate": "2005-02-25 17:12:18",
    "calendarYear": "2004",
    "period": "Q4",
    "revenue": 2157000000,
    "costOfRevenue": 1265000000,
    "grossProfit": 892000000,
    "grossProfitRatio": 0.4135373204,
    "researchAndDevelopmentExpenses": 0,
    "generalAndAdministrativeExpenses": 0,
    "sellingAndMarketingExpenses": 0,
    "sellingGeneralAndAdministrativeExpenses": 0,
    "otherExpenses": 735000000,
    "operatingExpenses": 735000000,
    "costAndExpenses": 2000000000,
    "interestIncome": 0,
    "interestExpense": 0,
    "depreciationAndAmortization": 135000000,
    "ebitda": 292000000,
    "ebitdaratio": 0.1353732035,
    "operatingIncome": 157000000,
    "operatingIncomeRatio": 0.0727862772,
    "totalOtherIncomeExpensesNet": -110000000,
    "incomeBeforeTax": 47000000,
    "incomeBeforeTaxRatio": 0.0217895225,
    "incomeTaxExpense": -15000000,
    "netIncome": 50000000,
    "netIncomeRatio": 0.0231803431,
    "eps": 0.21,
    "epsdiluted": 0.21,
    "weightedAverageShsOut": 242700000,
    "weightedAverageShsOutDil": 242700000,
    "link": "https://www.sec.gov/Archives/edgar/data/1047862/000119312505037439/0001193125-05-037439-index.htm",
    "finalLink": "https://www.sec.gov/Archives/edgar/data/23632/000119312505037439/d10k.htm"
  },
  {
    "date": "2004-09-30",
    "symbol": "ED",
    "reportedCurrency": "USD",
    "cik": "0001047862",
    "fillingDate": "2004-11-05",
    "acceptedDate": "2004-11-05 17:13:21",
    "calendarYear": "2004",
    "period": "Q3",
    "revenue": 2743000000,
    "costOfRevenue": 1449000000,
    "grossProfit": 1294000000,
    "grossProfitRatio": 0.4717462632,
    "researchAndDevelopmentExpenses": 0,
    "generalAndAdministrativeExpenses": 0,
    "sellingAndMarketingExpenses": 0,
    "sellingGeneralAndAdministrativeExpenses": 0,
    "otherExpenses": 818000000,
    "operatingExpenses": 818000000,
    "costAndExpenses": 2267000000,
    "interestIncome": 0,
    "interestExpense": 0,
    "depreciationAndAmortization": 141000000,
    "ebitda": 467000000,
    "ebitdaratio": 0.1702515494,
    "operatingIncome": 476000000,
    "operatingIncomeRatio": 0.1735326285,
    "totalOtherIncomeExpensesNet": -86000000,
    "incomeBeforeTax": 390000000,
    "incomeBeforeTaxRatio": 0.1421800948,
    "incomeTaxExpense": 144000000,
    "netIncome": 246000000,
    "netIncomeRatio": 0.089682829,
    "eps": 1.02,
    "epsdiluted": 1.01,
    "weightedAverageShsOut": 241500000,
    "weightedAverageShsOutDil": 242200000,
    "link": "https://www.sec.gov/Archives/edgar/data/1047862/000119312504188011/0001193125-04-188011-index.htm",
    "finalLink": "https://www.sec.gov/Archives/edgar/data/23632/000119312504188011/d10q.htm"
  },
  {
    "date": "2004-06-30",
    "symbol": "ED",
    "reportedCurrency": "USD",
    "cik": "0001047862",
    "fillingDate": "2004-08-06",
    "acceptedDate": "2004-08-06 12:19:43",
    "calendarYear": "2004",
    "period": "Q2",
    "revenue": 2169000000,
    "costOfRevenue": 1179000000,
    "grossProfit": 990000000,
    "grossProfitRatio": 0.4564315353,
    "researchAndDevelopmentExpenses": 0,
    "generalAndAdministrativeExpenses": 0,
    "sellingAndMarketingExpenses": 0,
    "sellingGeneralAndAdministrativeExpenses": 0,
    "otherExpenses": 764000000,
    "operatingExpenses": 764000000,
    "costAndExpenses": 1943000000,
    "interestIncome": 0,
    "interestExpense": 0,
    "depreciationAndAmortization": 138000000,
    "ebitda": 320000000,
    "ebitdaratio": 0.1475334255,
    "operatingIncome": 226000000,
    "operatingIncomeRatio": 0.1041954818,
    "totalOtherIncomeExpensesNet": -52000000,
    "incomeBeforeTax": 125000000,
    "incomeBeforeTaxRatio": 0.0576302444,
    "incomeTaxExpense": 39000000,
    "netIncome": 83000000,
    "netIncomeRatio": 0.0382664822,
    "eps": 0.37,
    "epsdiluted": 0.37,
    "weightedAverageShsOut": 234000000,
    "weightedAverageShsOutDil": 234900000,
    "link": "https://www.sec.gov/Archives/edgar/data/1047862/000119312504133960/0001193125-04-133960-index.htm",
    "finalLink": "https://www.sec.gov/Archives/edgar/data/23632/000119312504133960/d10q.htm"
  },
  {
    "date": "2004-03-31",
    "symbol": "ED",
    "reportedCurrency": "USD",
    "cik": "0001047862",
    "fillingDate": "2004-05-07",
    "acceptedDate": "2004-05-07 11:22:06",
    "calendarYear": "2004",
    "period": "Q1",
    "revenue": 2685000000,
    "costOfRevenue": 1516000000,
    "grossProfit": 1169000000,
    "grossProfitRatio": 0.4353817505,
    "researchAndDevelopmentExpenses": 0,
    "generalAndAdministrativeExpenses": 0,
    "sellingAndMarketingExpenses": 0,
    "sellingGeneralAndAdministrativeExpenses": 0,
    "otherExpenses": 809000000,
    "operatingExpenses": 809000000,
    "costAndExpenses": 2325000000,
    "interestIncome": 0,
    "interestExpense": 0,
    "depreciationAndAmortization": 137000000,
    "ebitda": 392000000,
    "ebitdaratio": 0.1459962756,
    "operatingIncome": 360000000,
    "operatingIncomeRatio": 0.1340782123,
    "totalOtherIncomeExpensesNet": -99000000,
    "incomeBeforeTax": 261000000,
    "incomeBeforeTaxRatio": 0.0972067039,
    "incomeTaxExpense": 103000000,
    "netIncome": 152000000,
    "netIncomeRatio": 0.0566108007,
    "eps": 0.69,
    "epsdiluted": 0.68,
    "weightedAverageShsOut": 226200000,
    "weightedAverageShsOutDil": 227200000,
    "link": "https://www.sec.gov/Archives/edgar/data/1047862/000104746904016331/0001047469-04-016331-index.htm",
    "finalLink": "https://www.sec.gov/Archives/edgar/data/23632/000104746904016331/a2135671z10-q.htm"
  },
  {
    "date": "2003-12-31",
    "symbol": "ED",
    "reportedCurrency": "USD",
    "cik": "0001047862",
    "fillingDate": "2004-02-24",
    "acceptedDate": "2004-02-24 16:59:50",
    "calendarYear": "2003",
    "period": "Q4",
    "revenue": 2279000000,
    "costOfRevenue": 1213000000,
    "grossProfit": 1066000000,
    "grossProfitRatio": 0.4677490127,
    "researchAndDevelopmentExpenses": 0,
    "generalAndAdministrativeExpenses": 0,
    "sellingAndMarketingExpenses": 0,
    "sellingGeneralAndAdministrativeExpenses": 0,
    "otherExpenses": 903000000,
    "operatingExpenses": 903000000,
    "costAndExpenses": 2116000000,
    "interestIncome": 0,
    "interestExpense": 0,
    "depreciationAndAmortization": 136000000,
    "ebitda": 299000000,
    "ebitdaratio": 0.1311978938,
    "operatingIncome": 163000000,
    "operatingIncomeRatio": 0.0715225976,
    "totalOtherIncomeExpensesNet": -104000000,
    "incomeBeforeTax": 59000000,
    "incomeBeforeTaxRatio": 0.0258885476,
    "incomeTaxExpense": 9000000,
    "netIncome": 50000000,
    "netIncomeRatio": 0.0219394471,
    "eps": 0.23,
    "epsdiluted": 0.23,
    "weightedAverageShsOut": 226200000,
    "weightedAverageShsOutDil": 226200000,
    "link": "https://www.sec.gov/Archives/edgar/data/1047862/000104746904005477/0001047469-04-005477-index.htm",
    "finalLink": "https://www.sec.gov/Archives/edgar/data/1047862/000104746904005477/a2129103z10-k.htm"
  },
  {
    "date": "2003-09-30",
    "symbol": "ED",
    "reportedCurrency": "USD",
    "cik": "0001047862",
    "fillingDate": "2003-11-07",
    "acceptedDate": "2003-11-07 11:09:22",
    "calendarYear": "2003",
    "period": "Q3",
    "revenue": 2801000000,
    "costOfRevenue": 1452000000,
    "grossProfit": 1349000000,
    "grossProfitRatio": 0.4816137094,
    "researchAndDevelopmentExpenses": 0,
    "generalAndAdministrativeExpenses": 0,
    "sellingAndMarketingExpenses": 0,
    "sellingGeneralAndAdministrativeExpenses": 0,
    "otherExpenses": 815000000,
    "operatingExpenses": 815000000,
    "costAndExpenses": 2267000000,
    "interestIncome": 0,
    "interestExpense": 0,
    "depreciationAndAmortization": 134000000,
    "ebitda": 495000000,
    "ebitdaratio": 0.1767225991,
    "operatingIncome": 534000000,
    "operatingIncomeRatio": 0.1906461978,
    "totalOtherIncomeExpensesNet": -109000000,
    "incomeBeforeTax": 428000000,
    "incomeBeforeTaxRatio": 0.1528025705,
    "incomeTaxExpense": 168000000,
    "netIncome": 254000000,
    "netIncomeRatio": 0.0906818993,
    "eps": 1.17,
    "epsdiluted": 1.16,
    "weightedAverageShsOut": 225000000,
    "weightedAverageShsOutDil": 226000000,
    "link": "https://www.sec.gov/Archives/edgar/data/1047862/000104746903036399/0001047469-03-036399-index.htm",
    "finalLink": "https://www.sec.gov/Archives/edgar/data/23632/000104746903036399/a2122040z10-q.htm"
  },
  {
    "date": "2003-06-30",
    "symbol": "ED",
    "reportedCurrency": "USD",
    "cik": "0001047862",
    "fillingDate": "2003-08-12",
    "acceptedDate": "2003-08-12 16:34:55",
    "calendarYear": "2003",
    "period": "Q2",
    "revenue": 2176000000,
    "costOfRevenue": 1200000000,
    "grossProfit": 976000000,
    "grossProfitRatio": 0.4485294118,
    "researchAndDevelopmentExpenses": 0,
    "generalAndAdministrativeExpenses": 0,
    "sellingAndMarketingExpenses": 0,
    "sellingGeneralAndAdministrativeExpenses": 0,
    "otherExpenses": 769000000,
    "operatingExpenses": 769000000,
    "costAndExpenses": 1969000000,
    "interestIncome": 0,
    "interestExpense": 0,
    "depreciationAndAmortization": 130000000,
    "ebitda": 294000000,
    "ebitdaratio": 0.1351102941,
    "operatingIncome": 207000000,
    "operatingIncomeRatio": 0.0951286765,
    "totalOtherIncomeExpensesNet": -99000000,
    "incomeBeforeTax": 108000000,
    "incomeBeforeTaxRatio": 0.0496323529,
    "incomeTaxExpense": 39000000,
    "netIncome": 66000000,
    "netIncomeRatio": 0.0303308824,
    "eps": 0.29,
    "epsdiluted": 0.29,
    "weightedAverageShsOut": 219300000,
    "weightedAverageShsOutDil": 220300000,
    "link": "https://www.sec.gov/Archives/edgar/data/1047862/000104746903027223/0001047469-03-027223-index.htm",
    "finalLink": "https://www.sec.gov/Archives/edgar/data/23632/000104746903027223/a2116162z10-q.htm"
  },
  {
    "date": "2003-03-31",
    "symbol": "ED",
    "reportedCurrency": "USD",
    "cik": "0001047862",
    "fillingDate": "2003-05-15",
    "acceptedDate": "2003-05-15 16:44:13",
    "calendarYear": "2003",
    "period": "Q1",
    "revenue": 2570000000,
    "costOfRevenue": 1413000000,
    "grossProfit": 1157000000,
    "grossProfitRatio": 0.4501945525,
    "researchAndDevelopmentExpenses": 0,
    "generalAndAdministrativeExpenses": 0,
    "sellingAndMarketingExpenses": 0,
    "sellingGeneralAndAdministrativeExpenses": 0,
    "otherExpenses": 801000000,
    "operatingExpenses": 801000000,
    "costAndExpenses": 2214000000,
    "interestIncome": 0,
    "interestExpense": 0,
    "depreciationAndAmortization": 129000000,
    "ebitda": 386000000,
    "ebitdaratio": 0.1501945525,
    "operatingIncome": 356000000,
    "operatingIncomeRatio": 0.1385214008,
    "totalOtherIncomeExpensesNet": -3000000,
    "incomeBeforeTax": 254000000,
    "incomeBeforeTaxRatio": 0.0988326848,
    "incomeTaxExpense": 97000000,
    "netIncome": 154000000,
    "netIncomeRatio": 0.059922179,
    "eps": 0.72,
    "epsdiluted": 0.72,
    "weightedAverageShsOut": 214200000,
    "weightedAverageShsOutDil": 215100000,
    "link": "https://www.sec.gov/Archives/edgar/data/1047862/000104746903018917/0001047469-03-018917-index.htm",
    "finalLink": "https://www.sec.gov/Archives/edgar/data/23632/000104746903018917/a2110246z10-q.htm"
  },
  {
    "date": "2002-12-31",
    "symbol": "ED",
    "reportedCurrency": "USD",
    "cik": "0001047862",
    "fillingDate": "2003-02-27",
    "acceptedDate": "2003-02-27 17:14:50",
    "calendarYear": "2002",
    "period": "Q4",
    "revenue": 2057027000,
    "costOfRevenue": 1032097000,
    "grossProfit": 1024930000,
    "grossProfitRatio": 0.4982579227,
    "researchAndDevelopmentExpenses": 0,
    "generalAndAdministrativeExpenses": 0,
    "sellingAndMarketingExpenses": 0,
    "sellingGeneralAndAdministrativeExpenses": 0,
    "otherExpenses": 762339000,
    "operatingExpenses": 762339000,
    "costAndExpenses": 1794436000,
    "interestIncome": 0,
    "interestExpense": 0,
    "depreciationAndAmortization": 125822000,
    "ebitda": 388413000,
    "ebitdaratio": 0.1888225094,
    "operatingIncome": 262591000,
    "operatingIncomeRatio": 0.1276555923,
    "totalOtherIncomeExpensesNet": -89070000,
    "incomeBeforeTax": 173521000,
    "incomeBeforeTaxRatio": 0.084355237,
    "incomeTaxExpense": 50490000,
    "netIncome": 118321000,
    "netIncomeRatio": 0.0575203923,
    "eps": 0.57,
    "epsdiluted": 0.57,
    "weightedAverageShsOut": 214200000,
    "weightedAverageShsOutDil": 214200000,
    "link": "https://www.sec.gov/Archives/edgar/data/1047862/000104746903007134/0001047469-03-007134-index.htm",
    "finalLink": "https://www.sec.gov/Archives/edgar/data/23632/000104746903007134/a2103728z10-k.htm"
  },
  {
    "date": "2002-09-30",
    "symbol": "ED",
    "reportedCurrency": "USD",
    "cik": "0001047862",
    "fillingDate": "2002-11-13",
    "acceptedDate": "2002-11-13 12:12:23",
    "calendarYear": "2002",
    "period": "Q3",
    "revenue": 2539490000,
    "costOfRevenue": 1221916000,
    "grossProfit": 1317574000,
    "grossProfitRatio": 0.5188340966,
    "researchAndDevelopmentExpenses": 0,
    "generalAndAdministrativeExpenses": 0,
    "sellingAndMarketingExpenses": 0,
    "sellingGeneralAndAdministrativeExpenses": 0,
    "otherExpenses": 750277000,
    "operatingExpenses": 750277000,
    "costAndExpenses": 1972193000,
    "interestIncome": 0,
    "interestExpense": 0,
    "depreciationAndAmortization": 126162000,
    "ebitda": 512257000,
    "ebitdaratio": 0.2017164864,
    "operatingIncome": 567297000,
    "operatingIncomeRatio": 0.2233901295,
    "totalOtherIncomeExpensesNet": -109297000,
    "incomeBeforeTax": 458041000,
    "incomeBeforeTaxRatio": 0.1803673178,
    "incomeTaxExpense": 171499000,
    "netIncome": 284000000,
    "netIncomeRatio": 0.1118334784,
    "eps": 1.34,
    "epsdiluted": 1.33,
    "weightedAverageShsOut": 213200000,
    "weightedAverageShsOutDil": 214200000,
    "link": "https://www.sec.gov/Archives/edgar/data/1047862/000104746902002799/0001047469-02-002799-index.htm",
    "finalLink": "https://www.sec.gov/Archives/edgar/data/23632/000104746902002799/a2092794z10-q.htm"
  },
  {
    "date": "2002-06-30",
    "symbol": "ED",
    "reportedCurrency": "USD",
    "cik": "0001047862",
    "fillingDate": "2002-08-12",
    "acceptedDate": "2002-08-12 17:06:27",
    "calendarYear": "2002",
    "period": "Q2",
    "revenue": 1900239000,
    "costOfRevenue": 918556000,
    "grossProfit": 981683000,
    "grossProfitRatio": 0.516610279,
    "researchAndDevelopmentExpenses": 0,
    "generalAndAdministrativeExpenses": 0,
    "sellingAndMarketingExpenses": 0,
    "sellingGeneralAndAdministrativeExpenses": 0,
    "otherExpenses": 720738000,
    "operatingExpenses": 720738000,
    "costAndExpenses": 1639294000,
    "interestIncome": 0,
    "interestExpense": 0,
    "depreciationAndAmortization": 122126000,
    "ebitda": 383514000,
    "ebitdaratio": 0.2018240863,
    "operatingIncome": 260945000,
    "operatingIncomeRatio": 0.1373222,
    "totalOtherIncomeExpensesNet": -101015000,
    "incomeBeforeTax": 159930000,
    "incomeBeforeTaxRatio": 0.0841630974,
    "incomeTaxExpense": 58952000,
    "netIncome": 97580000,
    "netIncomeRatio": 0.0513514353,
    "eps": 0.46,
    "epsdiluted": 0.46,
    "weightedAverageShsOut": 212756843,
    "weightedAverageShsOutDil": 213931052,
    "link": "https://www.sec.gov/Archives/edgar/data/1047862/000091205702031188/0000912057-02-031188-index.htm",
    "finalLink": "https://www.sec.gov/Archives/edgar/data/23632/000091205702031188/a2085916z10-q.htm"
  },
  {
    "date": "2002-03-31",
    "symbol": "ED",
    "reportedCurrency": "USD",
    "cik": "0001047862",
    "fillingDate": "2002-05-14",
    "acceptedDate": "2002-05-14 17:11:35",
    "calendarYear": "2002",
    "period": "Q1",
    "revenue": 2099107000,
    "costOfRevenue": 1008160000,
    "grossProfit": 1090947000,
    "grossProfitRatio": 0.519719576,
    "researchAndDevelopmentExpenses": 0,
    "generalAndAdministrativeExpenses": 0,
    "sellingAndMarketingExpenses": 0,
    "sellingGeneralAndAdministrativeExpenses": 0,
    "otherExpenses": 723980000,
    "operatingExpenses": 723980000,
    "costAndExpenses": 1732140000,
    "interestIncome": 0,
    "interestExpense": 0,
    "depreciationAndAmortization": 120443000,
    "ebitda": 487000000,
    "ebitdaratio": 0.2320034186,
    "operatingIncome": 366967000,
    "operatingIncomeRatio": 0.1748205308,
    "totalOtherIncomeExpensesNet": -101000000,
    "incomeBeforeTax": 262710000,
    "incomeBeforeTaxRatio": 0.1251532199,
    "incomeTaxExpense": 92707000,
    "netIncome": 146000000,
    "netIncomeRatio": 0.0695533863,
    "eps": 0.68,
    "epsdiluted": 0.68,
    "weightedAverageShsOut": 212341518,
    "weightedAverageShsOutDil": 213309557,
    "link": "https://www.sec.gov/Archives/edgar/data/1047862/000091205702020287/0000912057-02-020287-index.htm",
    "finalLink": "https://www.sec.gov/Archives/edgar/data/23632/000091205702020287/a2079536z10-q.htm"
  },
  {
    "date": "2001-12-31",
    "symbol": "ED",
    "reportedCurrency": "USD",
    "cik": "0001047862",
    "fillingDate": "2002-03-27",
    "acceptedDate": "2002-03-27 00:00:00",
    "calendarYear": "2001",
    "period": "Q4",
    "revenue": 1942614000,
    "costOfRevenue": 889898000,
    "grossProfit": 1052716000,
    "grossProfitRatio": 0.5419069357,
    "researchAndDevelopmentExpenses": 0,
    "generalAndAdministrativeExpenses": 0,
    "sellingAndMarketingExpenses": 0,
    "sellingGeneralAndAdministrativeExpenses": 0,
    "otherExpenses": 729170000,
    "operatingExpenses": 729170000,
    "costAndExpenses": 1619068000,
    "interestIncome": 0,
    "interestExpense": 0,
    "depreciationAndAmortization": 121470000,
    "ebitda": 445016000,
    "ebitdaratio": 0.2290810218,
    "operatingIncome": 323546000,
    "operatingIncomeRatio": 0.1665518729,
    "totalOtherIncomeExpensesNet": -145071000,
    "incomeBeforeTax": 178475000,
    "incomeBeforeTaxRatio": 0.0918736301,
    "incomeTaxExpense": 49966000,
    "netIncome": 125110000,
    "netIncomeRatio": 0.0644029128,
    "eps": 0.61,
    "epsdiluted": 0.61,
    "weightedAverageShsOut": 211643084,
    "weightedAverageShsOutDil": 212341518,
    "link": "https://www.sec.gov/Archives/edgar/data/1047862/000091205702011931/0000912057-02-011931-index.htm",
    "finalLink": "https://www.sec.gov/Archives/edgar/data/23632/000091205702011931/a2073863z10-k.htm"
  },
  {
    "date": "2001-09-30",
    "symbol": "ED",
    "reportedCurrency": "USD",
    "cik": "0001047862",
    "fillingDate": "2001-11-14",
    "acceptedDate": "2001-11-14 00:00:00",
    "calendarYear": "2001",
    "period": "Q3",
    "revenue": 2692870000,
    "costOfRevenue": 1324149000,
    "grossProfit": 1368721000,
    "grossProfitRatio": 0.5082759287,
    "researchAndDevelopmentExpenses": 0,
    "generalAndAdministrativeExpenses": 0,
    "sellingAndMarketingExpenses": 0,
    "sellingGeneralAndAdministrativeExpenses": 0,
    "otherExpenses": 806324000,
    "operatingExpenses": 806324000,
    "costAndExpenses": 2130473000,
    "interestIncome": 0,
    "interestExpense": 0,
    "depreciationAndAmortization": 133012000,
    "ebitda": 695492000,
    "ebitdaratio": 0.2582716581,
    "operatingIncome": 562397000,
    "operatingIncomeRatio": 0.2088466952,
    "totalOtherIncomeExpensesNet": -111161000,
    "incomeBeforeTax": 462466000,
    "incomeBeforeTaxRatio": 0.1717372172,
    "incomeTaxExpense": 181726000,
    "netIncome": 277342000,
    "netIncomeRatio": 0.1029912324,
    "eps": 1.31,
    "epsdiluted": 1.3,
    "weightedAverageShsOut": 212206033,
    "weightedAverageShsOutDil": 213170793,
    "link": "https://www.sec.gov/Archives/edgar/data/1047862/000091205701539619/0000912057-01-539619-index.htm",
    "finalLink": "https://www.sec.gov/Archives/edgar/data/23632/000091205701539619/a2062509z10-q.htm"
  },
  {
    "date": "2001-06-30",
    "symbol": "ED",
    "reportedCurrency": "USD",
    "cik": "0001047862",
    "fillingDate": "2001-08-13",
    "acceptedDate": "2001-08-13 00:00:00",
    "calendarYear": "2001",
    "period": "Q2",
    "revenue": 2112215000,
    "costOfRevenue": 1020601000,
    "grossProfit": 1091614000,
    "grossProfitRatio": 0.5168100785,
    "researchAndDevelopmentExpenses": 0,
    "generalAndAdministrativeExpenses": 0,
    "sellingAndMarketingExpenses": 0,
    "sellingGeneralAndAdministrativeExpenses": 0,
    "otherExpenses": 789075000,
    "operatingExpenses": 789075000,
    "costAndExpenses": 1809676000,
    "interestIncome": 0,
    "interestExpense": 0,
    "depreciationAndAmortization": 136755000,
    "ebitda": 439407000,
    "ebitdaratio": 0.2080313794,
    "operatingIncome": 302539000,
    "operatingIncomeRatio": 0.1432330516,
    "totalOtherIncomeExpensesNet": -110183000,
    "incomeBeforeTax": 192356000,
    "incomeBeforeTaxRatio": 0.0910683808,
    "incomeTaxExpense": 88282000,
    "netIncome": 100676000,
    "netIncomeRatio": 0.0476637085,
    "eps": 0.48,
    "epsdiluted": 0.48,
    "weightedAverageShsOut": 212115000,
    "weightedAverageShsOutDil": 212555000,
    "link": "https://www.sec.gov/Archives/edgar/data/1047862/000091205701528175/0000912057-01-528175-index.htm",
    "finalLink": "https://www.sec.gov/Archives/edgar/data/23632/000091205701528175/a2055694z10-q.htm"
  },
  {
    "date": "2001-03-31",
    "symbol": "ED",
    "reportedCurrency": "USD",
    "cik": "0001047862",
    "fillingDate": "2001-05-15",
    "acceptedDate": "2001-05-15 00:00:00",
    "calendarYear": "2001",
    "period": "Q1",
    "revenue": 2886264000,
    "costOfRevenue": 1649686000,
    "grossProfit": 1236578000,
    "grossProfitRatio": 0.4284355139,
    "researchAndDevelopmentExpenses": 0,
    "generalAndAdministrativeExpenses": 0,
    "sellingAndMarketingExpenses": 0,
    "sellingGeneralAndAdministrativeExpenses": 0,
    "otherExpenses": 832798000,
    "operatingExpenses": 832798000,
    "costAndExpenses": 2482484000,
    "interestIncome": 0,
    "interestExpense": 0,
    "depreciationAndAmortization": 134998000,
    "ebitda": 538864000,
    "ebitdaratio": 0.1866994842,
    "operatingIncome": 403780000,
    "operatingIncomeRatio": 0.1398971127,
    "totalOtherIncomeExpensesNet": -109565000,
    "incomeBeforeTax": 294215000,
    "incomeBeforeTaxRatio": 0.1019362747,
    "incomeTaxExpense": 111703000,
    "netIncome": 179114000,
    "netIncomeRatio": 0.0620573863,
    "eps": 0.84,
    "epsdiluted": 0.84,
    "weightedAverageShsOut": 212160000,
    "weightedAverageShsOutDil": 212160000,
    "link": "https://www.sec.gov/Archives/edgar/data/1047862/000091205701515780/0000912057-01-515780-index.htm",
    "finalLink": "https://www.sec.gov/Archives/edgar/data/23632/000091205701515780/a2048590z10-q.htm"
  },
  {
    "date": "2000-12-31",
    "symbol": "ED",
    "reportedCurrency": "USD",
    "cik": "0001047862",
    "fillingDate": "2001-04-02",
    "acceptedDate": "2001-04-02 00:00:00",
    "calendarYear": "2000",
    "period": "Q4",
    "revenue": 2250126000,
    "costOfRevenue": 1258323000,
    "grossProfit": 991803000,
    "grossProfitRatio": 0.4407766498,
    "researchAndDevelopmentExpenses": 0,
    "generalAndAdministrativeExpenses": 0,
    "sellingAndMarketingExpenses": 0,
    "sellingGeneralAndAdministrativeExpenses": 0,
    "otherExpenses": 761929000,
    "operatingExpenses": 761929000,
    "costAndExpenses": 2020252000,
    "interestIncome": 0,
    "interestExpense": 0,
    "depreciationAndAmortization": 147282000,
    "ebitda": 377156000,
    "ebitdaratio": 0.1676155024,
    "operatingIncome": 229874000,
    "operatingIncomeRatio": 0.1021605012,
    "totalOtherIncomeExpensesNet": -130487000,
    "incomeBeforeTax": 99387000,
    "incomeBeforeTaxRatio": 0.0441695265,
    "incomeTaxExpense": 39712000,
    "netIncome": 56276000,
    "netIncomeRatio": 0.025010155,
    "eps": 0.28,
    "epsdiluted": 0.28,
    "weightedAverageShsOut": 211280000,
    "weightedAverageShsOutDil": 212160000,
    "link": "https://www.sec.gov/Archives/edgar/data/1047862/000104786201000008/0001047862-01-000008-index.htm",
    "finalLink": "https://www.sec.gov/Archives/edgar/data/23632/000104786201000008/0001047862-01-000008-0001.txt"
  },
  {
    "date": "2000-09-30",
    "symbol": "ED",
    "reportedCurrency": "USD",
    "cik": "0001047862",
    "fillingDate": "2000-11-14",
    "acceptedDate": "2000-11-14 00:00:00",
    "calendarYear": "2000",
    "period": "Q3",
    "revenue": 2820779000,
    "costOfRevenue": 1445915000,
    "grossProfit": 1374864000,
    "grossProfitRatio": 0.487405784,
    "researchAndDevelopmentExpenses": 0,
    "generalAndAdministrativeExpenses": 0,
    "sellingAndMarketingExpenses": 0,
    "sellingGeneralAndAdministrativeExpenses": 0,
    "otherExpenses": 859261000,
    "operatingExpenses": 859261000,
    "costAndExpenses": 2305176000,
    "interestIncome": 0,
    "interestExpense": 0,
    "depreciationAndAmortization": 150785000,
    "ebitda": 666389000,
    "ebitdaratio": 0.236242896,
    "operatingIncome": 515603000,
    "operatingIncomeRatio": 0.1827874498,
    "totalOtherIncomeExpensesNet": -102927000,
    "incomeBeforeTax": 412676000,
    "incomeBeforeTaxRatio": 0.1462985934,
    "incomeTaxExpense": 132805000,
    "netIncome": 279871000,
    "netIncomeRatio": 0.0992176275,
    "eps": 1.32,
    "epsdiluted": 1.32,
    "weightedAverageShsOut": 211974000,
    "weightedAverageShsOutDil": 211974000,
    "link": "https://www.sec.gov/Archives/edgar/data/1047862/000091205700049780/0000912057-00-049780-index.htm",
    "finalLink": "https://www.sec.gov/Archives/edgar/data/23632/000091205700049780/a2029967z10-q.htm"
  },
  {
    "date": "2000-06-30",
    "symbol": "ED",
    "reportedCurrency": "USD",
    "cik": "0001047862",
    "fillingDate": "2000-08-14",
    "acceptedDate": "2000-08-14 00:00:00",
    "calendarYear": "2000",
    "period": "Q2",
    "revenue": 2041894000,
    "costOfRevenue": 998608000,
    "grossProfit": 1043286000,
    "grossProfitRatio": 0.5109403328,
    "researchAndDevelopmentExpenses": 0,
    "generalAndAdministrativeExpenses": 0,
    "sellingAndMarketingExpenses": 0,
    "sellingGeneralAndAdministrativeExpenses": 0,
    "otherExpenses": 838972000,
    "operatingExpenses": 838972000,
    "costAndExpenses": 1837580000,
    "interestIncome": 0,
    "interestExpense": 0,
    "depreciationAndAmortization": 145618000,
    "ebitda": 349932000,
    "ebitdaratio": 0.1713761831,
    "operatingIncome": 204314000,
    "operatingIncomeRatio": 0.1000610218,
    "totalOtherIncomeExpensesNet": -103632000,
    "incomeBeforeTax": 100682000,
    "incomeBeforeTaxRatio": 0.0493081423,
    "incomeTaxExpense": 31936000,
    "netIncome": 65348000,
    "netIncomeRatio": 0.0320036202,
    "eps": 0.33,
    "epsdiluted": 0.33,
    "weightedAverageShsOut": 211966000,
    "weightedAverageShsOutDil": 211966000,
    "link": "https://www.sec.gov/Archives/edgar/data/1047862/000104786200000047/0001047862-00-000047-index.htm",
    "finalLink": "https://www.sec.gov/Archives/edgar/data/23632/000104786200000047/0001047862-00-000047-0001.txt"
  },
  {
    "date": "2000-03-31",
    "symbol": "ED",
    "reportedCurrency": "USD",
    "cik": "0001047862",
    "fillingDate": "2000-05-15",
    "acceptedDate": "2000-05-15 00:00:00",
    "calendarYear": "2000",
    "period": "Q1",
    "revenue": 2318591000,
    "costOfRevenue": 1081724000,
    "grossProfit": 1236867000,
    "grossProfitRatio": 0.5334563103,
    "researchAndDevelopmentExpenses": 0,
    "generalAndAdministrativeExpenses": 0,
    "sellingAndMarketingExpenses": 0,
    "sellingGeneralAndAdministrativeExpenses": 0,
    "otherExpenses": 852733000,
    "operatingExpenses": 852733000,
    "costAndExpenses": 1934457000,
    "interestIncome": 0,
    "interestExpense": 0,
    "depreciationAndAmortization": 142722000,
    "ebitda": 526856000,
    "ebitdaratio": 0.2272311072,
    "operatingIncome": 384134000,
    "operatingIncomeRatio": 0.1656756194,
    "totalOtherIncomeExpensesNet": -89976000,
    "incomeBeforeTax": 294158000,
    "incomeBeforeTaxRatio": 0.1268692926,
    "incomeTaxExpense": 102625000,
    "netIncome": 188135000,
    "netIncomeRatio": 0.0811419522,
    "eps": 0.88,
    "epsdiluted": 0.88,
    "weightedAverageShsOut": 211959922,
    "weightedAverageShsOutDil": 211959922,
    "link": "https://www.sec.gov/Archives/edgar/data/1047862/000104786200000026/0001047862-00-000026-index.html",
    "finalLink": "https://www.sec.gov/Archives/edgar/data/23632/000104786200000026/"
  },
  {
    "date": "1999-12-31",
    "symbol": "ED",
    "reportedCurrency": "USD",
    "cik": "0001047862",
    "fillingDate": "2000-03-30",
    "acceptedDate": "2000-03-30 00:00:00",
    "calendarYear": "1999",
    "period": "Q4",
    "revenue": 1889500000,
    "costOfRevenue": 833500000,
    "grossProfit": 1056000000,
    "grossProfitRatio": 0.5588780101,
    "researchAndDevelopmentExpenses": 0,
    "generalAndAdministrativeExpenses": 0,
    "sellingAndMarketingExpenses": 0,
    "sellingGeneralAndAdministrativeExpenses": 0,
    "otherExpenses": 808400000,
    "operatingExpenses": 808400000,
    "costAndExpenses": 1641900000,
    "interestIncome": 0,
    "interestExpense": 0,
    "depreciationAndAmortization": 125400000,
    "ebitda": 373000000,
    "ebitdaratio": 0.1974067214,
    "operatingIncome": 247600000,
    "operatingIncomeRatio": 0.1310399577,
    "totalOtherIncomeExpensesNet": -95500000,
    "incomeBeforeTax": 152100000,
    "incomeBeforeTaxRatio": 0.0804974861,
    "incomeTaxExpense": 27100000,
    "netIncome": 121600000,
    "netIncomeRatio": 0.0643556496,
    "eps": 0.59,
    "epsdiluted": 0.59,
    "weightedAverageShsOut": 212641000,
    "weightedAverageShsOutDil": 212641000,
    "link": "https://www.sec.gov/Archives/edgar/data/1047862/000104786200000017/0001047862-00-000017-index.html",
    "finalLink": "https://www.sec.gov/Archives/edgar/data/23632/000104786200000017/"
  },
  {
    "date": "1999-09-30",
    "symbol": "ED",
    "reportedCurrency": "USD",
    "cik": "0001047862",
    "fillingDate": "1999-11-15",
    "acceptedDate": "1999-11-15 00:00:00",
    "calendarYear": "1999",
    "period": "Q3",
    "revenue": 2346300000,
    "costOfRevenue": 838900000,
    "grossProfit": 1507400000,
    "grossProfitRatio": 0.6424583387,
    "researchAndDevelopmentExpenses": 0,
    "generalAndAdministrativeExpenses": 0,
    "sellingAndMarketingExpenses": 0,
    "sellingGeneralAndAdministrativeExpenses": 0,
    "otherExpenses": 893400000,
    "operatingExpenses": 893400000,
    "costAndExpenses": 1732300000,
    "interestIncome": 0,
    "interestExpense": 0,
    "depreciationAndAmortization": 134500000,
    "ebitda": 748400000,
    "ebitdaratio": 0.3189702937,
    "operatingIncome": 614000000,
    "operatingIncomeRatio": 0.2616886161,
    "totalOtherIncomeExpensesNet": -79600000,
    "incomeBeforeTax": 534300000,
    "incomeBeforeTaxRatio": 0.2277202404,
    "incomeTaxExpense": 194900000,
    "netIncome": 336000000,
    "netIncomeRatio": 0.1432041938,
    "eps": 1.5,
    "epsdiluted": 1.5,
    "weightedAverageShsOut": 220293000,
    "weightedAverageShsOutDil": 220293000,
    "link": "https://www.sec.gov/Archives/edgar/data/1047862/000104786299000010/0001047862-99-000010-index.html",
    "finalLink": "https://www.sec.gov/Archives/edgar/data/23632/000104786299000010/"
  },
  {
    "date": "1999-06-30",
    "symbol": "ED",
    "reportedCurrency": "USD",
    "cik": "0001047862",
    "fillingDate": "1999-08-13",
    "acceptedDate": "1999-08-13 00:00:00",
    "calendarYear": "1999",
    "period": "Q2",
    "revenue": 1479000000,
    "costOfRevenue": 480900000,
    "grossProfit": 998100000,
    "grossProfitRatio": 0.6748478702,
    "researchAndDevelopmentExpenses": 0,
    "generalAndAdministrativeExpenses": 0,
    "sellingAndMarketingExpenses": 0,
    "sellingGeneralAndAdministrativeExpenses": 0,
    "otherExpenses": 800300000,
    "operatingExpenses": 800300000,
    "costAndExpenses": 1281200000,
    "interestIncome": 0,
    "interestExpense": 0,
    "depreciationAndAmortization": 133600000,
    "ebitda": 331400000,
    "ebitdaratio": 0.2240703178,
    "operatingIncome": 197800000,
    "operatingIncomeRatio": 0.1337390128,
    "totalOtherIncomeExpensesNet": -79100000,
    "incomeBeforeTax": 118700000,
    "incomeBeforeTaxRatio": 0.0802569304,
    "incomeTaxExpense": 48900000,
    "netIncome": 66400000,
    "netIncomeRatio": 0.0448951995,
    "eps": 0.3,
    "epsdiluted": 0.3,
    "weightedAverageShsOut": 225982000,
    "weightedAverageShsOutDil": 225982000,
    "link": "https://www.sec.gov/Archives/edgar/data/1047862/000104786299000007/0001047862-99-000007-index.html",
    "finalLink": "https://www.sec.gov/Archives/edgar/data/23632/000104786299000007/"
  },
  {
    "date": "1999-03-31",
    "symbol": "ED",
    "reportedCurrency": "USD",
    "cik": "0001047862",
    "fillingDate": "1999-05-14",
    "acceptedDate": "1999-05-14 00:00:00",
    "calendarYear": "1999",
    "period": "Q1",
    "revenue": 1776500000,
    "costOfRevenue": 585900000,
    "grossProfit": 1190600000,
    "grossProfitRatio": 0.6701942021,
    "researchAndDevelopmentExpenses": 0,
    "generalAndAdministrativeExpenses": 0,
    "sellingAndMarketingExpenses": 0,
    "sellingGeneralAndAdministrativeExpenses": 0,
    "otherExpenses": 830300000,
    "operatingExpenses": 830300000,
    "costAndExpenses": 1416200000,
    "interestIncome": 0,
    "interestExpense": 0,
    "depreciationAndAmortization": 132700000,
    "ebitda": 492910000,
    "ebitdaratio": 0.2774613003,
    "operatingIncome": 360300000,
    "operatingIncomeRatio": 0.2028145229,
    "totalOtherIncomeExpensesNet": -78202000,
    "incomeBeforeTax": 281900000,
    "incomeBeforeTaxRatio": 0.1586828033,
    "incomeTaxExpense": 101900000,
    "netIncome": 176647000,
    "netIncomeRatio": 0.0994354067,
    "eps": 0.76,
    "epsdiluted": 0.76,
    "weightedAverageShsOut": 230997000,
    "weightedAverageShsOutDil": 230997000,
    "link": "https://www.sec.gov/Archives/edgar/data/1047862/000104786299000003/0001047862-99-000003-index.html",
    "finalLink": "https://www.sec.gov/Archives/edgar/data/23632/"
  },
  {
    "date": "1998-12-31",
    "symbol": "ED",
    "reportedCurrency": "USD",
    "cik": "0001047862",
    "fillingDate": "1999-03-30",
    "acceptedDate": "1999-03-30 00:00:00",
    "calendarYear": "1998",
    "period": "Q4",
    "revenue": 1617200000,
    "costOfRevenue": 466100000,
    "grossProfit": 1151100000,
    "grossProfitRatio": 0.7117858026,
    "researchAndDevelopmentExpenses": 0,
    "generalAndAdministrativeExpenses": 0,
    "sellingAndMarketingExpenses": 0,
    "sellingGeneralAndAdministrativeExpenses": 0,
    "otherExpenses": 851200000,
    "operatingExpenses": 851200000,
    "costAndExpenses": 1317300000,
    "interestIncome": 0,
    "interestExpense": 0,
    "depreciationAndAmortization": 130800000,
    "ebitda": 430700000,
    "ebitdaratio": 0.2663245115,
    "operatingIncome": 299900000,
    "operatingIncomeRatio": 0.1854439772,
    "totalOtherIncomeExpensesNet": -78500000,
    "incomeBeforeTax": 221400000,
    "incomeBeforeTaxRatio": 0.1369032896,
    "incomeTaxExpense": 86300000,
    "netIncome": 131700000,
    "netIncomeRatio": 0.0814370517,
    "eps": 0.58,
    "epsdiluted": 0.58,
    "weightedAverageShsOut": 230997000,
    "weightedAverageShsOutDil": 230997000,
    "link": "https://www.sec.gov/Archives/edgar/data/1047862/000104786299000002/0001047862-99-000002-index.html",
    "finalLink": "https://www.sec.gov/Archives/edgar/data/23632/"
  },
  {
    "date": "1998-09-30",
    "symbol": "ED",
    "reportedCurrency": "USD",
    "cik": "0001047862",
    "fillingDate": "1998-11-05",
    "acceptedDate": "1998-11-05 00:00:00",
    "calendarYear": "1998",
    "period": "Q3",
    "revenue": 2061600000,
    "costOfRevenue": 586500000,
    "grossProfit": 1475100000,
    "grossProfitRatio": 0.7155122235,
    "researchAndDevelopmentExpenses": 0,
    "generalAndAdministrativeExpenses": 0,
    "sellingAndMarketingExpenses": 0,
    "sellingGeneralAndAdministrativeExpenses": 0,
    "otherExpenses": 844900000,
    "operatingExpenses": 844900000,
    "costAndExpenses": 1431400000,
    "interestIncome": 0,
    "interestExpense": 0,
    "depreciationAndAmortization": 130200000,
    "ebitda": 760400000,
    "ebitdaratio": 0.3688397361,
    "operatingIncome": 630200000,
    "operatingIncomeRatio": 0.3056849049,
    "totalOtherIncomeExpensesNet": -87900000,
    "incomeBeforeTax": 542300000,
    "incomeBeforeTaxRatio": 0.263048118,
    "incomeTaxExpense": 190700000,
    "netIncome": 347100000,
    "netIncomeRatio": 0.1683643772,
    "eps": 1.49,
    "epsdiluted": 1.49,
    "weightedAverageShsOut": 233628000,
    "weightedAverageShsOutDil": 233628000,
    "link": "https://www.sec.gov/Archives/edgar/data/1047862/000104786298000020/0001047862-98-000020-index.html",
    "finalLink": "https://www.sec.gov/Archives/edgar/data/23632/"
  },
  {
    "date": "1998-06-30",
    "symbol": "ED",
    "reportedCurrency": "USD",
    "cik": "0001047862",
    "fillingDate": "1998-08-14",
    "acceptedDate": "1998-08-14 00:00:00",
    "calendarYear": "1998",
    "period": "Q2",
    "revenue": 1561000000,
    "costOfRevenue": 535200000,
    "grossProfit": 1025800000,
    "grossProfitRatio": 0.6571428571,
    "researchAndDevelopmentExpenses": 0,
    "generalAndAdministrativeExpenses": 0,
    "sellingAndMarketingExpenses": 0,
    "sellingGeneralAndAdministrativeExpenses": 0,
    "otherExpenses": 841800000,
    "operatingExpenses": 841800000,
    "costAndExpenses": 1377000000,
    "interestIncome": 0,
    "interestExpense": 0,
    "depreciationAndAmortization": 129200000,
    "ebitda": 313400000,
    "ebitdaratio": 0.200768738,
    "operatingIncome": 184000000,
    "operatingIncomeRatio": 0.1178731582,
    "totalOtherIncomeExpensesNet": -82100000,
    "incomeBeforeTax": 102000000,
    "incomeBeforeTaxRatio": 0.065342729,
    "incomeTaxExpense": 35500000,
    "netIncome": 62000000,
    "netIncomeRatio": 0.0397181294,
    "eps": 0.26,
    "epsdiluted": 0.26,
    "weightedAverageShsOut": 234992000,
    "weightedAverageShsOutDil": 234992000,
    "link": "https://www.sec.gov/Archives/edgar/data/1047862/000104786298000016/0001047862-98-000016-index.html",
    "finalLink": "https://www.sec.gov/Archives/edgar/data/23632/"
  },
  {
    "date": "1998-03-31",
    "symbol": "ED",
    "reportedCurrency": "USD",
    "cik": "0001047862",
    "fillingDate": "1998-05-14",
    "acceptedDate": "1998-05-14 00:00:00",
    "calendarYear": "1998",
    "period": "Q1",
    "revenue": 1853100000,
    "costOfRevenue": 682200000,
    "grossProfit": 1170900000,
    "grossProfitRatio": 0.6318601263,
    "researchAndDevelopmentExpenses": 0,
    "generalAndAdministrativeExpenses": 0,
    "sellingAndMarketingExpenses": 0,
    "sellingGeneralAndAdministrativeExpenses": 0,
    "otherExpenses": 824300000,
    "operatingExpenses": 824300000,
    "costAndExpenses": 1506500000,
    "interestIncome": 0,
    "interestExpense": 0,
    "depreciationAndAmortization": 128300000,
    "ebitda": 474900000,
    "ebitdaratio": 0.2562732718,
    "operatingIncome": 346600000,
    "operatingIncomeRatio": 0.1870379364,
    "totalOtherIncomeExpensesNet": -77200000,
    "incomeBeforeTax": 269400000,
    "incomeBeforeTaxRatio": 0.1453780152,
    "incomeTaxExpense": 92900000,
    "netIncome": 172000000,
    "netIncomeRatio": 0.092817441,
    "eps": 0.73,
    "epsdiluted": 0.73,
    "weightedAverageShsOut": 235490000,
    "weightedAverageShsOutDil": 235490000,
    "link": "https://www.sec.gov/Archives/edgar/data/1047862/000002363298000030/0000023632-98-000030-index.html",
    "finalLink": "https://www.sec.gov/Archives/edgar/data/23632/"
  },
  {
    "date": "1997-12-31",
    "symbol": "ED",
    "reportedCurrency": "USD",
    "cik": "0001047862",
    "fillingDate": "1998-03-27",
    "acceptedDate": "1998-03-27 00:00:00",
    "calendarYear": "1997",
    "period": "Q4",
    "revenue": 1720100000,
    "costOfRevenue": 604200000,
    "grossProfit": 1115900000,
    "grossProfitRatio": 0.6487413522,
    "researchAndDevelopmentExpenses": 0,
    "generalAndAdministrativeExpenses": 0,
    "sellingAndMarketingExpenses": 0,
    "sellingGeneralAndAdministrativeExpenses": 0,
    "otherExpenses": 808800000,
    "operatingExpenses": 808800000,
    "costAndExpenses": 1413000000,
    "interestIncome": 0,
    "interestExpense": 0,
    "depreciationAndAmortization": 127800000,
    "ebitda": 434900000,
    "ebitdaratio": 0.2528341376,
    "operatingIncome": 307100000,
    "operatingIncomeRatio": 0.1785361316,
    "totalOtherIncomeExpensesNet": -86700000,
    "incomeBeforeTax": 220400000,
    "incomeBeforeTaxRatio": 0.1281320853,
    "incomeTaxExpense": 76800000,
    "netIncome": 139100000,
    "netIncomeRatio": 0.0808673914,
    "eps": 0.61,
    "epsdiluted": 0.61,
    "weightedAverageShsOut": 235030000,
    "weightedAverageShsOutDil": 235030000,
    "link": "https://www.sec.gov/Archives/edgar/data/1047862/000002363298000024/0000023632-98-000024-index.html",
    "finalLink": "https://www.sec.gov/Archives/edgar/data/1047862/"
  },
  {
    "date": "1997-09-30",
    "symbol": "ED",
    "reportedCurrency": "USD",
    "cik": "0001047862",
    "fillingDate": "1997-09-30",
    "acceptedDate": "1997-09-30 00:00:00",
    "calendarYear": "1997",
    "period": "Q3",
    "revenue": 2011000000,
    "costOfRevenue": 572500000,
    "grossProfit": 1438500000,
    "grossProfitRatio": 0.7153157633,
    "researchAndDevelopmentExpenses": 0,
    "generalAndAdministrativeExpenses": 0,
    "sellingAndMarketingExpenses": 0,
    "sellingGeneralAndAdministrativeExpenses": 0,
    "otherExpenses": 813000000,
    "operatingExpenses": 813000000,
    "costAndExpenses": 1385500000,
    "interestIncome": 0,
    "interestExpense": 0,
    "depreciationAndAmortization": 126300000,
    "ebitda": 747400000,
    "ebitdaratio": 0.3716558926,
    "operatingIncome": 625500000,
    "operatingIncomeRatio": 0.3110392839,
    "totalOtherIncomeExpensesNet": -80500000,
    "incomeBeforeTax": 540400000,
    "incomeBeforeTaxRatio": 0.2687220288,
    "incomeTaxExpense": 185400000,
    "netIncome": 350400000,
    "netIncomeRatio": 0.1742416708,
    "eps": 1.49,
    "epsdiluted": 1.49,
    "weightedAverageShsOut": 235030000,
    "weightedAverageShsOutDil": 235030000,
    "link": null,
    "finalLink": null
  },
  {
    "date": "1997-06-30",
    "symbol": "ED",
    "reportedCurrency": "USD",
    "cik": "0001047862",
    "fillingDate": "1997-06-30",
    "acceptedDate": "1997-06-30 00:00:00",
    "calendarYear": "1997",
    "period": "Q2",
    "revenue": 1504100000,
    "costOfRevenue": 522100000,
    "grossProfit": 982000000,
    "grossProfitRatio": 0.6528821222,
    "researchAndDevelopmentExpenses": 0,
    "generalAndAdministrativeExpenses": 0,
    "sellingAndMarketingExpenses": 0,
    "sellingGeneralAndAdministrativeExpenses": 0,
    "otherExpenses": 825900000,
    "operatingExpenses": 825900000,
    "costAndExpenses": 1348000000,
    "interestIncome": 0,
    "interestExpense": 0,
    "depreciationAndAmortization": 124900000,
    "ebitda": 275400000,
    "ebitdaratio": 0.183099528,
    "operatingIncome": 156100000,
    "operatingIncomeRatio": 0.1037829932,
    "totalOtherIncomeExpensesNet": -77500000,
    "incomeBeforeTax": 72900000,
    "incomeBeforeTaxRatio": 0.0484675221,
    "incomeTaxExpense": 25300000,
    "netIncome": 43000000,
    "netIncomeRatio": 0.0285885247,
    "eps": 0.18,
    "epsdiluted": 0.18,
    "weightedAverageShsOut": 235016000,
    "weightedAverageShsOutDil": 235016000,
    "link": null,
    "finalLink": null
  },
  {
    "date": "1997-03-31",
    "symbol": "ED",
    "reportedCurrency": "USD",
    "cik": "0001047862",
    "fillingDate": "1997-03-31",
    "acceptedDate": "1997-03-31 00:00:00",
    "calendarYear": "1997",
    "period": "Q1",
    "revenue": 1886200000,
    "costOfRevenue": 726800000,
    "grossProfit": 1159400000,
    "grossProfitRatio": 0.614675008,
    "researchAndDevelopmentExpenses": 0,
    "generalAndAdministrativeExpenses": 0,
    "sellingAndMarketingExpenses": 0,
    "sellingGeneralAndAdministrativeExpenses": 0,
    "otherExpenses": 819800000,
    "operatingExpenses": 819800000,
    "costAndExpenses": 1546600000,
    "interestIncome": 0,
    "interestExpense": 0,
    "depreciationAndAmortization": 123800000,
    "ebitda": 462500000,
    "ebitdaratio": 0.2452019934,
    "operatingIncome": 339600000,
    "operatingIncomeRatio": 0.180044534,
    "totalOtherIncomeExpensesNet": -79900000,
    "incomeBeforeTax": 258800000,
    "incomeBeforeTaxRatio": 0.137207083,
    "incomeTaxExpense": 92200000,
    "netIncome": 162000000,
    "netIncomeRatio": 0.0858869685,
    "eps": 0.69,
    "epsdiluted": 0.69,
    "weightedAverageShsOut": 235001000,
    "weightedAverageShsOutDil": 235001000,
    "link": null,
    "finalLink": null
  },
  {
    "date": "1996-12-31",
    "symbol": "ED",
    "reportedCurrency": "USD",
    "cik": "0001047862",
    "fillingDate": "1996-12-31",
    "acceptedDate": "1996-12-31 00:00:00",
    "calendarYear": "1996",
    "period": "Q4",
    "revenue": 1632300000,
    "costOfRevenue": 538000000,
    "grossProfit": 1094300000,
    "grossProfitRatio": 0.6704037248,
    "researchAndDevelopmentExpenses": 0,
    "generalAndAdministrativeExpenses": 0,
    "sellingAndMarketingExpenses": 0,
    "sellingGeneralAndAdministrativeExpenses": 0,
    "otherExpenses": 826000000,
    "operatingExpenses": 826000000,
    "costAndExpenses": 1364000000,
    "interestIncome": 0,
    "interestExpense": 0,
    "depreciationAndAmortization": 122600000,
    "ebitda": 390900000,
    "ebitdaratio": 0.2394780371,
    "operatingIncome": 268300000,
    "operatingIncomeRatio": 0.1643692949,
    "totalOtherIncomeExpensesNet": -79000000,
    "incomeBeforeTax": 189300000,
    "incomeBeforeTaxRatio": 0.1159713288,
    "incomeTaxExpense": 69100000,
    "netIncome": 115500000,
    "netIncomeRatio": 0.0707590516,
    "eps": 0.51,
    "epsdiluted": 0.51,
    "weightedAverageShsOut": 234981000,
    "weightedAverageShsOutDil": 234981000,
    "link": null,
    "finalLink": null
  },
  {
    "date": "1996-09-30",
    "symbol": "ED",
    "reportedCurrency": "USD",
    "cik": "0001047862",
    "fillingDate": "1996-09-30",
    "acceptedDate": "1996-09-30 00:00:00",
    "calendarYear": "1996",
    "period": "Q3",
    "revenue": 1920300000,
    "costOfRevenue": 519100000,
    "grossProfit": 1401200000,
    "grossProfitRatio": 0.7296776545,
    "researchAndDevelopmentExpenses": 0,
    "generalAndAdministrativeExpenses": 0,
    "sellingAndMarketingExpenses": 0,
    "sellingGeneralAndAdministrativeExpenses": 0,
    "otherExpenses": 809600000,
    "operatingExpenses": 809600000,
    "costAndExpenses": 1328700000,
    "interestIncome": 0,
    "interestExpense": 0,
    "depreciationAndAmortization": 121300000,
    "ebitda": 712800000,
    "ebitdaratio": 0.3711920012,
    "operatingIncome": 591600000,
    "operatingIncomeRatio": 0.308076863,
    "totalOtherIncomeExpensesNet": -83300000,
    "incomeBeforeTax": 508200000,
    "incomeBeforeTaxRatio": 0.264646149,
    "incomeTaxExpense": 180200000,
    "netIncome": 323400000,
    "netIncomeRatio": 0.1684111858,
    "eps": 1.38,
    "epsdiluted": 1.38,
    "weightedAverageShsOut": 234981000,
    "weightedAverageShsOutDil": 234981000,
    "link": null,
    "finalLink": null
  },
  {
    "date": "1996-06-30",
    "symbol": "ED",
    "reportedCurrency": "USD",
    "cik": "0001047862",
    "fillingDate": "1996-06-30",
    "acceptedDate": "1996-06-30 00:00:00",
    "calendarYear": "1996",
    "period": "Q2",
    "revenue": 1539700000,
    "costOfRevenue": 538500000,
    "grossProfit": 1001200000,
    "grossProfitRatio": 0.6502565435,
    "researchAndDevelopmentExpenses": 0,
    "generalAndAdministrativeExpenses": 0,
    "sellingAndMarketingExpenses": 0,
    "sellingGeneralAndAdministrativeExpenses": 0,
    "otherExpenses": 808000000,
    "operatingExpenses": 808000000,
    "costAndExpenses": 1346500000,
    "interestIncome": 0,
    "interestExpense": 0,
    "depreciationAndAmortization": 119900000,
    "ebitda": 313100000,
    "ebitdaratio": 0.2033513022,
    "operatingIncome": 193200000,
    "operatingIncomeRatio": 0.1254789894,
    "totalOtherIncomeExpensesNet": -80400000,
    "incomeBeforeTax": 112800000,
    "incomeBeforeTaxRatio": 0.0732610249,
    "incomeTaxExpense": 41400000,
    "netIncome": 66800000,
    "netIncomeRatio": 0.043385075,
    "eps": 0.28,
    "epsdiluted": 0.28,
    "weightedAverageShsOut": 234974000,
    "weightedAverageShsOutDil": 234974000,
    "link": null,
    "finalLink": null
  },
  {
    "date": "1996-03-31",
    "symbol": "ED",
    "reportedCurrency": "USD",
    "cik": "0001047862",
    "fillingDate": "1996-03-31",
    "acceptedDate": "1996-03-31 00:00:00",
    "calendarYear": "1996",
    "period": "Q1",
    "revenue": 1867400000,
    "costOfRevenue": 668700000,
    "grossProfit": 1198700000,
    "grossProfitRatio": 0.6419085359,
    "researchAndDevelopmentExpenses": 0,
    "generalAndAdministrativeExpenses": 0,
    "sellingAndMarketingExpenses": 0,
    "sellingGeneralAndAdministrativeExpenses": 0,
    "otherExpenses": 840900000,
    "operatingExpenses": 840900000,
    "costAndExpenses": 1509600000,
    "interestIncome": 0,
    "interestExpense": 0,
    "depreciationAndAmortization": 132600000,
    "ebitda": 490400000,
    "ebitdaratio": 0.2626111171,
    "operatingIncome": 357800000,
    "operatingIncomeRatio": 0.1916032987,
    "totalOtherIncomeExpensesNet": -77800000,
    "incomeBeforeTax": 280000000,
    "incomeBeforeTaxRatio": 0.1499410946,
    "incomeTaxExpense": 105500000,
    "netIncome": 168500000,
    "netIncomeRatio": 0.0902324087,
    "eps": 0.78,
    "epsdiluted": 0.78,
    "weightedAverageShsOut": 234963000,
    "weightedAverageShsOutDil": 234963000,
    "link": null,
    "finalLink": null
  },
  {
    "date": "1995-12-31",
    "symbol": "ED",
    "reportedCurrency": "USD",
    "cik": "0001047862",
    "fillingDate": "1995-12-31",
    "acceptedDate": "1995-12-31 00:00:00",
    "calendarYear": "1995",
    "period": "Q4",
    "revenue": 1528400000,
    "costOfRevenue": 448700000,
    "grossProfit": 1079700000,
    "grossProfitRatio": 0.7064250196,
    "researchAndDevelopmentExpenses": 0,
    "generalAndAdministrativeExpenses": 0,
    "sellingAndMarketingExpenses": 0,
    "sellingGeneralAndAdministrativeExpenses": 0,
    "otherExpenses": 828300000,
    "operatingExpenses": 828300000,
    "costAndExpenses": 1277000000,
    "interestIncome": 0,
    "interestExpense": 0,
    "depreciationAndAmortization": 117000000,
    "ebitda": 368400000,
    "ebitdaratio": 0.2410363779,
    "operatingIncome": 251400000,
    "operatingIncomeRatio": 0.1644857367,
    "totalOtherIncomeExpensesNet": -78000000,
    "incomeBeforeTax": 173400000,
    "incomeBeforeTaxRatio": 0.1134519759,
    "incomeTaxExpense": 60200000,
    "netIncome": 104300000,
    "netIncomeRatio": 0.0682412981,
    "eps": 0.48,
    "epsdiluted": 0.48,
    "weightedAverageShsOut": 234903000,
    "weightedAverageShsOutDil": 234918000,
    "link": null,
    "finalLink": null
  },
  {
    "date": "1995-09-30",
    "symbol": "ED",
    "reportedCurrency": "USD",
    "cik": "0001047862",
    "fillingDate": "1995-09-30",
    "acceptedDate": "1995-09-30 00:00:00",
    "calendarYear": "1995",
    "period": "Q3",
    "revenue": 1879900000,
    "costOfRevenue": 474400000,
    "grossProfit": 1405500000,
    "grossProfitRatio": 0.7476461514,
    "researchAndDevelopmentExpenses": 0,
    "generalAndAdministrativeExpenses": 0,
    "sellingAndMarketingExpenses": 0,
    "sellingGeneralAndAdministrativeExpenses": 0,
    "otherExpenses": 810000000,
    "operatingExpenses": 810000000,
    "costAndExpenses": 1284400000,
    "interestIncome": 0,
    "interestExpense": 0,
    "depreciationAndAmortization": 115600000,
    "ebitda": 711200000,
    "ebitdaratio": 0.3783179956,
    "operatingIncome": 595500000,
    "operatingIncomeRatio": 0.3167721687,
    "totalOtherIncomeExpensesNet": -80200000,
    "incomeBeforeTax": 515300000,
    "incomeBeforeTaxRatio": 0.274110325,
    "incomeTaxExpense": 182000000,
    "netIncome": 324400000,
    "netIncomeRatio": 0.1725623703,
    "eps": 1.38,
    "epsdiluted": 1.38,
    "weightedAverageShsOut": 234918000,
    "weightedAverageShsOutDil": 234918000,
    "link": null,
    "finalLink": null
  }
]