[
  {
    "date": "2025-06-30",
    "symbol": "EFX",
    "reportedCurrency": "USD",
    "cik": "0000033185",
    "fillingDate": "2025-07-22",
    "acceptedDate": "2025-07-22 06:33:09",
    "calendarYear": "2025",
    "period": "Q2",
    "revenue": 1537000000,
    "costOfRevenue": 664600000,
    "grossProfit": 872400000,
    "grossProfitRatio": 0.5675992193,
    "researchAndDevelopmentExpenses": 0,
    "generalAndAdministrativeExpenses": 0,
    "sellingAndMarketingExpenses": 0,
    "sellingGeneralAndAdministrativeExpenses": 384200000,
    "otherExpenses": 177400000,
    "operatingExpenses": 561600000,
    "costAndExpenses": 1226200000,
    "interestIncome": 0,
    "interestExpense": 53100000,
    "depreciationAndAmortization": 179300000,
    "ebitda": 493700000,
    "ebitdaratio": 0.3212101496,
    "operatingIncome": 310800000,
    "operatingIncomeRatio": 0.2022121015,
    "totalOtherIncomeExpensesNet": -49500000,
    "incomeBeforeTax": 261300000,
    "incomeBeforeTaxRatio": 0.1700065062,
    "incomeTaxExpense": 68700000,
    "netIncome": 191300000,
    "netIncomeRatio": 0.1244632401,
    "eps": 1.54,
    "epsdiluted": 1.53,
    "weightedAverageShsOut": 124000000,
    "weightedAverageShsOutDil": 125000000,
    "link": "https://www.sec.gov/Archives/edgar/data/33185/000003318525000049/0000033185-25-000049-index.htm",
    "finalLink": "https://www.sec.gov/Archives/edgar/data/33185/000003318525000049/exhibit99120250630.htm"
  },
  {
    "date": "2025-03-31",
    "symbol": "EFX",
    "reportedCurrency": "USD",
    "cik": "0000033185",
    "fillingDate": "2025-04-22",
    "acceptedDate": "2025-04-22 16:20:35",
    "calendarYear": "2025",
    "period": "Q1",
    "revenue": 1442000000,
    "costOfRevenue": 656700000,
    "grossProfit": 785300000,
    "grossProfitRatio": 0.544590846,
    "researchAndDevelopmentExpenses": 0,
    "generalAndAdministrativeExpenses": 0,
    "sellingAndMarketingExpenses": 0,
    "sellingGeneralAndAdministrativeExpenses": 374900000,
    "otherExpenses": 174600000,
    "operatingExpenses": 549500000,
    "costAndExpenses": 1206200000,
    "interestIncome": 0,
    "interestExpense": 52900000,
    "depreciationAndAmortization": 176400000,
    "ebitda": 414700000,
    "ebitdaratio": 0.2875866852,
    "operatingIncome": 235800000,
    "operatingIncomeRatio": 0.1635228849,
    "totalOtherIncomeExpensesNet": -50400000,
    "incomeBeforeTax": 185400000,
    "incomeBeforeTaxRatio": 0.1285714286,
    "incomeTaxExpense": 51600000,
    "netIncome": 133100000,
    "netIncomeRatio": 0.0923023578,
    "eps": 1.07,
    "epsdiluted": 1.06,
    "weightedAverageShsOut": 124100000,
    "weightedAverageShsOutDil": 125100000,
    "link": "https://www.sec.gov/Archives/edgar/data/33185/000003318525000042/0000033185-25-000042-index.htm",
    "finalLink": "https://www.sec.gov/Archives/edgar/data/33185/000003318525000042/efx-20250331.htm"
  },
  {
    "date": "2024-12-31",
    "symbol": "EFX",
    "reportedCurrency": "USD",
    "cik": "0000033185",
    "fillingDate": "2025-02-20",
    "acceptedDate": "2025-02-20 16:25:43",
    "calendarYear": "2024",
    "period": "Q4",
    "revenue": 1419400000,
    "costOfRevenue": 615000000,
    "grossProfit": 804400000,
    "grossProfitRatio": 0.5667183317,
    "researchAndDevelopmentExpenses": 0,
    "generalAndAdministrativeExpenses": 0,
    "sellingAndMarketingExpenses": 0,
    "sellingGeneralAndAdministrativeExpenses": 344800000,
    "otherExpenses": 171500000,
    "operatingExpenses": 516300000,
    "costAndExpenses": 1131300000,
    "interestIncome": 0,
    "interestExpense": 55700000,
    "depreciationAndAmortization": 173700000,
    "ebitda": 455000000,
    "ebitdaratio": 0.3205579822,
    "operatingIncome": 288100000,
    "operatingIncomeRatio": 0.2029730872,
    "totalOtherIncomeExpensesNet": -62500000,
    "incomeBeforeTax": 225600000,
    "incomeBeforeTaxRatio": 0.1589403974,
    "incomeTaxExpense": 52200000,
    "netIncome": 174000000,
    "netIncomeRatio": 0.1225870086,
    "eps": 1.4,
    "epsdiluted": 1.39,
    "weightedAverageShsOut": 124000000,
    "weightedAverageShsOutDil": 125100000,
    "link": "https://www.sec.gov/Archives/edgar/data/33185/000003318525000025/0000033185-25-000025-index.htm",
    "finalLink": "https://www.sec.gov/Archives/edgar/data/33185/000003318525000025/efx-20241231.htm"
  },
  {
    "date": "2024-09-30",
    "symbol": "EFX",
    "reportedCurrency": "USD",
    "cik": "0000033185",
    "fillingDate": "2024-10-21",
    "acceptedDate": "2024-10-21 16:39:04",
    "calendarYear": "2024",
    "period": "Q3",
    "revenue": 1441800000,
    "costOfRevenue": 645200000,
    "grossProfit": 796600000,
    "grossProfitRatio": 0.5525038147,
    "researchAndDevelopmentExpenses": 0,
    "generalAndAdministrativeExpenses": 0,
    "sellingAndMarketingExpenses": 0,
    "sellingGeneralAndAdministrativeExpenses": 380400000,
    "otherExpenses": 169100000,
    "operatingExpenses": 549500000,
    "costAndExpenses": 1194700000,
    "interestIncome": 0,
    "interestExpense": 56300000,
    "depreciationAndAmortization": 173400000,
    "ebitda": 423500000,
    "ebitdaratio": 0.2937300596,
    "operatingIncome": 247100000,
    "operatingIncomeRatio": 0.1713829935,
    "totalOtherIncomeExpensesNet": -53300000,
    "incomeBeforeTax": 193800000,
    "incomeBeforeTaxRatio": 0.1344153142,
    "incomeTaxExpense": 51100000,
    "netIncome": 141300000,
    "netIncomeRatio": 0.0980024969,
    "eps": 1.14,
    "epsdiluted": 1.13,
    "weightedAverageShsOut": 123900000,
    "weightedAverageShsOutDil": 125200000,
    "link": "https://www.sec.gov/Archives/edgar/data/33185/000003318524000063/0000033185-24-000063-index.htm",
    "finalLink": "https://www.sec.gov/Archives/edgar/data/33185/000003318524000063/efx-20240930.htm"
  },
  {
    "date": "2024-06-30",
    "symbol": "EFX",
    "reportedCurrency": "USD",
    "cik": "0000033185",
    "fillingDate": "2024-07-22",
    "acceptedDate": "2024-07-22 16:17:01",
    "calendarYear": "2024",
    "period": "Q2",
    "revenue": 1430500000,
    "costOfRevenue": 630900000,
    "grossProfit": 799600000,
    "grossProfitRatio": 0.5589653967,
    "researchAndDevelopmentExpenses": 0,
    "generalAndAdministrativeExpenses": 0,
    "sellingAndMarketingExpenses": 0,
    "sellingGeneralAndAdministrativeExpenses": 352600000,
    "otherExpenses": 164800000,
    "operatingExpenses": 517400000,
    "costAndExpenses": 1148300000,
    "interestIncome": 0,
    "interestExpense": 57300000,
    "depreciationAndAmortization": 166900000,
    "ebitda": 448800000,
    "ebitdaratio": 0.3137364558,
    "operatingIncome": 282200000,
    "operatingIncomeRatio": 0.1972736805,
    "totalOtherIncomeExpensesNet": -57600000,
    "incomeBeforeTax": 224600000,
    "incomeBeforeTaxRatio": 0.1570080391,
    "incomeTaxExpense": 59400000,
    "netIncome": 163900000,
    "netIncomeRatio": 0.1145753233,
    "eps": 1.32,
    "epsdiluted": 1.31,
    "weightedAverageShsOut": 123700000,
    "weightedAverageShsOutDil": 124800000,
    "link": "https://www.sec.gov/Archives/edgar/data/33185/000003318524000049/0000033185-24-000049-index.htm",
    "finalLink": "https://www.sec.gov/Archives/edgar/data/33185/000003318524000049/efx-20240630.htm"
  },
  {
    "date": "2024-03-31",
    "symbol": "EFX",
    "reportedCurrency": "USD",
    "cik": "0000033185",
    "fillingDate": "2024-04-22",
    "acceptedDate": "2024-04-22 16:24:51",
    "calendarYear": "2024",
    "period": "Q1",
    "revenue": 1389400000,
    "costOfRevenue": 627700000,
    "grossProfit": 761700000,
    "grossProfitRatio": 0.5482222542,
    "researchAndDevelopmentExpenses": 0,
    "generalAndAdministrativeExpenses": 0,
    "sellingAndMarketingExpenses": 0,
    "sellingGeneralAndAdministrativeExpenses": 372600000,
    "otherExpenses": 164400000,
    "operatingExpenses": 537000000,
    "costAndExpenses": 1164700000,
    "interestIncome": 0,
    "interestExpense": 59700000,
    "depreciationAndAmortization": 166600000,
    "ebitda": 392900000,
    "ebitdaratio": 0.2827839355,
    "operatingIncome": 224700000,
    "operatingIncomeRatio": 0.1617244854,
    "totalOtherIncomeExpensesNet": -58100000,
    "incomeBeforeTax": 166600000,
    "incomeBeforeTaxRatio": 0.1199078739,
    "incomeTaxExpense": 40500000,
    "netIncome": 124900000,
    "netIncomeRatio": 0.0898949187,
    "eps": 1.01,
    "epsdiluted": 1,
    "weightedAverageShsOut": 123500000,
    "weightedAverageShsOutDil": 124800000,
    "link": "https://www.sec.gov/Archives/edgar/data/33185/000003318524000032/0000033185-24-000032-index.htm",
    "finalLink": "https://www.sec.gov/Archives/edgar/data/33185/000003318524000032/efx-20240331.htm"
  },
  {
    "date": "2023-12-31",
    "symbol": "EFX",
    "reportedCurrency": "USD",
    "cik": "0000033185",
    "fillingDate": "2024-02-22",
    "acceptedDate": "2024-02-22 16:20:17",
    "calendarYear": "2023",
    "period": "Q4",
    "revenue": 1326500000,
    "costOfRevenue": 581600000,
    "grossProfit": 744900000,
    "grossProfitRatio": 0.5615529589,
    "researchAndDevelopmentExpenses": 0,
    "generalAndAdministrativeExpenses": 0,
    "sellingAndMarketingExpenses": 0,
    "sellingGeneralAndAdministrativeExpenses": 343400000,
    "otherExpenses": 156400000,
    "operatingExpenses": 499800000,
    "costAndExpenses": 1081400000,
    "interestIncome": 0,
    "interestExpense": 60300000,
    "depreciationAndAmortization": 158800000,
    "ebitda": 401900000,
    "ebitdaratio": 0.302977761,
    "operatingIncome": 245100000,
    "operatingIncomeRatio": 0.1847719563,
    "totalOtherIncomeExpensesNet": -62300000,
    "incomeBeforeTax": 182800000,
    "incomeBeforeTaxRatio": 0.1378062571,
    "incomeTaxExpense": 48300000,
    "netIncome": 132400000,
    "netIncomeRatio": 0.0998115341,
    "eps": 1.07,
    "epsdiluted": 1.06,
    "weightedAverageShsOut": 123300000,
    "weightedAverageShsOutDil": 124400000,
    "link": "https://www.sec.gov/Archives/edgar/data/33185/000003318524000017/0000033185-24-000017-index.htm",
    "finalLink": "https://www.sec.gov/Archives/edgar/data/33185/000003318524000017/efx-20231231.htm"
  },
  {
    "date": "2023-09-30",
    "symbol": "EFX",
    "reportedCurrency": "USD",
    "cik": "0000033185",
    "fillingDate": "2023-10-23",
    "acceptedDate": "2023-10-23 16:29:54",
    "calendarYear": "2023",
    "period": "Q3",
    "revenue": 1319100000,
    "costOfRevenue": 585200000,
    "grossProfit": 733900000,
    "grossProfitRatio": 0.5563641877,
    "researchAndDevelopmentExpenses": 0,
    "generalAndAdministrativeExpenses": 0,
    "sellingAndMarketingExpenses": 0,
    "sellingGeneralAndAdministrativeExpenses": 333100000,
    "otherExpenses": 154400000,
    "operatingExpenses": 487500000,
    "costAndExpenses": 1072700000,
    "interestIncome": 0,
    "interestExpense": 62800000,
    "depreciationAndAmortization": 156700000,
    "ebitda": 410200000,
    "ebitdaratio": 0.3109696005,
    "operatingIncome": 246400000,
    "operatingIncomeRatio": 0.1867940262,
    "totalOtherIncomeExpensesNet": -55700000,
    "incomeBeforeTax": 190700000,
    "incomeBeforeTaxRatio": 0.1445682662,
    "incomeTaxExpense": 26400000,
    "netIncome": 162200000,
    "netIncomeRatio": 0.122962626,
    "eps": 1.32,
    "epsdiluted": 1.31,
    "weightedAverageShsOut": 123000000,
    "weightedAverageShsOutDil": 123900000,
    "link": "https://www.sec.gov/Archives/edgar/data/33185/000003318523000045/0000033185-23-000045-index.htm",
    "finalLink": "https://www.sec.gov/Archives/edgar/data/33185/000003318523000045/efx-20230930.htm"
  },
  {
    "date": "2023-06-30",
    "symbol": "EFX",
    "reportedCurrency": "USD",
    "cik": "0000033185",
    "fillingDate": "2023-07-25",
    "acceptedDate": "2023-07-25 16:16:48",
    "calendarYear": "2023",
    "period": "Q2",
    "revenue": 1317600000,
    "costOfRevenue": 588000000,
    "grossProfit": 729600000,
    "grossProfitRatio": 0.5537340619,
    "researchAndDevelopmentExpenses": 0,
    "generalAndAdministrativeExpenses": 0,
    "sellingAndMarketingExpenses": 0,
    "sellingGeneralAndAdministrativeExpenses": 343100000,
    "otherExpenses": 149600000,
    "operatingExpenses": 492700000,
    "costAndExpenses": 1080700000,
    "interestIncome": 0,
    "interestExpense": 60700000,
    "depreciationAndAmortization": 152100000,
    "ebitda": 404900000,
    "ebitdaratio": 0.3073011536,
    "operatingIncome": 236900000,
    "operatingIncomeRatio": 0.1797965999,
    "totalOtherIncomeExpensesNet": -44800000,
    "incomeBeforeTax": 192100000,
    "incomeBeforeTaxRatio": 0.1457953855,
    "incomeTaxExpense": 52700000,
    "netIncome": 138300000,
    "netIncomeRatio": 0.1049635701,
    "eps": 1.13,
    "epsdiluted": 1.12,
    "weightedAverageShsOut": 122700000,
    "weightedAverageShsOutDil": 123800000,
    "link": "https://www.sec.gov/Archives/edgar/data/33185/000003318523000034/0000033185-23-000034-index.htm",
    "finalLink": "https://www.sec.gov/Archives/edgar/data/33185/000003318523000034/efx-20230630.htm"
  },
  {
    "date": "2023-03-31",
    "symbol": "EFX",
    "reportedCurrency": "USD",
    "cik": "0000033185",
    "fillingDate": "2023-04-20",
    "acceptedDate": "2023-04-20 16:59:03",
    "calendarYear": "2023",
    "period": "Q1",
    "revenue": 1302000000,
    "costOfRevenue": 580400000,
    "grossProfit": 721600000,
    "grossProfitRatio": 0.5542242704,
    "researchAndDevelopmentExpenses": 0,
    "generalAndAdministrativeExpenses": 0,
    "sellingAndMarketingExpenses": 0,
    "sellingGeneralAndAdministrativeExpenses": 366100000,
    "otherExpenses": 150100000,
    "operatingExpenses": 516200000,
    "costAndExpenses": 1096600000,
    "interestIncome": 0,
    "interestExpense": 57600000,
    "depreciationAndAmortization": 152200000,
    "ebitda": 362000000,
    "ebitdaratio": 0.2780337942,
    "operatingIncome": 205400000,
    "operatingIncomeRatio": 0.1577572965,
    "totalOtherIncomeExpensesNet": -53200000,
    "incomeBeforeTax": 152200000,
    "incomeBeforeTaxRatio": 0.1168970814,
    "incomeTaxExpense": 38700000,
    "netIncome": 112400000,
    "netIncomeRatio": 0.086328725,
    "eps": 0.92,
    "epsdiluted": 0.91,
    "weightedAverageShsOut": 122600000,
    "weightedAverageShsOutDil": 123500000,
    "link": "https://www.sec.gov/Archives/edgar/data/33185/000003318523000023/0000033185-23-000023-index.htm",
    "finalLink": "https://www.sec.gov/Archives/edgar/data/33185/000003318523000023/efx-20230331.htm"
  },
  {
    "date": "2022-12-31",
    "symbol": "EFX",
    "reportedCurrency": "USD",
    "cik": "0000033185",
    "fillingDate": "2023-02-23",
    "acceptedDate": "2023-02-23 16:36:35",
    "calendarYear": "2022",
    "period": "Q4",
    "revenue": 1197900000,
    "costOfRevenue": 539200000,
    "grossProfit": 658700000,
    "grossProfitRatio": 0.5498789548,
    "researchAndDevelopmentExpenses": 0,
    "generalAndAdministrativeExpenses": 0,
    "sellingAndMarketingExpenses": 0,
    "sellingGeneralAndAdministrativeExpenses": 340400000,
    "otherExpenses": 142300000,
    "operatingExpenses": 482700000,
    "costAndExpenses": 1021900000,
    "interestIncome": 0,
    "interestExpense": 54500000,
    "depreciationAndAmortization": 144500000,
    "ebitda": 340400000,
    "ebitdaratio": 0.2841639536,
    "operatingIncome": 176000000,
    "operatingIncomeRatio": 0.1469237833,
    "totalOtherIncomeExpensesNet": -34600000,
    "incomeBeforeTax": 141400000,
    "incomeBeforeTaxRatio": 0.1180399032,
    "incomeTaxExpense": 32300000,
    "netIncome": 108200000,
    "netIncomeRatio": 0.090324735,
    "eps": 0.88,
    "epsdiluted": 0.88,
    "weightedAverageShsOut": 122954545,
    "weightedAverageShsOutDil": 123300000,
    "link": "https://www.sec.gov/Archives/edgar/data/33185/000003318523000012/0000033185-23-000012-index.htm",
    "finalLink": "https://www.sec.gov/Archives/edgar/data/33185/000003318523000012/efx-20221231.htm"
  },
  {
    "date": "2022-09-30",
    "symbol": "EFX",
    "reportedCurrency": "USD",
    "cik": "0000033185",
    "fillingDate": "2022-10-20",
    "acceptedDate": "2022-10-20 16:37:42",
    "calendarYear": "2022",
    "period": "Q3",
    "revenue": 1244300000,
    "costOfRevenue": 542500000,
    "grossProfit": 701800000,
    "grossProfitRatio": 0.5640118942,
    "researchAndDevelopmentExpenses": 0,
    "generalAndAdministrativeExpenses": 0,
    "sellingAndMarketingExpenses": 0,
    "sellingGeneralAndAdministrativeExpenses": 318000000,
    "otherExpenses": 140900000,
    "operatingExpenses": 458900000,
    "costAndExpenses": 1001400000,
    "interestIncome": 0,
    "interestExpense": 47100000,
    "depreciationAndAmortization": 142900000,
    "ebitda": 409700000,
    "ebitdaratio": 0.3292614321,
    "operatingIncome": 242900000,
    "operatingIncomeRatio": 0.1952101583,
    "totalOtherIncomeExpensesNet": -23200000,
    "incomeBeforeTax": 219700000,
    "incomeBeforeTaxRatio": 0.176565137,
    "incomeTaxExpense": 52800000,
    "netIncome": 165700000,
    "netIncomeRatio": 0.1331672426,
    "eps": 1.35,
    "epsdiluted": 1.34,
    "weightedAverageShsOut": 122400000,
    "weightedAverageShsOutDil": 123300000,
    "link": "https://www.sec.gov/Archives/edgar/data/33185/000003318522000058/0000033185-22-000058-index.htm",
    "finalLink": "https://www.sec.gov/Archives/edgar/data/33185/000003318522000058/efx-20220930.htm"
  },
  {
    "date": "2022-06-30",
    "symbol": "EFX",
    "reportedCurrency": "USD",
    "cik": "0000033185",
    "fillingDate": "2022-07-21",
    "acceptedDate": "2022-07-21 16:52:10",
    "calendarYear": "2022",
    "period": "Q2",
    "revenue": 1316700000,
    "costOfRevenue": 542100000,
    "grossProfit": 774600000,
    "grossProfitRatio": 0.5882889041,
    "researchAndDevelopmentExpenses": 0,
    "generalAndAdministrativeExpenses": 0,
    "sellingAndMarketingExpenses": 0,
    "sellingGeneralAndAdministrativeExpenses": 330200000,
    "otherExpenses": 139800000,
    "operatingExpenses": 470000000,
    "costAndExpenses": 1012100000,
    "interestIncome": 0,
    "interestExpense": 41600000,
    "depreciationAndAmortization": 141900000,
    "ebitda": 448300000,
    "ebitdaratio": 0.3404723931,
    "operatingIncome": 304600000,
    "operatingIncomeRatio": 0.2313359155,
    "totalOtherIncomeExpensesNet": -39800000,
    "incomeBeforeTax": 264800000,
    "incomeBeforeTaxRatio": 0.2011088327,
    "incomeTaxExpense": 63400000,
    "netIncome": 200600000,
    "netIncomeRatio": 0.1523505734,
    "eps": 1.64,
    "epsdiluted": 1.63,
    "weightedAverageShsOut": 122400000,
    "weightedAverageShsOutDil": 123300000,
    "link": "https://www.sec.gov/Archives/edgar/data/33185/000003318522000042/0000033185-22-000042-index.htm",
    "finalLink": "https://www.sec.gov/Archives/edgar/data/33185/000003318522000042/efx-20220630.htm"
  },
  {
    "date": "2022-03-31",
    "symbol": "EFX",
    "reportedCurrency": "USD",
    "cik": "0000033185",
    "fillingDate": "2022-04-21",
    "acceptedDate": "2022-04-21 16:38:41",
    "calendarYear": "2022",
    "period": "Q1",
    "revenue": 1363200000,
    "costOfRevenue": 553400000,
    "grossProfit": 809800000,
    "grossProfitRatio": 0.5940434272,
    "researchAndDevelopmentExpenses": 0,
    "generalAndAdministrativeExpenses": 0,
    "sellingAndMarketingExpenses": 0,
    "sellingGeneralAndAdministrativeExpenses": 340300000,
    "otherExpenses": 137100000,
    "operatingExpenses": 477400000,
    "costAndExpenses": 1030800000,
    "interestIncome": 0,
    "interestExpense": 39700000,
    "depreciationAndAmortization": 139300000,
    "ebitda": 482800000,
    "ebitdaratio": 0.3541666667,
    "operatingIncome": 332400000,
    "operatingIncomeRatio": 0.2438380282,
    "totalOtherIncomeExpensesNet": -28600000,
    "incomeBeforeTax": 303800000,
    "incomeBeforeTaxRatio": 0.2228579812,
    "incomeTaxExpense": 81000000,
    "netIncome": 221800000,
    "netIncomeRatio": 0.1627053991,
    "eps": 1.82,
    "epsdiluted": 1.8,
    "weightedAverageShsOut": 122200000,
    "weightedAverageShsOutDil": 123500000,
    "link": "https://www.sec.gov/Archives/edgar/data/33185/000003318522000024/0000033185-22-000024-index.htm",
    "finalLink": "https://www.sec.gov/Archives/edgar/data/33185/000003318522000024/efx-20220331.htm"
  },
  {
    "date": "2021-12-31",
    "symbol": "EFX",
    "reportedCurrency": "USD",
    "cik": "0000033185",
    "fillingDate": "2022-02-24",
    "acceptedDate": "2022-02-24 16:55:14",
    "calendarYear": "2021",
    "period": "Q4",
    "revenue": 1253200000,
    "costOfRevenue": 525600000,
    "grossProfit": 727600000,
    "grossProfitRatio": 0.5805936802,
    "researchAndDevelopmentExpenses": 0,
    "generalAndAdministrativeExpenses": 0,
    "sellingAndMarketingExpenses": 0,
    "sellingGeneralAndAdministrativeExpenses": 343200000,
    "otherExpenses": 132200000,
    "operatingExpenses": 475400000,
    "costAndExpenses": 1001000000,
    "interestIncome": 0,
    "interestExpense": 38500000,
    "depreciationAndAmortization": 134700000,
    "ebitda": 311400000,
    "ebitdaratio": 0.2484838813,
    "operatingIncome": 252200000,
    "operatingIncomeRatio": 0.2012448133,
    "totalOtherIncomeExpensesNet": -114000000,
    "incomeBeforeTax": 138200000,
    "incomeBeforeTaxRatio": 0.1102776891,
    "incomeTaxExpense": 15200000,
    "netIncome": 122100000,
    "netIncomeRatio": 0.0974305777,
    "eps": 1,
    "epsdiluted": 0.99,
    "weightedAverageShsOut": 122000000,
    "weightedAverageShsOutDil": 123800000,
    "link": "https://www.sec.gov/Archives/edgar/data/33185/000003318522000014/0000033185-22-000014-index.htm",
    "finalLink": "https://www.sec.gov/Archives/edgar/data/33185/000003318522000014/efx-20211231.htm"
  },
  {
    "date": "2021-09-30",
    "symbol": "EFX",
    "reportedCurrency": "USD",
    "cik": "0000033185",
    "fillingDate": "2021-10-21",
    "acceptedDate": "2021-10-21 16:34:04",
    "calendarYear": "2021",
    "period": "Q3",
    "revenue": 1222900000,
    "costOfRevenue": 489000000,
    "grossProfit": 733900000,
    "grossProfitRatio": 0.6001308365,
    "researchAndDevelopmentExpenses": 0,
    "generalAndAdministrativeExpenses": 0,
    "sellingAndMarketingExpenses": 0,
    "sellingGeneralAndAdministrativeExpenses": 344200000,
    "otherExpenses": 116500000,
    "operatingExpenses": 460700000,
    "costAndExpenses": 949700000,
    "interestIncome": 0,
    "interestExpense": 35000000,
    "depreciationAndAmortization": 118500000,
    "ebitda": 418900000,
    "ebitdaratio": 0.3425464061,
    "operatingIncome": 273200000,
    "operatingIncomeRatio": 0.2234033854,
    "totalOtherIncomeExpensesNet": -7800000,
    "incomeBeforeTax": 265400000,
    "incomeBeforeTaxRatio": 0.2170251043,
    "incomeTaxExpense": 58800000,
    "netIncome": 205400000,
    "netIncomeRatio": 0.1679614032,
    "eps": 1.68,
    "epsdiluted": 1.66,
    "weightedAverageShsOut": 121900000,
    "weightedAverageShsOutDil": 123700000,
    "link": "https://www.sec.gov/Archives/edgar/data/33185/000003318521000055/0000033185-21-000055-index.htm",
    "finalLink": "https://www.sec.gov/Archives/edgar/data/33185/000003318521000055/efx-20210930.htm"
  },
  {
    "date": "2021-06-30",
    "symbol": "EFX",
    "reportedCurrency": "USD",
    "cik": "0000033185",
    "fillingDate": "2021-07-22",
    "acceptedDate": "2021-07-22 16:23:59",
    "calendarYear": "2021",
    "period": "Q2",
    "revenue": 1234800000,
    "costOfRevenue": 483000000,
    "grossProfit": 751800000,
    "grossProfitRatio": 0.6088435374,
    "researchAndDevelopmentExpenses": 0,
    "generalAndAdministrativeExpenses": 0,
    "sellingAndMarketingExpenses": 0,
    "sellingGeneralAndAdministrativeExpenses": 328400000,
    "otherExpenses": 117400000,
    "operatingExpenses": 445800000,
    "costAndExpenses": 928800000,
    "interestIncome": 0,
    "interestExpense": 34900000,
    "depreciationAndAmortization": 119700000,
    "ebitda": 431700000,
    "ebitdaratio": 0.3496112731,
    "operatingIncome": 306000000,
    "operatingIncomeRatio": 0.2478134111,
    "totalOtherIncomeExpensesNet": -28900000,
    "incomeBeforeTax": 277100000,
    "incomeBeforeTaxRatio": 0.2244088111,
    "incomeTaxExpense": 61200000,
    "netIncome": 215100000,
    "netIncomeRatio": 0.1741982507,
    "eps": 1.77,
    "epsdiluted": 1.74,
    "weightedAverageShsOut": 121800000,
    "weightedAverageShsOutDil": 123500000,
    "link": "https://www.sec.gov/Archives/edgar/data/33185/000003318521000044/0000033185-21-000044-index.htm",
    "finalLink": "https://www.sec.gov/Archives/edgar/data/33185/000003318521000044/efx-20210630.htm"
  },
  {
    "date": "2021-03-31",
    "symbol": "EFX",
    "reportedCurrency": "USD",
    "cik": "0000033185",
    "fillingDate": "2021-04-22",
    "acceptedDate": "2021-04-22 16:31:33",
    "calendarYear": "2021",
    "period": "Q1",
    "revenue": 1213000000,
    "costOfRevenue": 483300000,
    "grossProfit": 729700000,
    "grossProfitRatio": 0.6015663644,
    "researchAndDevelopmentExpenses": 0,
    "generalAndAdministrativeExpenses": 0,
    "sellingAndMarketingExpenses": 0,
    "sellingGeneralAndAdministrativeExpenses": 308800000,
    "otherExpenses": 114300000,
    "operatingExpenses": 423100000,
    "costAndExpenses": 906400000,
    "interestIncome": 0,
    "interestExpense": 37200000,
    "depreciationAndAmortization": 116700000,
    "ebitda": 422400000,
    "ebitdaratio": 0.348227535,
    "operatingIncome": 306600000,
    "operatingIncomeRatio": 0.2527617477,
    "totalOtherIncomeExpensesNet": -38100000,
    "incomeBeforeTax": 268500000,
    "incomeBeforeTaxRatio": 0.2213520198,
    "incomeTaxExpense": 65600000,
    "netIncome": 201600000,
    "netIncomeRatio": 0.1661995054,
    "eps": 1.66,
    "epsdiluted": 1.64,
    "weightedAverageShsOut": 121800000,
    "weightedAverageShsOutDil": 123200000,
    "link": "https://www.sec.gov/Archives/edgar/data/33185/000003318521000032/0000033185-21-000032-index.htm",
    "finalLink": "https://www.sec.gov/Archives/edgar/data/33185/000003318521000032/efx-20210331.htm"
  },
  {
    "date": "2020-12-31",
    "symbol": "EFX",
    "reportedCurrency": "USD",
    "cik": "0000033185",
    "fillingDate": "2021-02-25",
    "acceptedDate": "2021-02-25 16:41:22",
    "calendarYear": "2020",
    "period": "Q4",
    "revenue": 1118400000,
    "costOfRevenue": 480900000,
    "grossProfit": 637500000,
    "grossProfitRatio": 0.5700107296,
    "researchAndDevelopmentExpenses": 0,
    "generalAndAdministrativeExpenses": 0,
    "sellingAndMarketingExpenses": 0,
    "sellingGeneralAndAdministrativeExpenses": 366600000,
    "otherExpenses": 101500000,
    "operatingExpenses": 468100000,
    "costAndExpenses": 949000000,
    "interestIncome": 0,
    "interestExpense": 36900000,
    "depreciationAndAmortization": 104100000,
    "ebitda": 252600000,
    "ebitdaratio": 0.2258583691,
    "operatingIncome": 169400000,
    "operatingIncomeRatio": 0.1514663805,
    "totalOtherIncomeExpensesNet": -57800000,
    "incomeBeforeTax": 111600000,
    "incomeBeforeTaxRatio": 0.0997854077,
    "incomeTaxExpense": 21000000,
    "netIncome": 87400000,
    "netIncomeRatio": 0.0781473534,
    "eps": 0.61,
    "epsdiluted": 0.61,
    "weightedAverageShsOut": 121700000,
    "weightedAverageShsOutDil": 123100000,
    "link": "https://www.sec.gov/Archives/edgar/data/33185/000003318521000025/0000033185-21-000025-index.htm",
    "finalLink": "https://www.sec.gov/Archives/edgar/data/33185/000003318521000025/efx-20201231.htm"
  },
  {
    "date": "2020-09-30",
    "symbol": "EFX",
    "reportedCurrency": "USD",
    "cik": "0000033185",
    "fillingDate": "2020-10-22",
    "acceptedDate": "2020-10-22 16:48:08",
    "calendarYear": "2020",
    "period": "Q3",
    "revenue": 1068300000,
    "costOfRevenue": 433200000,
    "grossProfit": 635100000,
    "grossProfitRatio": 0.5944959281,
    "researchAndDevelopmentExpenses": 0,
    "generalAndAdministrativeExpenses": 0,
    "sellingAndMarketingExpenses": 0,
    "sellingGeneralAndAdministrativeExpenses": 330000000,
    "otherExpenses": 100700000,
    "operatingExpenses": 430700000,
    "costAndExpenses": 863900000,
    "interestIncome": 0,
    "interestExpense": 37400000,
    "depreciationAndAmortization": 103100000,
    "ebitda": 446600000,
    "ebitdaratio": 0.418047365,
    "operatingIncome": 204400000,
    "operatingIncomeRatio": 0.1913320228,
    "totalOtherIncomeExpensesNet": 101700000,
    "incomeBeforeTax": 306100000,
    "incomeBeforeTaxRatio": 0.2865300009,
    "incomeTaxExpense": 76800000,
    "netIncome": 228500000,
    "netIncomeRatio": 0.2138912291,
    "eps": 1.84,
    "epsdiluted": 1.82,
    "weightedAverageShsOut": 121500000,
    "weightedAverageShsOutDil": 123000000,
    "link": "https://www.sec.gov/Archives/edgar/data/33185/000003318520000054/0000033185-20-000054-index.htm",
    "finalLink": "https://www.sec.gov/Archives/edgar/data/33185/000003318520000054/efx-20200930.htm"
  },
  {
    "date": "2020-06-30",
    "symbol": "EFX",
    "reportedCurrency": "USD",
    "cik": "0000033185",
    "fillingDate": "2020-07-23",
    "acceptedDate": "2020-07-23 16:16:17",
    "calendarYear": "2020",
    "period": "Q2",
    "revenue": 982800000,
    "costOfRevenue": 409300000,
    "grossProfit": 573500000,
    "grossProfitRatio": 0.5835368335,
    "researchAndDevelopmentExpenses": 0,
    "generalAndAdministrativeExpenses": 0,
    "sellingAndMarketingExpenses": 0,
    "sellingGeneralAndAdministrativeExpenses": 309900000,
    "otherExpenses": 96800000,
    "operatingExpenses": 406700000,
    "costAndExpenses": 816000000,
    "interestIncome": 0,
    "interestExpense": 36600000,
    "depreciationAndAmortization": 97800000,
    "ebitda": 262800000,
    "ebitdaratio": 0.2673992674,
    "operatingIncome": 166800000,
    "operatingIncomeRatio": 0.1697191697,
    "totalOtherIncomeExpensesNet": -38400000,
    "incomeBeforeTax": 128400000,
    "incomeBeforeTaxRatio": 0.1306471306,
    "incomeTaxExpense": 28000000,
    "netIncome": 100200000,
    "netIncomeRatio": 0.101953602,
    "eps": 0.79,
    "epsdiluted": 0.78,
    "weightedAverageShsOut": 121400000,
    "weightedAverageShsOutDil": 122700000,
    "link": "https://www.sec.gov/Archives/edgar/data/33185/000003318520000042/0000033185-20-000042-index.htm",
    "finalLink": "https://www.sec.gov/Archives/edgar/data/33185/000003318520000042/efx-20200630.htm"
  },
  {
    "date": "2020-03-31",
    "symbol": "EFX",
    "reportedCurrency": "USD",
    "cik": "0000033185",
    "fillingDate": "2020-04-21",
    "acceptedDate": "2020-04-21 16:42:16",
    "calendarYear": "2020",
    "period": "Q1",
    "revenue": 957900000,
    "costOfRevenue": 414100000,
    "grossProfit": 543800000,
    "grossProfitRatio": 0.5677001775,
    "researchAndDevelopmentExpenses": 0,
    "generalAndAdministrativeExpenses": 0,
    "sellingAndMarketingExpenses": 0,
    "sellingGeneralAndAdministrativeExpenses": 316000000,
    "otherExpenses": 91900000,
    "operatingExpenses": 407900000,
    "costAndExpenses": 822000000,
    "interestIncome": 0,
    "interestExpense": 30700000,
    "depreciationAndAmortization": 94300000,
    "ebitda": 281300000,
    "ebitdaratio": 0.2936632216,
    "operatingIncome": 135900000,
    "operatingIncomeRatio": 0.1418728469,
    "totalOtherIncomeExpensesNet": 20400000,
    "incomeBeforeTax": 156300000,
    "incomeBeforeTaxRatio": 0.1631694331,
    "incomeTaxExpense": 37500000,
    "netIncome": 116900000,
    "netIncomeRatio": 0.122037791,
    "eps": 0.93,
    "epsdiluted": 0.92,
    "weightedAverageShsOut": 121300000,
    "weightedAverageShsOutDil": 122600000,
    "link": "https://www.sec.gov/Archives/edgar/data/33185/000003318520000027/0000033185-20-000027-index.htm",
    "finalLink": "https://www.sec.gov/Archives/edgar/data/33185/000003318520000027/efx-20200331.htm"
  },
  {
    "date": "2019-12-31",
    "symbol": "EFX",
    "reportedCurrency": "USD",
    "cik": "0000033185",
    "fillingDate": "2020-02-20",
    "acceptedDate": "2020-02-20 16:24:35",
    "calendarYear": "2019",
    "period": "Q4",
    "revenue": 905800000,
    "costOfRevenue": 382800000,
    "grossProfit": 523000000,
    "grossProfitRatio": 0.5773901524,
    "researchAndDevelopmentExpenses": 0,
    "generalAndAdministrativeExpenses": 0,
    "sellingAndMarketingExpenses": 0,
    "sellingGeneralAndAdministrativeExpenses": 389000000,
    "otherExpenses": 86900000,
    "operatingExpenses": 475900000,
    "costAndExpenses": 858800000,
    "interestIncome": 0,
    "interestExpense": 29300000,
    "depreciationAndAmortization": 88500000,
    "ebitda": 141800000,
    "ebitdaratio": 0.1565466991,
    "operatingIncome": 47100000,
    "operatingIncomeRatio": 0.0519982336,
    "totalOtherIncomeExpensesNet": -23200000,
    "incomeBeforeTax": 23900000,
    "incomeBeforeTaxRatio": 0.0263855156,
    "incomeTaxExpense": 13100000,
    "netIncome": 9200000,
    "netIncomeRatio": 0.0101567675,
    "eps": 0.08,
    "epsdiluted": 0.07,
    "weightedAverageShsOut": 121100000,
    "weightedAverageShsOutDil": 122300000,
    "link": "https://www.sec.gov/Archives/edgar/data/33185/000003318520000011/0000033185-20-000011-index.htm",
    "finalLink": "https://www.sec.gov/Archives/edgar/data/33185/000003318520000011/efx-20191231.htm"
  },
  {
    "date": "2019-09-30",
    "symbol": "EFX",
    "reportedCurrency": "USD",
    "cik": "0000033185",
    "fillingDate": "2019-10-24",
    "acceptedDate": "2019-10-24 19:17:49",
    "calendarYear": "2019",
    "period": "Q3",
    "revenue": 875700000,
    "costOfRevenue": 374500000,
    "grossProfit": 501200000,
    "grossProfitRatio": 0.5723421263,
    "researchAndDevelopmentExpenses": 0,
    "generalAndAdministrativeExpenses": 0,
    "sellingAndMarketingExpenses": 0,
    "sellingGeneralAndAdministrativeExpenses": 295500000,
    "otherExpenses": 84100000,
    "operatingExpenses": 379600000,
    "costAndExpenses": 754100000,
    "interestIncome": 0,
    "interestExpense": 28000000,
    "depreciationAndAmortization": 85700000,
    "ebitda": 210200000,
    "ebitdaratio": 0.2400365422,
    "operatingIncome": 121600000,
    "operatingIncomeRatio": 0.1388603403,
    "totalOtherIncomeExpensesNet": -25100000,
    "incomeBeforeTax": 96500000,
    "incomeBeforeTaxRatio": 0.1101975562,
    "incomeTaxExpense": 14000000,
    "netIncome": 81100000,
    "netIncomeRatio": 0.092611625,
    "eps": 0.67,
    "epsdiluted": 0.66,
    "weightedAverageShsOut": 121000000,
    "weightedAverageShsOutDil": 122300000,
    "link": "https://www.sec.gov/Archives/edgar/data/33185/000003318519000033/0000033185-19-000033-index.htm",
    "finalLink": "https://www.sec.gov/Archives/edgar/data/33185/000003318519000033/efx10q20190930.htm"
  },
  {
    "date": "2019-06-30",
    "symbol": "EFX",
    "reportedCurrency": "USD",
    "cik": "0000033185",
    "fillingDate": "2019-07-25",
    "acceptedDate": "2019-07-25 16:34:10",
    "calendarYear": "2019",
    "period": "Q2",
    "revenue": 880000000,
    "costOfRevenue": 376900000,
    "grossProfit": 503100000,
    "grossProfitRatio": 0.5717045455,
    "researchAndDevelopmentExpenses": 0,
    "generalAndAdministrativeExpenses": 0,
    "sellingAndMarketingExpenses": 0,
    "sellingGeneralAndAdministrativeExpenses": 306800000,
    "otherExpenses": 82500000,
    "operatingExpenses": 389300000,
    "costAndExpenses": 766200000,
    "interestIncome": 0,
    "interestExpense": 27600000,
    "depreciationAndAmortization": 83900000,
    "ebitda": 200500000,
    "ebitdaratio": 0.2278409091,
    "operatingIncome": 113800000,
    "operatingIncomeRatio": 0.1293181818,
    "totalOtherIncomeExpensesNet": -24800000,
    "incomeBeforeTax": 89000000,
    "incomeBeforeTaxRatio": 0.1011363636,
    "incomeTaxExpense": 20700000,
    "netIncome": 66800000,
    "netIncomeRatio": 0.0759090909,
    "eps": 0.55,
    "epsdiluted": 0.55,
    "weightedAverageShsOut": 120800000,
    "weightedAverageShsOutDil": 122000000,
    "link": "https://www.sec.gov/Archives/edgar/data/33185/000003318519000024/0000033185-19-000024-index.htm",
    "finalLink": "https://www.sec.gov/Archives/edgar/data/33185/000003318519000024/efx10q20190630.htm"
  },
  {
    "date": "2019-03-31",
    "symbol": "EFX",
    "reportedCurrency": "USD",
    "cik": "0000033185",
    "fillingDate": "2019-05-10",
    "acceptedDate": "2019-05-10 16:19:17",
    "calendarYear": "2019",
    "period": "Q1",
    "revenue": 846100000,
    "costOfRevenue": 387500000,
    "grossProfit": 458600000,
    "grossProfitRatio": 0.5420163101,
    "researchAndDevelopmentExpenses": 0,
    "generalAndAdministrativeExpenses": 0,
    "sellingAndMarketingExpenses": 0,
    "sellingGeneralAndAdministrativeExpenses": 998900000,
    "otherExpenses": 77600000,
    "operatingExpenses": 1076500000,
    "costAndExpenses": 1464000000,
    "interestIncome": 0,
    "interestExpense": 26700000,
    "depreciationAndAmortization": 79200000,
    "ebitda": -536600000,
    "ebitdaratio": -0.6342039948,
    "operatingIncome": -617900000,
    "operatingIncomeRatio": -0.7302919277,
    "totalOtherIncomeExpensesNet": -24600000,
    "incomeBeforeTax": -642500000,
    "incomeBeforeTaxRatio": -0.7593665051,
    "incomeTaxExpense": -88100000,
    "netIncome": -555900000,
    "netIncomeRatio": -0.6570145373,
    "eps": -4.61,
    "epsdiluted": -4.57,
    "weightedAverageShsOut": 120700000,
    "weightedAverageShsOutDil": 121600000,
    "link": "https://www.sec.gov/Archives/edgar/data/33185/000003318519000017/0000033185-19-000017-index.htm",
    "finalLink": "https://www.sec.gov/Archives/edgar/data/33185/000003318519000017/efx10q20190331.htm"
  },
  {
    "date": "2018-12-31",
    "symbol": "EFX",
    "reportedCurrency": "USD",
    "cik": "0000033185",
    "fillingDate": "2019-02-21",
    "acceptedDate": "2019-02-21 16:40:48",
    "calendarYear": "2018",
    "period": "Q4",
    "revenue": 835300000,
    "costOfRevenue": 372200000,
    "grossProfit": 463100000,
    "grossProfitRatio": 0.5544115887,
    "researchAndDevelopmentExpenses": 0,
    "generalAndAdministrativeExpenses": 0,
    "sellingAndMarketingExpenses": 0,
    "sellingGeneralAndAdministrativeExpenses": 337900000,
    "otherExpenses": 79100000,
    "operatingExpenses": 417000000,
    "costAndExpenses": 789200000,
    "interestIncome": 0,
    "interestExpense": 26500000,
    "depreciationAndAmortization": 80600000,
    "ebitda": 132100000,
    "ebitdaratio": 0.1581467736,
    "operatingIncome": 46100000,
    "operatingIncomeRatio": 0.0551897522,
    "totalOtherIncomeExpensesNet": -21100000,
    "incomeBeforeTax": 25000000,
    "incomeBeforeTaxRatio": 0.0299293667,
    "incomeTaxExpense": -1700000,
    "netIncome": 25600000,
    "netIncomeRatio": 0.0306476715,
    "eps": 0.21,
    "epsdiluted": 0.21,
    "weightedAverageShsOut": 120700000,
    "weightedAverageShsOutDil": 120700000,
    "link": "https://www.sec.gov/Archives/edgar/data/33185/000003318519000007/0000033185-19-000007-index.htm",
    "finalLink": "https://www.sec.gov/Archives/edgar/data/33185/000003318519000007/efx10k20181231.htm"
  },
  {
    "date": "2018-09-30",
    "symbol": "EFX",
    "reportedCurrency": "USD",
    "cik": "0000033185",
    "fillingDate": "2018-10-25",
    "acceptedDate": "2018-10-25 16:29:07",
    "calendarYear": "2018",
    "period": "Q3",
    "revenue": 834200000,
    "costOfRevenue": 376700000,
    "grossProfit": 457500000,
    "grossProfitRatio": 0.5484296332,
    "researchAndDevelopmentExpenses": 0,
    "generalAndAdministrativeExpenses": 0,
    "sellingAndMarketingExpenses": 0,
    "sellingGeneralAndAdministrativeExpenses": 317500000,
    "otherExpenses": 75900000,
    "operatingExpenses": 393400000,
    "costAndExpenses": 770100000,
    "interestIncome": 0,
    "interestExpense": 26700000,
    "depreciationAndAmortization": 77800000,
    "ebitda": 143200000,
    "ebitdaratio": 0.1716614721,
    "operatingIncome": 64100000,
    "operatingIncomeRatio": 0.0768400863,
    "totalOtherIncomeExpensesNet": -25400000,
    "incomeBeforeTax": 38700000,
    "incomeBeforeTaxRatio": 0.0463917526,
    "incomeTaxExpense": -900000,
    "netIncome": 38400000,
    "netIncomeRatio": 0.0460321266,
    "eps": 0.32,
    "epsdiluted": 0.32,
    "weightedAverageShsOut": 120500000,
    "weightedAverageShsOutDil": 121600000,
    "link": "https://www.sec.gov/Archives/edgar/data/33185/000003318518000041/0000033185-18-000041-index.htm",
    "finalLink": "https://www.sec.gov/Archives/edgar/data/33185/000003318518000041/efx10q20180930.htm"
  },
  {
    "date": "2018-06-30",
    "symbol": "EFX",
    "reportedCurrency": "USD",
    "cik": "0000033185",
    "fillingDate": "2018-07-26",
    "acceptedDate": "2018-07-26 16:29:27",
    "calendarYear": "2018",
    "period": "Q2",
    "revenue": 876900000,
    "costOfRevenue": 348600000,
    "grossProfit": 528300000,
    "grossProfitRatio": 0.6024632227,
    "researchAndDevelopmentExpenses": 0,
    "generalAndAdministrativeExpenses": 0,
    "sellingAndMarketingExpenses": 0,
    "sellingGeneralAndAdministrativeExpenses": 257500000,
    "otherExpenses": 77200000,
    "operatingExpenses": 334700000,
    "costAndExpenses": 683300000,
    "interestIncome": 0,
    "interestExpense": 26400000,
    "depreciationAndAmortization": 78500000,
    "ebitda": 274300000,
    "ebitdaratio": 0.3128064774,
    "operatingIncome": 193600000,
    "operatingIncomeRatio": 0.2207777398,
    "totalOtherIncomeExpensesNet": -24200000,
    "incomeBeforeTax": 169400000,
    "incomeBeforeTaxRatio": 0.1931805223,
    "incomeTaxExpense": 23300000,
    "netIncome": 144800000,
    "netIncomeRatio": 0.1651271525,
    "eps": 1.2,
    "epsdiluted": 1.19,
    "weightedAverageShsOut": 120300000,
    "weightedAverageShsOutDil": 121400000,
    "link": "https://www.sec.gov/Archives/edgar/data/33185/000003318518000027/0000033185-18-000027-index.htm",
    "finalLink": "https://www.sec.gov/Archives/edgar/data/33185/000003318518000027/efx10q20180630.htm"
  },
  {
    "date": "2018-03-31",
    "symbol": "EFX",
    "reportedCurrency": "USD",
    "cik": "0000033185",
    "fillingDate": "2018-04-26",
    "acceptedDate": "2018-04-26 16:22:52",
    "calendarYear": "2018",
    "period": "Q1",
    "revenue": 865700000,
    "costOfRevenue": 342800000,
    "grossProfit": 522900000,
    "grossProfitRatio": 0.6040198683,
    "researchAndDevelopmentExpenses": 0,
    "generalAndAdministrativeExpenses": 0,
    "sellingAndMarketingExpenses": 0,
    "sellingGeneralAndAdministrativeExpenses": 300500000,
    "otherExpenses": 78200000,
    "operatingExpenses": 378700000,
    "costAndExpenses": 721500000,
    "interestIncome": 0,
    "interestExpense": 23900000,
    "depreciationAndAmortization": 79000000,
    "ebitda": 226100000,
    "ebitdaratio": 0.261175927,
    "operatingIncome": 144200000,
    "operatingIncomeRatio": 0.1665704055,
    "totalOtherIncomeExpensesNet": -21000000,
    "incomeBeforeTax": 123200000,
    "incomeBeforeTaxRatio": 0.1423125794,
    "incomeTaxExpense": 29400000,
    "netIncome": 90900000,
    "netIncomeRatio": 0.1050017327,
    "eps": 0.76,
    "epsdiluted": 0.75,
    "weightedAverageShsOut": 120200000,
    "weightedAverageShsOutDil": 121300000,
    "link": "https://www.sec.gov/Archives/edgar/data/33185/000003318518000020/0000033185-18-000020-index.htm",
    "finalLink": "https://www.sec.gov/Archives/edgar/data/33185/000003318518000020/efx10q20180331.htm"
  },
  {
    "date": "2017-12-31",
    "symbol": "EFX",
    "reportedCurrency": "USD",
    "cik": "0000033185",
    "fillingDate": "2018-03-01",
    "acceptedDate": "2018-03-01 16:19:50",
    "calendarYear": "2017",
    "period": "Q4",
    "revenue": 838400000,
    "costOfRevenue": 318800000,
    "grossProfit": 519600000,
    "grossProfitRatio": 0.6197519084,
    "researchAndDevelopmentExpenses": 0,
    "generalAndAdministrativeExpenses": 0,
    "sellingAndMarketingExpenses": 0,
    "sellingGeneralAndAdministrativeExpenses": 255200000,
    "otherExpenses": 73600000,
    "operatingExpenses": 328800000,
    "costAndExpenses": 647600000,
    "interestIncome": 0,
    "interestExpense": 22700000,
    "depreciationAndAmortization": 74200000,
    "ebitda": 269200000,
    "ebitdaratio": 0.3210877863,
    "operatingIncome": 190800000,
    "operatingIncomeRatio": 0.2275763359,
    "totalOtherIncomeExpensesNet": -18500000,
    "incomeBeforeTax": 172300000,
    "incomeBeforeTaxRatio": 0.2055104962,
    "incomeTaxExpense": -2200000,
    "netIncome": 172300000,
    "netIncomeRatio": 0.2055104962,
    "eps": 1.43,
    "epsdiluted": 1.43,
    "weightedAverageShsOut": 120100000,
    "weightedAverageShsOutDil": 120200000,
    "link": "https://www.sec.gov/Archives/edgar/data/33185/000003318518000011/0000033185-18-000011-index.htm",
    "finalLink": "https://www.sec.gov/Archives/edgar/data/33185/000003318518000011/efx10k20171231.htm"
  },
  {
    "date": "2017-09-30",
    "symbol": "EFX",
    "reportedCurrency": "USD",
    "cik": "0000033185",
    "fillingDate": "2017-11-09",
    "acceptedDate": "2017-11-09 16:06:44",
    "calendarYear": "2017",
    "period": "Q3",
    "revenue": 834800000,
    "costOfRevenue": 297300000,
    "grossProfit": 537500000,
    "grossProfitRatio": 0.6438667944,
    "researchAndDevelopmentExpenses": 0,
    "generalAndAdministrativeExpenses": 0,
    "sellingAndMarketingExpenses": 0,
    "sellingGeneralAndAdministrativeExpenses": 312200000,
    "otherExpenses": 72400000,
    "operatingExpenses": 384600000,
    "costAndExpenses": 681900000,
    "interestIncome": 0,
    "interestExpense": 21400000,
    "depreciationAndAmortization": 73200000,
    "ebitda": 230600000,
    "ebitdaratio": 0.2762338285,
    "operatingIncome": 152900000,
    "operatingIncomeRatio": 0.1831576425,
    "totalOtherIncomeExpensesNet": -16900000,
    "incomeBeforeTax": 136000000,
    "incomeBeforeTaxRatio": 0.1629132726,
    "incomeTaxExpense": 35500000,
    "netIncome": 96300000,
    "netIncomeRatio": 0.1153569717,
    "eps": 0.8,
    "epsdiluted": 0.79,
    "weightedAverageShsOut": 120100000,
    "weightedAverageShsOutDil": 121400000,
    "link": "https://www.sec.gov/Archives/edgar/data/33185/000003318517000032/0000033185-17-000032-index.htm",
    "finalLink": "https://www.sec.gov/Archives/edgar/data/33185/000003318517000032/efx10q20170930.htm"
  },
  {
    "date": "2017-06-30",
    "symbol": "EFX",
    "reportedCurrency": "USD",
    "cik": "0000033185",
    "fillingDate": "2017-07-27",
    "acceptedDate": "2017-07-27 16:48:05",
    "calendarYear": "2017",
    "period": "Q2",
    "revenue": 856700000,
    "costOfRevenue": 293700000,
    "grossProfit": 563000000,
    "grossProfitRatio": 0.6571728727,
    "researchAndDevelopmentExpenses": 0,
    "generalAndAdministrativeExpenses": 0,
    "sellingAndMarketingExpenses": 0,
    "sellingGeneralAndAdministrativeExpenses": 226600000,
    "otherExpenses": 70500000,
    "operatingExpenses": 297100000,
    "costAndExpenses": 592600000,
    "interestIncome": 0,
    "interestExpense": 24600000,
    "depreciationAndAmortization": 71400000,
    "ebitda": 338600000,
    "ebitdaratio": 0.3952375394,
    "operatingIncome": 265900000,
    "operatingIncomeRatio": 0.3103770281,
    "totalOtherIncomeExpensesNet": -23300000,
    "incomeBeforeTax": 242600000,
    "incomeBeforeTaxRatio": 0.2831796428,
    "incomeTaxExpense": 75000000,
    "netIncome": 165400000,
    "netIncomeRatio": 0.1930664176,
    "eps": 1.37,
    "epsdiluted": 1.36,
    "weightedAverageShsOut": 120300000,
    "weightedAverageShsOutDil": 121900000,
    "link": "https://www.sec.gov/Archives/edgar/data/33185/000003318517000023/0000033185-17-000023-index.htm",
    "finalLink": "https://www.sec.gov/Archives/edgar/data/33185/000003318517000023/efx10q20170630.htm"
  },
  {
    "date": "2017-03-31",
    "symbol": "EFX",
    "reportedCurrency": "USD",
    "cik": "0000033185",
    "fillingDate": "2017-04-27",
    "acceptedDate": "2017-04-27 16:54:53",
    "calendarYear": "2017",
    "period": "Q1",
    "revenue": 832200000,
    "costOfRevenue": 300800000,
    "grossProfit": 531400000,
    "grossProfitRatio": 0.6385484259,
    "researchAndDevelopmentExpenses": 0,
    "generalAndAdministrativeExpenses": 0,
    "sellingAndMarketingExpenses": 0,
    "sellingGeneralAndAdministrativeExpenses": 241500000,
    "otherExpenses": 71300000,
    "operatingExpenses": 312800000,
    "costAndExpenses": 615400000,
    "interestIncome": 0,
    "interestExpense": 24200000,
    "depreciationAndAmortization": 72100000,
    "ebitda": 292000000,
    "ebitdaratio": 0.350877193,
    "operatingIncome": 218600000,
    "operatingIncomeRatio": 0.262677241,
    "totalOtherIncomeExpensesNet": -22900000,
    "incomeBeforeTax": 195700000,
    "incomeBeforeTaxRatio": 0.2351598174,
    "incomeTaxExpense": 40300000,
    "netIncome": 153300000,
    "netIncomeRatio": 0.1842105263,
    "eps": 1.28,
    "epsdiluted": 1.26,
    "weightedAverageShsOut": 120000000,
    "weightedAverageShsOutDil": 121900000,
    "link": "https://www.sec.gov/Archives/edgar/data/33185/000003318517000015/0000033185-17-000015-index.htm",
    "finalLink": "https://www.sec.gov/Archives/edgar/data/33185/000003318517000015/efx10q20170331.htm"
  },
  {
    "date": "2016-12-31",
    "symbol": "EFX",
    "reportedCurrency": "USD",
    "cik": "0000033185",
    "fillingDate": "2017-02-22",
    "acceptedDate": "2017-02-22 16:49:50",
    "calendarYear": "2016",
    "period": "Q4",
    "revenue": 801100000,
    "costOfRevenue": 286300000,
    "grossProfit": 514800000,
    "grossProfitRatio": 0.6426164024,
    "researchAndDevelopmentExpenses": 0,
    "generalAndAdministrativeExpenses": 0,
    "sellingAndMarketingExpenses": 0,
    "sellingGeneralAndAdministrativeExpenses": 240000000,
    "otherExpenses": 70900000,
    "operatingExpenses": 310900000,
    "costAndExpenses": 597200000,
    "interestIncome": 0,
    "interestExpense": 24200000,
    "depreciationAndAmortization": 73300000,
    "ebitda": 280000000,
    "ebitdaratio": 0.3495194108,
    "operatingIncome": 203900000,
    "operatingIncomeRatio": 0.2545250281,
    "totalOtherIncomeExpensesNet": -21300000,
    "incomeBeforeTax": 182600000,
    "incomeBeforeTaxRatio": 0.2279365872,
    "incomeTaxExpense": 57800000,
    "netIncome": 123000000,
    "netIncomeRatio": 0.153538884,
    "eps": 1.03,
    "epsdiluted": 1.01,
    "weightedAverageShsOut": 119800000,
    "weightedAverageShsOutDil": 121400000,
    "link": "https://www.sec.gov/Archives/edgar/data/33185/000003318517000008/0000033185-17-000008-index.htm",
    "finalLink": "https://www.sec.gov/Archives/edgar/data/33185/000003318517000008/efx10k20161231.htm"
  },
  {
    "date": "2016-09-30",
    "symbol": "EFX",
    "reportedCurrency": "USD",
    "cik": "0000033185",
    "fillingDate": "2016-10-27",
    "acceptedDate": "2016-10-27 16:34:30",
    "calendarYear": "2016",
    "period": "Q3",
    "revenue": 804100000,
    "costOfRevenue": 288000000,
    "grossProfit": 516100000,
    "grossProfitRatio": 0.6418355926,
    "researchAndDevelopmentExpenses": 0,
    "generalAndAdministrativeExpenses": 0,
    "sellingAndMarketingExpenses": 0,
    "sellingGeneralAndAdministrativeExpenses": 233400000,
    "otherExpenses": 70600000,
    "operatingExpenses": 304000000,
    "costAndExpenses": 592000000,
    "interestIncome": 0,
    "interestExpense": 24300000,
    "depreciationAndAmortization": 70700000,
    "ebitda": 285200000,
    "ebitdaratio": 0.3546822535,
    "operatingIncome": 212100000,
    "operatingIncomeRatio": 0.2637731625,
    "totalOtherIncomeExpensesNet": -21900000,
    "incomeBeforeTax": 190200000,
    "incomeBeforeTaxRatio": 0.2365377441,
    "incomeTaxExpense": 55300000,
    "netIncome": 132800000,
    "netIncomeRatio": 0.1651535879,
    "eps": 1.11,
    "epsdiluted": 1.09,
    "weightedAverageShsOut": 119500000,
    "weightedAverageShsOutDil": 121300000,
    "link": "https://www.sec.gov/Archives/edgar/data/33185/000003318516000058/0000033185-16-000058-index.htm",
    "finalLink": "https://www.sec.gov/Archives/edgar/data/33185/000003318516000058/efx10q20160930.htm"
  },
  {
    "date": "2016-06-30",
    "symbol": "EFX",
    "reportedCurrency": "USD",
    "cik": "0000033185",
    "fillingDate": "2016-07-28",
    "acceptedDate": "2016-07-28 16:44:38",
    "calendarYear": "2016",
    "period": "Q2",
    "revenue": 811300000,
    "costOfRevenue": 285800000,
    "grossProfit": 525500000,
    "grossProfitRatio": 0.6477258721,
    "researchAndDevelopmentExpenses": 0,
    "generalAndAdministrativeExpenses": 0,
    "sellingAndMarketingExpenses": 0,
    "sellingGeneralAndAdministrativeExpenses": 231600000,
    "otherExpenses": 68200000,
    "operatingExpenses": 299800000,
    "costAndExpenses": 585600000,
    "interestIncome": 0,
    "interestExpense": 23600000,
    "depreciationAndAmortization": 67900000,
    "ebitda": 293100000,
    "ebitdaratio": 0.3612720325,
    "operatingIncome": 225700000,
    "operatingIncomeRatio": 0.2781954887,
    "totalOtherIncomeExpensesNet": -24400000,
    "incomeBeforeTax": 201300000,
    "incomeBeforeTaxRatio": 0.2481203008,
    "incomeTaxExpense": 68300000,
    "netIncome": 130900000,
    "netIncomeRatio": 0.1613459879,
    "eps": 1.1,
    "epsdiluted": 1.08,
    "weightedAverageShsOut": 119200000,
    "weightedAverageShsOutDil": 121100000,
    "link": "https://www.sec.gov/Archives/edgar/data/33185/000003318516000053/0000033185-16-000053-index.htm",
    "finalLink": "https://www.sec.gov/Archives/edgar/data/33185/000003318516000053/efx10q20160630.htm"
  },
  {
    "date": "2016-03-31",
    "symbol": "EFX",
    "reportedCurrency": "USD",
    "cik": "0000033185",
    "fillingDate": "2016-04-29",
    "acceptedDate": "2016-04-28 17:45:48",
    "calendarYear": "2016",
    "period": "Q1",
    "revenue": 728300000,
    "costOfRevenue": 253300000,
    "grossProfit": 475000000,
    "grossProfitRatio": 0.6522037622,
    "researchAndDevelopmentExpenses": 0,
    "generalAndAdministrativeExpenses": 0,
    "sellingAndMarketingExpenses": 0,
    "sellingGeneralAndAdministrativeExpenses": 243100000,
    "otherExpenses": 55700000,
    "operatingExpenses": 298800000,
    "costAndExpenses": 552100000,
    "interestIncome": 0,
    "interestExpense": 20100000,
    "depreciationAndAmortization": 56800000,
    "ebitda": 230900000,
    "ebitdaratio": 0.3170396814,
    "operatingIncome": 176200000,
    "operatingIncomeRatio": 0.2419332693,
    "totalOtherIncomeExpensesNet": -22200000,
    "incomeBeforeTax": 154000000,
    "incomeBeforeTaxRatio": 0.211451325,
    "incomeTaxExpense": 51600000,
    "netIncome": 102100000,
    "netIncomeRatio": 0.1401894824,
    "eps": 0.86,
    "epsdiluted": 0.85,
    "weightedAverageShsOut": 118800000,
    "weightedAverageShsOutDil": 120800000,
    "link": "https://www.sec.gov/Archives/edgar/data/33185/000003318516000046/0000033185-16-000046-index.htm",
    "finalLink": "https://www.sec.gov/Archives/edgar/data/33185/000003318516000046/efx10q20160331.htm"
  },
  {
    "date": "2015-12-31",
    "symbol": "EFX",
    "reportedCurrency": "USD",
    "cik": "0000033185",
    "fillingDate": "2016-02-24",
    "acceptedDate": "2016-02-24 16:54:16",
    "calendarYear": "2015",
    "period": "Q4",
    "revenue": 666300000,
    "costOfRevenue": 225000000,
    "grossProfit": 441300000,
    "grossProfitRatio": 0.6623142729,
    "researchAndDevelopmentExpenses": 0,
    "generalAndAdministrativeExpenses": 0,
    "sellingAndMarketingExpenses": 0,
    "sellingGeneralAndAdministrativeExpenses": 215500000,
    "otherExpenses": 48900000,
    "operatingExpenses": 264400000,
    "costAndExpenses": 489400000,
    "interestIncome": 0,
    "interestExpense": 15700000,
    "depreciationAndAmortization": 49600000,
    "ebitda": 233000000,
    "ebitdaratio": 0.3496923308,
    "operatingIncome": 176900000,
    "operatingIncomeRatio": 0.2654960228,
    "totalOtherIncomeExpensesNet": -9200000,
    "incomeBeforeTax": 167700000,
    "incomeBeforeTaxRatio": 0.2516884286,
    "incomeTaxExpense": 54700000,
    "netIncome": 111900000,
    "netIncomeRatio": 0.1679423683,
    "eps": 0.94,
    "epsdiluted": 0.93,
    "weightedAverageShsOut": 118600000,
    "weightedAverageShsOutDil": 120700000,
    "link": "https://www.sec.gov/Archives/edgar/data/33185/000003318516000037/0000033185-16-000037-index.htm",
    "finalLink": "https://www.sec.gov/Archives/edgar/data/33185/000003318516000037/efx10k20151231.htm"
  },
  {
    "date": "2015-09-30",
    "symbol": "EFX",
    "reportedCurrency": "USD",
    "cik": "0000033185",
    "fillingDate": "2015-10-22",
    "acceptedDate": "2015-10-22 16:50:54",
    "calendarYear": "2015",
    "period": "Q3",
    "revenue": 667400000,
    "costOfRevenue": 226500000,
    "grossProfit": 440900000,
    "grossProfitRatio": 0.6606233144,
    "researchAndDevelopmentExpenses": 0,
    "generalAndAdministrativeExpenses": 0,
    "sellingAndMarketingExpenses": 0,
    "sellingGeneralAndAdministrativeExpenses": 217200000,
    "otherExpenses": 49400000,
    "operatingExpenses": 266600000,
    "costAndExpenses": 493100000,
    "interestIncome": 0,
    "interestExpense": 15800000,
    "depreciationAndAmortization": 49600000,
    "ebitda": 238300000,
    "ebitdaratio": 0.357057237,
    "operatingIncome": 174300000,
    "operatingIncomeRatio": 0.261162721,
    "totalOtherIncomeExpensesNet": -1400000,
    "incomeBeforeTax": 172900000,
    "incomeBeforeTaxRatio": 0.2590650285,
    "incomeTaxExpense": 53200000,
    "netIncome": 117900000,
    "netIncomeRatio": 0.1766556788,
    "eps": 1,
    "epsdiluted": 0.98,
    "weightedAverageShsOut": 118400000,
    "weightedAverageShsOutDil": 120600000,
    "link": "https://www.sec.gov/Archives/edgar/data/33185/000003318515000028/0000033185-15-000028-index.htm",
    "finalLink": "https://www.sec.gov/Archives/edgar/data/33185/000003318515000028/efx10q20150930.htm"
  },
  {
    "date": "2015-06-30",
    "symbol": "EFX",
    "reportedCurrency": "USD",
    "cik": "0000033185",
    "fillingDate": "2015-07-23",
    "acceptedDate": "2015-07-23 17:05:28",
    "calendarYear": "2015",
    "period": "Q2",
    "revenue": 678100000,
    "costOfRevenue": 220800000,
    "grossProfit": 457300000,
    "grossProfitRatio": 0.6743843091,
    "researchAndDevelopmentExpenses": 0,
    "generalAndAdministrativeExpenses": 0,
    "sellingAndMarketingExpenses": 0,
    "sellingGeneralAndAdministrativeExpenses": 218700000,
    "otherExpenses": 50100000,
    "operatingExpenses": 268800000,
    "costAndExpenses": 489600000,
    "interestIncome": 0,
    "interestExpense": 16200000,
    "depreciationAndAmortization": 50500000,
    "ebitda": 225100000,
    "ebitdaratio": 0.3319569385,
    "operatingIncome": 188500000,
    "operatingIncomeRatio": 0.2779825984,
    "totalOtherIncomeExpensesNet": -30100000,
    "incomeBeforeTax": 158400000,
    "incomeBeforeTaxRatio": 0.2335938652,
    "incomeTaxExpense": 45900000,
    "netIncome": 111000000,
    "netIncomeRatio": 0.1636926707,
    "eps": 0.94,
    "epsdiluted": 0.92,
    "weightedAverageShsOut": 118600000,
    "weightedAverageShsOutDil": 120900000,
    "link": "https://www.sec.gov/Archives/edgar/data/33185/000003318515000019/0000033185-15-000019-index.htm",
    "finalLink": "https://www.sec.gov/Archives/edgar/data/33185/000003318515000019/efx10q20150630.htm"
  },
  {
    "date": "2015-03-31",
    "symbol": "EFX",
    "reportedCurrency": "USD",
    "cik": "0000033185",
    "fillingDate": "2015-04-23",
    "acceptedDate": "2015-04-23 16:25:03",
    "calendarYear": "2015",
    "period": "Q1",
    "revenue": 651800000,
    "costOfRevenue": 215100000,
    "grossProfit": 436700000,
    "grossProfitRatio": 0.6699907947,
    "researchAndDevelopmentExpenses": 0,
    "generalAndAdministrativeExpenses": 0,
    "sellingAndMarketingExpenses": 0,
    "sellingGeneralAndAdministrativeExpenses": 232900000,
    "otherExpenses": 49600000,
    "operatingExpenses": 282500000,
    "costAndExpenses": 497600000,
    "interestIncome": 0,
    "interestExpense": 16100000,
    "depreciationAndAmortization": 50300000,
    "ebitda": 204000000,
    "ebitdaratio": 0.3129794415,
    "operatingIncome": 154200000,
    "operatingIncomeRatio": 0.2365756367,
    "totalOtherIncomeExpensesNet": -16600000,
    "incomeBeforeTax": 137600000,
    "incomeBeforeTaxRatio": 0.2111077017,
    "incomeTaxExpense": 48000000,
    "netIncome": 88300000,
    "netIncomeRatio": 0.1354710034,
    "eps": 0.74,
    "epsdiluted": 0.73,
    "weightedAverageShsOut": 119400000,
    "weightedAverageShsOutDil": 121700000,
    "link": "https://www.sec.gov/Archives/edgar/data/33185/000003318515000004/0000033185-15-000004-index.htm",
    "finalLink": "https://www.sec.gov/Archives/edgar/data/33185/000003318515000004/efx10q20150331.htm"
  },
  {
    "date": "2014-12-31",
    "symbol": "EFX",
    "reportedCurrency": "USD",
    "cik": "0000033185",
    "fillingDate": "2015-02-25",
    "acceptedDate": "2015-02-25 16:46:53",
    "calendarYear": "2014",
    "period": "Q4",
    "revenue": 624600000,
    "costOfRevenue": 214600000,
    "grossProfit": 410000000,
    "grossProfitRatio": 0.6564201089,
    "researchAndDevelopmentExpenses": 0,
    "generalAndAdministrativeExpenses": 0,
    "sellingAndMarketingExpenses": 0,
    "sellingGeneralAndAdministrativeExpenses": 195000000,
    "otherExpenses": 49800000,
    "operatingExpenses": 244800000,
    "costAndExpenses": 459400000,
    "interestIncome": 0,
    "interestExpense": 16800000,
    "depreciationAndAmortization": 52100000,
    "ebitda": 220300000,
    "ebitdaratio": 0.3527057317,
    "operatingIncome": 165200000,
    "operatingIncomeRatio": 0.2644892731,
    "totalOtherIncomeExpensesNet": -13800000,
    "incomeBeforeTax": 151400000,
    "incomeBeforeTaxRatio": 0.2423951329,
    "incomeTaxExpense": 52600000,
    "netIncome": 98000000,
    "netIncomeRatio": 0.1569004163,
    "eps": 0.82,
    "epsdiluted": 0.82,
    "weightedAverageShsOut": 119400000,
    "weightedAverageShsOutDil": 119400000,
    "link": "https://www.sec.gov/Archives/edgar/data/33185/000162828015001024/0001628280-15-001024-index.htm",
    "finalLink": "https://www.sec.gov/Archives/edgar/data/33185/000162828015001024/efx10k20141231.htm"
  },
  {
    "date": "2014-09-30",
    "symbol": "EFX",
    "reportedCurrency": "USD",
    "cik": "0000033185",
    "fillingDate": "2014-10-23",
    "acceptedDate": "2014-10-23 16:39:39",
    "calendarYear": "2014",
    "period": "Q3",
    "revenue": 613400000,
    "costOfRevenue": 211000000,
    "grossProfit": 402400000,
    "grossProfitRatio": 0.6560156505,
    "researchAndDevelopmentExpenses": 0,
    "generalAndAdministrativeExpenses": 0,
    "sellingAndMarketingExpenses": 0,
    "sellingGeneralAndAdministrativeExpenses": 197800000,
    "otherExpenses": 50900000,
    "operatingExpenses": 248700000,
    "costAndExpenses": 459700000,
    "interestIncome": 0,
    "interestExpense": 17100000,
    "depreciationAndAmortization": 51300000,
    "ebitda": 208200000,
    "ebitdaratio": 0.3394196283,
    "operatingIncome": 153700000,
    "operatingIncomeRatio": 0.2505705902,
    "totalOtherIncomeExpensesNet": -13900000,
    "incomeBeforeTax": 139800000,
    "incomeBeforeTaxRatio": 0.2279100098,
    "incomeTaxExpense": 45400000,
    "netIncome": 92700000,
    "netIncomeRatio": 0.1511248777,
    "eps": 0.77,
    "epsdiluted": 0.75,
    "weightedAverageShsOut": 121100000,
    "weightedAverageShsOutDil": 123500000,
    "link": "https://www.sec.gov/Archives/edgar/data/33185/000114420414062565/0001144204-14-062565-index.htm",
    "finalLink": "https://www.sec.gov/Archives/edgar/data/33185/000114420414062565/v391152_10q.htm"
  },
  {
    "date": "2014-06-30",
    "symbol": "EFX",
    "reportedCurrency": "USD",
    "cik": "0000033185",
    "fillingDate": "2014-07-24",
    "acceptedDate": "2014-07-24 16:40:50",
    "calendarYear": "2014",
    "period": "Q2",
    "revenue": 613900000,
    "costOfRevenue": 212300000,
    "grossProfit": 401600000,
    "grossProfitRatio": 0.6541782049,
    "researchAndDevelopmentExpenses": 0,
    "generalAndAdministrativeExpenses": 0,
    "sellingAndMarketingExpenses": 0,
    "sellingGeneralAndAdministrativeExpenses": 183500000,
    "otherExpenses": 50700000,
    "operatingExpenses": 234200000,
    "costAndExpenses": 446500000,
    "interestIncome": 0,
    "interestExpense": 17400000,
    "depreciationAndAmortization": 51000000,
    "ebitda": 218900000,
    "ebitdaratio": 0.3565727317,
    "operatingIncome": 167400000,
    "operatingIncomeRatio": 0.2726828474,
    "totalOtherIncomeExpensesNet": -16900000,
    "incomeBeforeTax": 150500000,
    "incomeBeforeTaxRatio": 0.2451539339,
    "incomeTaxExpense": 56000000,
    "netIncome": 92800000,
    "netIncomeRatio": 0.1511646848,
    "eps": 0.76,
    "epsdiluted": 0.75,
    "weightedAverageShsOut": 122000000,
    "weightedAverageShsOutDil": 124300000,
    "link": "https://www.sec.gov/Archives/edgar/data/33185/000114420414044723/0001144204-14-044723-index.htm",
    "finalLink": "https://www.sec.gov/Archives/edgar/data/33185/000114420414044723/v383655_10q.htm"
  },
  {
    "date": "2014-03-31",
    "symbol": "EFX",
    "reportedCurrency": "USD",
    "cik": "0000033185",
    "fillingDate": "2014-04-24",
    "acceptedDate": "2014-04-24 16:27:41",
    "calendarYear": "2014",
    "period": "Q1",
    "revenue": 584500000,
    "costOfRevenue": 206800000,
    "grossProfit": 377700000,
    "grossProfitRatio": 0.6461933276,
    "researchAndDevelopmentExpenses": 0,
    "generalAndAdministrativeExpenses": 0,
    "sellingAndMarketingExpenses": 0,
    "sellingGeneralAndAdministrativeExpenses": 175400000,
    "otherExpenses": 50400000,
    "operatingExpenses": 225800000,
    "costAndExpenses": 432600000,
    "interestIncome": 0,
    "interestExpense": 17300000,
    "depreciationAndAmortization": 50900000,
    "ebitda": 200700000,
    "ebitdaratio": 0.3433704021,
    "operatingIncome": 151900000,
    "operatingIncomeRatio": 0.2598802395,
    "totalOtherIncomeExpensesNet": -19400000,
    "incomeBeforeTax": 132500000,
    "incomeBeforeTaxRatio": 0.2266894782,
    "incomeTaxExpense": 46200000,
    "netIncome": 83900000,
    "netIncomeRatio": 0.1435414885,
    "eps": 0.69,
    "epsdiluted": 0.67,
    "weightedAverageShsOut": 122000000,
    "weightedAverageShsOutDil": 124400000,
    "link": "https://www.sec.gov/Archives/edgar/data/33185/000114420414024604/0001144204-14-024604-index.htm",
    "finalLink": "https://www.sec.gov/Archives/edgar/data/33185/000114420414024604/v374519_10q.htm"
  },
  {
    "date": "2013-12-31",
    "symbol": "EFX",
    "reportedCurrency": "USD",
    "cik": "0000033185",
    "fillingDate": "2014-02-28",
    "acceptedDate": "2014-02-27 19:45:43",
    "calendarYear": "2013",
    "period": "Q4",
    "revenue": 578500000,
    "costOfRevenue": 197200000,
    "grossProfit": 381300000,
    "grossProfitRatio": 0.6591184097,
    "researchAndDevelopmentExpenses": 0,
    "generalAndAdministrativeExpenses": 0,
    "sellingAndMarketingExpenses": 0,
    "sellingGeneralAndAdministrativeExpenses": 181400000,
    "otherExpenses": 45800000,
    "operatingExpenses": 227200000,
    "costAndExpenses": 424400000,
    "interestIncome": 0,
    "interestExpense": 17400000,
    "depreciationAndAmortization": 45700000,
    "ebitda": 185100000,
    "ebitdaratio": 0.3199654278,
    "operatingIncome": 154100000,
    "operatingIncomeRatio": 0.2663785653,
    "totalOtherIncomeExpensesNet": -32200000,
    "incomeBeforeTax": 121900000,
    "incomeBeforeTaxRatio": 0.2107173725,
    "incomeTaxExpense": 43000000,
    "netIncome": 76700000,
    "netIncomeRatio": 0.1325842697,
    "eps": 0.63,
    "epsdiluted": 0.62,
    "weightedAverageShsOut": 121800000,
    "weightedAverageShsOutDil": 124200000,
    "link": "https://www.sec.gov/Archives/edgar/data/33185/000114420414012238/0001144204-14-012238-index.htm",
    "finalLink": "https://www.sec.gov/Archives/edgar/data/33185/000114420414012238/v368092_10k.htm"
  },
  {
    "date": "2013-09-30",
    "symbol": "EFX",
    "reportedCurrency": "USD",
    "cik": "0000033185",
    "fillingDate": "2013-11-06",
    "acceptedDate": "2013-11-06 17:13:54",
    "calendarYear": "2013",
    "period": "Q3",
    "revenue": 572000000,
    "costOfRevenue": 196800000,
    "grossProfit": 375200000,
    "grossProfitRatio": 0.6559440559,
    "researchAndDevelopmentExpenses": 0,
    "generalAndAdministrativeExpenses": 0,
    "sellingAndMarketingExpenses": 0,
    "sellingGeneralAndAdministrativeExpenses": 173400000,
    "otherExpenses": 51800000,
    "operatingExpenses": 225200000,
    "costAndExpenses": 414300000,
    "interestIncome": 0,
    "interestExpense": 17500000,
    "depreciationAndAmortization": 52300000,
    "ebitda": 202900000,
    "ebitdaratio": 0.3547202797,
    "operatingIncome": 150000000,
    "operatingIncomeRatio": 0.2622377622,
    "totalOtherIncomeExpensesNet": -16900000,
    "incomeBeforeTax": 133100000,
    "incomeBeforeTaxRatio": 0.2326923077,
    "incomeTaxExpense": 47000000,
    "netIncome": 83500000,
    "netIncomeRatio": 0.145979021,
    "eps": 0.73,
    "epsdiluted": 0.71,
    "weightedAverageShsOut": 121600000,
    "weightedAverageShsOutDil": 123900000,
    "link": "https://www.sec.gov/Archives/edgar/data/33185/000114420413059304/0001144204-13-059304-index.htm",
    "finalLink": "https://www.sec.gov/Archives/edgar/data/33185/000114420413059304/v357143_10q.htm"
  },
  {
    "date": "2013-06-30",
    "symbol": "EFX",
    "reportedCurrency": "USD",
    "cik": "0000033185",
    "fillingDate": "2013-07-25",
    "acceptedDate": "2013-07-25 16:24:56",
    "calendarYear": "2013",
    "period": "Q2",
    "revenue": 586900000,
    "costOfRevenue": 198200000,
    "grossProfit": 388700000,
    "grossProfitRatio": 0.662293406,
    "researchAndDevelopmentExpenses": 0,
    "generalAndAdministrativeExpenses": 0,
    "sellingAndMarketingExpenses": 0,
    "sellingGeneralAndAdministrativeExpenses": 186500000,
    "otherExpenses": 44100000,
    "operatingExpenses": 230600000,
    "costAndExpenses": 428800000,
    "interestIncome": 0,
    "interestExpense": 17600000,
    "depreciationAndAmortization": 44200000,
    "ebitda": 205800000,
    "ebitdaratio": 0.3506559891,
    "operatingIncome": 158100000,
    "operatingIncomeRatio": 0.269381496,
    "totalOtherIncomeExpensesNet": -14100000,
    "incomeBeforeTax": 144000000,
    "incomeBeforeTaxRatio": 0.2453569603,
    "incomeTaxExpense": 51700000,
    "netIncome": 90500000,
    "netIncomeRatio": 0.1542000341,
    "eps": 0.75,
    "epsdiluted": 0.73,
    "weightedAverageShsOut": 121000000,
    "weightedAverageShsOutDil": 123600000,
    "link": "https://www.sec.gov/Archives/edgar/data/33185/000114420413041181/0001144204-13-041181-index.htm",
    "finalLink": "https://www.sec.gov/Archives/edgar/data/33185/000114420413041181/v349898_10q.htm"
  },
  {
    "date": "2013-03-31",
    "symbol": "EFX",
    "reportedCurrency": "USD",
    "cik": "0000033185",
    "fillingDate": "2013-04-25",
    "acceptedDate": "2013-04-25 16:20:12",
    "calendarYear": "2013",
    "period": "Q1",
    "revenue": 566500000,
    "costOfRevenue": 195100000,
    "grossProfit": 371400000,
    "grossProfitRatio": 0.6556045896,
    "researchAndDevelopmentExpenses": 0,
    "generalAndAdministrativeExpenses": 0,
    "sellingAndMarketingExpenses": 0,
    "sellingGeneralAndAdministrativeExpenses": 174500000,
    "otherExpenses": 47900000,
    "operatingExpenses": 222400000,
    "costAndExpenses": 417500000,
    "interestIncome": 0,
    "interestExpense": 17700000,
    "depreciationAndAmortization": 48100000,
    "ebitda": 197200000,
    "ebitdaratio": 0.3481023831,
    "operatingIncome": 149000000,
    "operatingIncomeRatio": 0.2630185349,
    "totalOtherIncomeExpensesNet": -17600000,
    "incomeBeforeTax": 131400000,
    "incomeBeforeTaxRatio": 0.2319505737,
    "incomeTaxExpense": 47200000,
    "netIncome": 101100000,
    "netIncomeRatio": 0.1784642542,
    "eps": 0.84,
    "epsdiluted": 0.82,
    "weightedAverageShsOut": 120500000,
    "weightedAverageShsOutDil": 123100000,
    "link": "https://www.sec.gov/Archives/edgar/data/33185/000114420413023924/0001144204-13-023924-index.htm",
    "finalLink": "https://www.sec.gov/Archives/edgar/data/33185/000114420413023924/v339322_10q.htm"
  },
  {
    "date": "2012-12-31",
    "symbol": "EFX",
    "reportedCurrency": "USD",
    "cik": "0000033185",
    "fillingDate": "2013-02-22",
    "acceptedDate": "2013-02-22 15:17:43",
    "calendarYear": "2012",
    "period": "Q4",
    "revenue": 558100000,
    "costOfRevenue": 215800000,
    "grossProfit": 342300000,
    "grossProfitRatio": 0.6133309443,
    "researchAndDevelopmentExpenses": 0,
    "generalAndAdministrativeExpenses": 0,
    "sellingAndMarketingExpenses": 0,
    "sellingGeneralAndAdministrativeExpenses": 206500000,
    "otherExpenses": 40600000,
    "operatingExpenses": 247100000,
    "costAndExpenses": 462900000,
    "interestIncome": 0,
    "interestExpense": 14300000,
    "depreciationAndAmortization": 40600000,
    "ebitda": 136900000,
    "ebitdaratio": 0.2452965418,
    "operatingIncome": 95200000,
    "operatingIncomeRatio": 0.1705787493,
    "totalOtherIncomeExpensesNet": -13200000,
    "incomeBeforeTax": 82000000,
    "incomeBeforeTaxRatio": 0.146927074,
    "incomeTaxExpense": 33800000,
    "netIncome": 46300000,
    "netIncomeRatio": 0.082960043,
    "eps": 0.38,
    "epsdiluted": 0.38,
    "weightedAverageShsOut": 119600000,
    "weightedAverageShsOutDil": 120500000,
    "link": "https://www.sec.gov/Archives/edgar/data/33185/000114420413010696/0001144204-13-010696-index.htm",
    "finalLink": "https://www.sec.gov/Archives/edgar/data/33185/000114420413010696/v332542_10k.htm"
  },
  {
    "date": "2012-09-30",
    "symbol": "EFX",
    "reportedCurrency": "USD",
    "cik": "0000033185",
    "fillingDate": "2012-10-25",
    "acceptedDate": "2012-10-25 16:25:37",
    "calendarYear": "2012",
    "period": "Q3",
    "revenue": 520000000,
    "costOfRevenue": 188400000,
    "grossProfit": 331600000,
    "grossProfitRatio": 0.6376923077,
    "researchAndDevelopmentExpenses": 0,
    "generalAndAdministrativeExpenses": 0,
    "sellingAndMarketingExpenses": 0,
    "sellingGeneralAndAdministrativeExpenses": 161500000,
    "otherExpenses": 39600000,
    "operatingExpenses": 201100000,
    "costAndExpenses": 620300000,
    "interestIncome": 0,
    "interestExpense": 14000000,
    "depreciationAndAmortization": 40400000,
    "ebitda": 172800000,
    "ebitdaratio": 0.3323076923,
    "operatingIncome": 130500000,
    "operatingIncomeRatio": 0.2509615385,
    "totalOtherIncomeExpensesNet": -11700000,
    "incomeBeforeTax": 118800000,
    "incomeBeforeTaxRatio": 0.2284615385,
    "incomeTaxExpense": 39700000,
    "netIncome": 77900000,
    "netIncomeRatio": 0.1498076923,
    "eps": 1,
    "epsdiluted": 0.64,
    "weightedAverageShsOut": 119700000,
    "weightedAverageShsOutDil": 122200000,
    "link": "https://www.sec.gov/Archives/edgar/data/33185/000114420412057747/0001144204-12-057747-index.htm",
    "finalLink": "https://www.sec.gov/Archives/edgar/data/33185/000114420412057747/v324010_10q.htm"
  },
  {
    "date": "2012-06-30",
    "symbol": "EFX",
    "reportedCurrency": "USD",
    "cik": "0000033185",
    "fillingDate": "2012-07-26",
    "acceptedDate": "2012-07-26 16:35:37",
    "calendarYear": "2012",
    "period": "Q2",
    "revenue": 513300000,
    "costOfRevenue": 187200000,
    "grossProfit": 326100000,
    "grossProfitRatio": 0.6353009936,
    "researchAndDevelopmentExpenses": 0,
    "generalAndAdministrativeExpenses": 0,
    "sellingAndMarketingExpenses": 0,
    "sellingGeneralAndAdministrativeExpenses": 156800000,
    "otherExpenses": 40300000,
    "operatingExpenses": 197100000,
    "costAndExpenses": 403100000,
    "interestIncome": 0,
    "interestExpense": 13700000,
    "depreciationAndAmortization": 41100000,
    "ebitda": 172300000,
    "ebitdaratio": 0.3356711475,
    "operatingIncome": 129000000,
    "operatingIncomeRatio": 0.2513150205,
    "totalOtherIncomeExpensesNet": -11500000,
    "incomeBeforeTax": 117500000,
    "incomeBeforeTaxRatio": 0.2289109682,
    "incomeTaxExpense": 41000000,
    "netIncome": 76400000,
    "netIncomeRatio": 0.1488408338,
    "eps": 0.64,
    "epsdiluted": 0.62,
    "weightedAverageShsOut": 120300000,
    "weightedAverageShsOutDil": 122800000,
    "link": "https://www.sec.gov/Archives/edgar/data/33185/000114420412041158/0001144204-12-041158-index.htm",
    "finalLink": "https://www.sec.gov/Archives/edgar/data/33185/000114420412041158/v316188_10q.htm"
  },
  {
    "date": "2012-03-31",
    "symbol": "EFX",
    "reportedCurrency": "USD",
    "cik": "0000033185",
    "fillingDate": "2012-04-26",
    "acceptedDate": "2012-04-26 16:37:56",
    "calendarYear": "2012",
    "period": "Q1",
    "revenue": 505900000,
    "costOfRevenue": 187400000,
    "grossProfit": 318500000,
    "grossProfitRatio": 0.6295710615,
    "researchAndDevelopmentExpenses": 0,
    "generalAndAdministrativeExpenses": 0,
    "sellingAndMarketingExpenses": 0,
    "sellingGeneralAndAdministrativeExpenses": 149800000,
    "otherExpenses": 40400000,
    "operatingExpenses": 190200000,
    "costAndExpenses": 393700000,
    "interestIncome": 0,
    "interestExpense": 13800000,
    "depreciationAndAmortization": 41300000,
    "ebitda": 170900000,
    "ebitdaratio": 0.3378137972,
    "operatingIncome": 128300000,
    "operatingIncomeRatio": 0.2536074323,
    "totalOtherIncomeExpensesNet": -12500000,
    "incomeBeforeTax": 115800000,
    "incomeBeforeTaxRatio": 0.2288989919,
    "incomeTaxExpense": 42500000,
    "netIncome": 71500000,
    "netIncomeRatio": 0.1413322791,
    "eps": 0.6,
    "epsdiluted": 0.58,
    "weightedAverageShsOut": 120000000,
    "weightedAverageShsOutDil": 122400000,
    "link": "https://www.sec.gov/Archives/edgar/data/33185/000114420412024074/0001144204-12-024074-index.htm",
    "finalLink": "https://www.sec.gov/Archives/edgar/data/33185/000114420412024074/v307414_10q.htm"
  },
  {
    "date": "2011-12-31",
    "symbol": "EFX",
    "reportedCurrency": "USD",
    "cik": "0000033185",
    "fillingDate": "2012-02-23",
    "acceptedDate": "2012-02-23 17:06:26",
    "calendarYear": "2011",
    "period": "Q4",
    "revenue": 509700000,
    "costOfRevenue": 194200000,
    "grossProfit": 315500000,
    "grossProfitRatio": 0.6189915637,
    "researchAndDevelopmentExpenses": 0,
    "generalAndAdministrativeExpenses": 0,
    "sellingAndMarketingExpenses": 0,
    "sellingGeneralAndAdministrativeExpenses": 148600000,
    "otherExpenses": 41200000,
    "operatingExpenses": 189800000,
    "costAndExpenses": 384000000,
    "interestIncome": 0,
    "interestExpense": 13900000,
    "depreciationAndAmortization": 41100000,
    "ebitda": 167900000,
    "ebitdaratio": 0.3294094565,
    "operatingIncome": 125700000,
    "operatingIncomeRatio": 0.2466156563,
    "totalOtherIncomeExpensesNet": -12900000,
    "incomeBeforeTax": 112800000,
    "incomeBeforeTaxRatio": 0.221306651,
    "incomeTaxExpense": 38300000,
    "netIncome": 74400000,
    "netIncomeRatio": 0.1459682166,
    "eps": 0.62,
    "epsdiluted": 0.62,
    "weightedAverageShsOut": 120000000,
    "weightedAverageShsOutDil": 120000000,
    "link": "https://www.sec.gov/Archives/edgar/data/33185/000114420412010639/0001144204-12-010639-index.htm",
    "finalLink": "https://www.sec.gov/Archives/edgar/data/33185/000114420412010639/v244511_10k.htm"
  },
  {
    "date": "2011-09-30",
    "symbol": "EFX",
    "reportedCurrency": "USD",
    "cik": "0000033185",
    "fillingDate": "2011-10-27",
    "acceptedDate": "2011-10-27 16:11:06",
    "calendarYear": "2011",
    "period": "Q3",
    "revenue": 490400000,
    "costOfRevenue": 186600000,
    "grossProfit": 303800000,
    "grossProfitRatio": 0.6194942904,
    "researchAndDevelopmentExpenses": 0,
    "generalAndAdministrativeExpenses": 0,
    "sellingAndMarketingExpenses": 0,
    "sellingGeneralAndAdministrativeExpenses": 141700000,
    "otherExpenses": 40500000,
    "operatingExpenses": 182200000,
    "costAndExpenses": 368800000,
    "interestIncome": 0,
    "interestExpense": 13700000,
    "depreciationAndAmortization": 40300000,
    "ebitda": 162700000,
    "ebitdaratio": 0.3317699837,
    "operatingIncome": 121600000,
    "operatingIncomeRatio": 0.2479608483,
    "totalOtherIncomeExpensesNet": -13100000,
    "incomeBeforeTax": 108500000,
    "incomeBeforeTaxRatio": 0.2212479608,
    "incomeTaxExpense": 39200000,
    "netIncome": 66700000,
    "netIncomeRatio": 0.1360114192,
    "eps": 0.55,
    "epsdiluted": 0.54,
    "weightedAverageShsOut": 121800000,
    "weightedAverageShsOutDil": 123300000,
    "link": "https://www.sec.gov/Archives/edgar/data/33185/000114420411059789/0001144204-11-059789-index.htm",
    "finalLink": "https://www.sec.gov/Archives/edgar/data/33185/000114420411059789/v236064_10q.htm"
  },
  {
    "date": "2011-06-30",
    "symbol": "EFX",
    "reportedCurrency": "USD",
    "cik": "0000033185",
    "fillingDate": "2011-07-28",
    "acceptedDate": "2011-07-28 16:45:31",
    "calendarYear": "2011",
    "period": "Q2",
    "revenue": 487100000,
    "costOfRevenue": 188700000,
    "grossProfit": 298400000,
    "grossProfitRatio": 0.6126052145,
    "researchAndDevelopmentExpenses": 0,
    "generalAndAdministrativeExpenses": 0,
    "sellingAndMarketingExpenses": 0,
    "sellingGeneralAndAdministrativeExpenses": 142700000,
    "otherExpenses": 41100000,
    "operatingExpenses": 183800000,
    "costAndExpenses": 372500000,
    "interestIncome": 0,
    "interestExpense": 13700000,
    "depreciationAndAmortization": 40800000,
    "ebitda": 146100000,
    "ebitdaratio": 0.299938411,
    "operatingIncome": 114600000,
    "operatingIncomeRatio": 0.2352699651,
    "totalOtherIncomeExpensesNet": -23300000,
    "incomeBeforeTax": 91300000,
    "incomeBeforeTaxRatio": 0.1874358448,
    "incomeTaxExpense": 54200000,
    "netIncome": 34500000,
    "netIncomeRatio": 0.0708273455,
    "eps": 0.28,
    "epsdiluted": 0.28,
    "weightedAverageShsOut": 122800000,
    "weightedAverageShsOutDil": 124600000,
    "link": "https://www.sec.gov/Archives/edgar/data/33185/000114420411042636/0001144204-11-042636-index.htm",
    "finalLink": "https://www.sec.gov/Archives/edgar/data/33185/000114420411042636/v223686_10q.htm"
  },
  {
    "date": "2011-03-31",
    "symbol": "EFX",
    "reportedCurrency": "USD",
    "cik": "0000033185",
    "fillingDate": "2011-04-28",
    "acceptedDate": "2011-04-28 16:21:20",
    "calendarYear": "2011",
    "period": "Q1",
    "revenue": 472600000,
    "costOfRevenue": 192000000,
    "grossProfit": 280600000,
    "grossProfitRatio": 0.5937367753,
    "researchAndDevelopmentExpenses": 0,
    "generalAndAdministrativeExpenses": 0,
    "sellingAndMarketingExpenses": 0,
    "sellingGeneralAndAdministrativeExpenses": 128800000,
    "otherExpenses": 42700000,
    "operatingExpenses": 171500000,
    "costAndExpenses": 363500000,
    "interestIncome": 0,
    "interestExpense": 13800000,
    "depreciationAndAmortization": 42700000,
    "ebitda": 152100000,
    "ebitdaratio": 0.3218366483,
    "operatingIncome": 109100000,
    "operatingIncomeRatio": 0.2308506136,
    "totalOtherIncomeExpensesNet": -13500000,
    "incomeBeforeTax": 95600000,
    "incomeBeforeTaxRatio": 0.2022852306,
    "incomeTaxExpense": 36300000,
    "netIncome": 57300000,
    "netIncomeRatio": 0.1212441811,
    "eps": 0.47,
    "epsdiluted": 0.46,
    "weightedAverageShsOut": 122800000,
    "weightedAverageShsOutDil": 124700000,
    "link": "https://www.sec.gov/Archives/edgar/data/33185/000114420411024576/0001144204-11-024576-index.htm",
    "finalLink": "https://www.sec.gov/Archives/edgar/data/33185/000114420411024576/v217292_10q.htm"
  },
  {
    "date": "2010-12-31",
    "symbol": "EFX",
    "reportedCurrency": "USD",
    "cik": "0000033185",
    "fillingDate": "2011-03-24",
    "acceptedDate": "2011-03-24 17:07:44",
    "calendarYear": "2010",
    "period": "Q4",
    "revenue": 482000000,
    "costOfRevenue": 193300000,
    "grossProfit": 288700000,
    "grossProfitRatio": 0.5989626556,
    "researchAndDevelopmentExpenses": 0,
    "generalAndAdministrativeExpenses": 0,
    "sellingAndMarketingExpenses": 0,
    "sellingGeneralAndAdministrativeExpenses": 137000000,
    "otherExpenses": 42000000,
    "operatingExpenses": 179000000,
    "costAndExpenses": 372300000,
    "interestIncome": 0,
    "interestExpense": 13800000,
    "depreciationAndAmortization": 42100000,
    "ebitda": 152100000,
    "ebitdaratio": 0.315560166,
    "operatingIncome": 109700000,
    "operatingIncomeRatio": 0.227593361,
    "totalOtherIncomeExpensesNet": -13500000,
    "incomeBeforeTax": 96200000,
    "incomeBeforeTaxRatio": 0.1995850622,
    "incomeTaxExpense": 32200000,
    "netIncome": 62200000,
    "netIncomeRatio": 0.1290456432,
    "eps": 0.51,
    "epsdiluted": 0.51,
    "weightedAverageShsOut": 122800000,
    "weightedAverageShsOutDil": 122800000,
    "link": "https://www.sec.gov/Archives/edgar/data/33185/000114420411016912/0001144204-11-016912-index.htm",
    "finalLink": "https://www.sec.gov/Archives/edgar/data/33185/000114420411016912/v215764_10ka.htm"
  },
  {
    "date": "2010-09-30",
    "symbol": "EFX",
    "reportedCurrency": "USD",
    "cik": "0000033185",
    "fillingDate": "2010-10-28",
    "acceptedDate": "2010-10-28 16:33:21",
    "calendarYear": "2010",
    "period": "Q3",
    "revenue": 473800000,
    "costOfRevenue": 188200000,
    "grossProfit": 285600000,
    "grossProfitRatio": 0.6027859856,
    "researchAndDevelopmentExpenses": 0,
    "generalAndAdministrativeExpenses": 0,
    "sellingAndMarketingExpenses": 0,
    "sellingGeneralAndAdministrativeExpenses": 134000000,
    "otherExpenses": 41400000,
    "operatingExpenses": 175400000,
    "costAndExpenses": 363600000,
    "interestIncome": 0,
    "interestExpense": 14000000,
    "depreciationAndAmortization": 41400000,
    "ebitda": 152300000,
    "ebitdaratio": 0.3214436471,
    "operatingIncome": 110200000,
    "operatingIncomeRatio": 0.2325875897,
    "totalOtherIncomeExpensesNet": -13300000,
    "incomeBeforeTax": 96900000,
    "incomeBeforeTaxRatio": 0.2045166737,
    "incomeTaxExpense": 33300000,
    "netIncome": 76500000,
    "netIncomeRatio": 0.1614605319,
    "eps": 0.62,
    "epsdiluted": 0.61,
    "weightedAverageShsOut": 124300000,
    "weightedAverageShsOutDil": 125800000,
    "link": "https://www.sec.gov/Archives/edgar/data/33185/000114420410056126/0001144204-10-056126-index.htm",
    "finalLink": "https://www.sec.gov/Archives/edgar/data/33185/000114420410056126/v199190_10q.htm"
  },
  {
    "date": "2010-06-30",
    "symbol": "EFX",
    "reportedCurrency": "USD",
    "cik": "0000033185",
    "fillingDate": "2010-07-29",
    "acceptedDate": "2010-07-29 17:05:23",
    "calendarYear": "2010",
    "period": "Q2",
    "revenue": 460700000,
    "costOfRevenue": 188300000,
    "grossProfit": 272400000,
    "grossProfitRatio": 0.591274148,
    "researchAndDevelopmentExpenses": 0,
    "generalAndAdministrativeExpenses": 0,
    "sellingAndMarketingExpenses": 0,
    "sellingGeneralAndAdministrativeExpenses": 126900000,
    "otherExpenses": 39700000,
    "operatingExpenses": 166600000,
    "costAndExpenses": 354900000,
    "interestIncome": 0,
    "interestExpense": 14100000,
    "depreciationAndAmortization": 41800000,
    "ebitda": 148400000,
    "ebitdaratio": 0.3221185153,
    "operatingIncome": 105800000,
    "operatingIncomeRatio": 0.2296505318,
    "totalOtherIncomeExpensesNet": -13300000,
    "incomeBeforeTax": 92500000,
    "incomeBeforeTaxRatio": 0.2007814196,
    "incomeTaxExpense": 32700000,
    "netIncome": 71300000,
    "netIncomeRatio": 0.1547644888,
    "eps": 0.57,
    "epsdiluted": 0.56,
    "weightedAverageShsOut": 125700000,
    "weightedAverageShsOutDil": 127300000,
    "link": "https://www.sec.gov/Archives/edgar/data/33185/000114420410040132/0001144204-10-040132-index.htm",
    "finalLink": "https://www.sec.gov/Archives/edgar/data/33185/000114420410040132/v191180_10q.htm"
  },
  {
    "date": "2010-03-31",
    "symbol": "EFX",
    "reportedCurrency": "USD",
    "cik": "0000033185",
    "fillingDate": "2010-04-29",
    "acceptedDate": "2010-04-29 16:57:27",
    "calendarYear": "2010",
    "period": "Q1",
    "revenue": 443000000,
    "costOfRevenue": 190100000,
    "grossProfit": 252900000,
    "grossProfitRatio": 0.5708803612,
    "researchAndDevelopmentExpenses": 0,
    "generalAndAdministrativeExpenses": 0,
    "sellingAndMarketingExpenses": 0,
    "sellingGeneralAndAdministrativeExpenses": 109500000,
    "otherExpenses": 39100000,
    "operatingExpenses": 148600000,
    "costAndExpenses": 353600000,
    "interestIncome": 0,
    "interestExpense": 14200000,
    "depreciationAndAmortization": 42500000,
    "ebitda": 146300000,
    "ebitdaratio": 0.330248307,
    "operatingIncome": 104300000,
    "operatingIncomeRatio": 0.2354401806,
    "totalOtherIncomeExpensesNet": -14700000,
    "incomeBeforeTax": 89600000,
    "incomeBeforeTaxRatio": 0.2022573363,
    "incomeTaxExpense": 33700000,
    "netIncome": 56700000,
    "netIncomeRatio": 0.1279909707,
    "eps": 0.45,
    "epsdiluted": 0.44,
    "weightedAverageShsOut": 126300000,
    "weightedAverageShsOutDil": 128100000,
    "link": "https://www.sec.gov/Archives/edgar/data/33185/000114420410023050/0001144204-10-023050-index.htm",
    "finalLink": "https://www.sec.gov/Archives/edgar/data/33185/000114420410023050/v182291_10q.htm"
  },
  {
    "date": "2009-12-31",
    "symbol": "EFX",
    "reportedCurrency": "USD",
    "cik": "0000033185",
    "fillingDate": "2010-02-23",
    "acceptedDate": "2010-02-23 17:18:07",
    "calendarYear": "2009",
    "period": "Q4",
    "revenue": 464300000,
    "costOfRevenue": 196100000,
    "grossProfit": 268200000,
    "grossProfitRatio": 0.5776437648,
    "researchAndDevelopmentExpenses": 0,
    "generalAndAdministrativeExpenses": 0,
    "sellingAndMarketingExpenses": 0,
    "sellingGeneralAndAdministrativeExpenses": 134900000,
    "otherExpenses": 41900000,
    "operatingExpenses": 176800000,
    "costAndExpenses": 372900000,
    "interestIncome": 0,
    "interestExpense": 14100000,
    "depreciationAndAmortization": 41900000,
    "ebitda": 133600000,
    "ebitdaratio": 0.2877449925,
    "operatingIncome": 91400000,
    "operatingIncomeRatio": 0.1968554814,
    "totalOtherIncomeExpensesNet": -13800000,
    "incomeBeforeTax": 77600000,
    "incomeBeforeTaxRatio": 0.167133319,
    "incomeTaxExpense": 15700000,
    "netIncome": 60200000,
    "netIncomeRatio": 0.129657549,
    "eps": 0.48,
    "epsdiluted": 0.48,
    "weightedAverageShsOut": 126300000,
    "weightedAverageShsOutDil": 126300000,
    "link": "https://www.sec.gov/Archives/edgar/data/33185/000104746910001159/0001047469-10-001159-index.htm",
    "finalLink": "https://www.sec.gov/Archives/edgar/data/33185/000104746910001159/a2196590z10-k.htm"
  },
  {
    "date": "2009-09-30",
    "symbol": "EFX",
    "reportedCurrency": "USD",
    "cik": "0000033185",
    "fillingDate": "2009-10-28",
    "acceptedDate": "2009-10-28 17:20:08",
    "calendarYear": "2009",
    "period": "Q3",
    "revenue": 425000000,
    "costOfRevenue": 177500000,
    "grossProfit": 247500000,
    "grossProfitRatio": 0.5823529412,
    "researchAndDevelopmentExpenses": 0,
    "generalAndAdministrativeExpenses": 0,
    "sellingAndMarketingExpenses": 0,
    "sellingGeneralAndAdministrativeExpenses": 111200000,
    "otherExpenses": 36300000,
    "operatingExpenses": 147500000,
    "costAndExpenses": 345600000,
    "interestIncome": 0,
    "interestExpense": 14100000,
    "depreciationAndAmortization": 39600000,
    "ebitda": 139800000,
    "ebitdaratio": 0.3289411765,
    "operatingIncome": 100000000,
    "operatingIncomeRatio": 0.2352941176,
    "totalOtherIncomeExpensesNet": -13900000,
    "incomeBeforeTax": 86100000,
    "incomeBeforeTaxRatio": 0.2025882353,
    "incomeTaxExpense": 28700000,
    "netIncome": 59700000,
    "netIncomeRatio": 0.1404705882,
    "eps": 0.47,
    "epsdiluted": 0.47,
    "weightedAverageShsOut": 126400000,
    "weightedAverageShsOutDil": 128000000,
    "link": "https://www.sec.gov/Archives/edgar/data/33185/000104746909009247/0001047469-09-009247-index.htm",
    "finalLink": "https://www.sec.gov/Archives/edgar/data/33185/000104746909009247/a2195080z10-q.htm"
  },
  {
    "date": "2009-06-30",
    "symbol": "EFX",
    "reportedCurrency": "USD",
    "cik": "0000033185",
    "fillingDate": "2009-07-29",
    "acceptedDate": "2009-07-29 17:14:19",
    "calendarYear": "2009",
    "period": "Q2",
    "revenue": 429100000,
    "costOfRevenue": 180400000,
    "grossProfit": 248700000,
    "grossProfitRatio": 0.5795851783,
    "researchAndDevelopmentExpenses": 0,
    "generalAndAdministrativeExpenses": 0,
    "sellingAndMarketingExpenses": 0,
    "sellingGeneralAndAdministrativeExpenses": 111100000,
    "otherExpenses": 35600000,
    "operatingExpenses": 146700000,
    "costAndExpenses": 348200000,
    "interestIncome": 0,
    "interestExpense": 14500000,
    "depreciationAndAmortization": 39100000,
    "ebitda": 144200000,
    "ebitdaratio": 0.3360522023,
    "operatingIncome": 102000000,
    "operatingIncomeRatio": 0.2377068282,
    "totalOtherIncomeExpensesNet": -11400000,
    "incomeBeforeTax": 90600000,
    "incomeBeforeTaxRatio": 0.2111395945,
    "incomeTaxExpense": 32700000,
    "netIncome": 59600000,
    "netIncomeRatio": 0.1388953624,
    "eps": 0.47,
    "epsdiluted": 0.47,
    "weightedAverageShsOut": 126300000,
    "weightedAverageShsOutDil": 127800000,
    "link": "https://www.sec.gov/Archives/edgar/data/33185/000104746909006989/0001047469-09-006989-index.htm",
    "finalLink": "https://www.sec.gov/Archives/edgar/data/33185/000104746909006989/a2193815z10-q.htm"
  },
  {
    "date": "2009-03-31",
    "symbol": "EFX",
    "reportedCurrency": "USD",
    "cik": "0000033185",
    "fillingDate": "2009-04-28",
    "acceptedDate": "2009-04-28 17:09:51",
    "calendarYear": "2009",
    "period": "Q1",
    "revenue": 446600000,
    "costOfRevenue": 187000000,
    "grossProfit": 259600000,
    "grossProfitRatio": 0.5812807882,
    "researchAndDevelopmentExpenses": 0,
    "generalAndAdministrativeExpenses": 0,
    "sellingAndMarketingExpenses": 0,
    "sellingGeneralAndAdministrativeExpenses": 122000000,
    "otherExpenses": 36600000,
    "operatingExpenses": 158600000,
    "costAndExpenses": 350200000,
    "interestIncome": 0,
    "interestExpense": 14300000,
    "depreciationAndAmortization": 38200000,
    "ebitda": 141600000,
    "ebitdaratio": 0.3170622481,
    "operatingIncome": 101000000,
    "operatingIncomeRatio": 0.2261531572,
    "totalOtherIncomeExpensesNet": -11900000,
    "incomeBeforeTax": 89100000,
    "incomeBeforeTaxRatio": 0.1995073892,
    "incomeTaxExpense": 34100000,
    "netIncome": 54400000,
    "netIncomeRatio": 0.1218092253,
    "eps": 0.43,
    "epsdiluted": 0.43,
    "weightedAverageShsOut": 126200000,
    "weightedAverageShsOutDil": 127400000,
    "link": "https://www.sec.gov/Archives/edgar/data/33185/000104746909004661/0001047469-09-004661-index.htm",
    "finalLink": "https://www.sec.gov/Archives/edgar/data/33185/000104746909004661/a2192546z10-q.htm"
  },
  {
    "date": "2008-12-31",
    "symbol": "EFX",
    "reportedCurrency": "USD",
    "cik": "0000033185",
    "fillingDate": "2009-02-26",
    "acceptedDate": "2009-02-26 17:03:56",
    "calendarYear": "2008",
    "period": "Q4",
    "revenue": 446600000,
    "costOfRevenue": 181300000,
    "grossProfit": 265300000,
    "grossProfitRatio": 0.5940438871,
    "researchAndDevelopmentExpenses": 0,
    "generalAndAdministrativeExpenses": 0,
    "sellingAndMarketingExpenses": 0,
    "sellingGeneralAndAdministrativeExpenses": 111100000,
    "otherExpenses": 38100000,
    "operatingExpenses": 149200000,
    "costAndExpenses": 330500000,
    "interestIncome": 0,
    "interestExpense": 0,
    "depreciationAndAmortization": 38100000,
    "ebitda": 154200000,
    "ebitdaratio": 0.3452754142,
    "operatingIncome": 116100000,
    "operatingIncomeRatio": 0.2599641738,
    "totalOtherIncomeExpensesNet": -15100000,
    "incomeBeforeTax": 101000000,
    "incomeBeforeTaxRatio": 0.2261531572,
    "incomeTaxExpense": 37000000,
    "netIncome": 64000000,
    "netIncomeRatio": 0.1433049709,
    "eps": 0.51,
    "epsdiluted": 0.51,
    "weightedAverageShsOut": 126200000,
    "weightedAverageShsOutDil": 126200000,
    "link": "https://www.sec.gov/Archives/edgar/data/33185/000104746909001891/0001047469-09-001891-index.htm",
    "finalLink": "https://www.sec.gov/Archives/edgar/data/33185/000104746909001891/a2190893z10-k.htm"
  },
  {
    "date": "2008-09-30",
    "symbol": "EFX",
    "reportedCurrency": "USD",
    "cik": "0000033185",
    "fillingDate": "2008-10-28",
    "acceptedDate": "2008-10-28 17:27:24",
    "calendarYear": "2008",
    "period": "Q3",
    "revenue": 484100000,
    "costOfRevenue": 197000000,
    "grossProfit": 287100000,
    "grossProfitRatio": 0.5930592853,
    "researchAndDevelopmentExpenses": 0,
    "generalAndAdministrativeExpenses": 0,
    "sellingAndMarketingExpenses": 0,
    "sellingGeneralAndAdministrativeExpenses": 138500000,
    "otherExpenses": 41400000,
    "operatingExpenses": 179900000,
    "costAndExpenses": 376900000,
    "interestIncome": 0,
    "interestExpense": 16900000,
    "depreciationAndAmortization": 41400000,
    "ebitda": 150100000,
    "ebitdaratio": 0.310059905,
    "operatingIncome": 107200000,
    "operatingIncomeRatio": 0.2214418509,
    "totalOtherIncomeExpensesNet": -15400000,
    "incomeBeforeTax": 91800000,
    "incomeBeforeTaxRatio": 0.1896302417,
    "incomeTaxExpense": 18000000,
    "netIncome": 72300000,
    "netIncomeRatio": 0.149349308,
    "eps": 0.57,
    "epsdiluted": 0.56,
    "weightedAverageShsOut": 127500000,
    "weightedAverageShsOutDil": 129800000,
    "link": "https://www.sec.gov/Archives/edgar/data/33185/000104746908011300/0001047469-08-011300-index.htm",
    "finalLink": "https://www.sec.gov/Archives/edgar/data/33185/000104746908011300/a2188672z10-q.htm"
  },
  {
    "date": "2008-06-30",
    "symbol": "EFX",
    "reportedCurrency": "USD",
    "cik": "0000033185",
    "fillingDate": "2008-07-29",
    "acceptedDate": "2008-07-29 17:11:57",
    "calendarYear": "2008",
    "period": "Q2",
    "revenue": 501900000,
    "costOfRevenue": 204400000,
    "grossProfit": 297500000,
    "grossProfitRatio": 0.5927475593,
    "researchAndDevelopmentExpenses": 0,
    "generalAndAdministrativeExpenses": 0,
    "sellingAndMarketingExpenses": 0,
    "sellingGeneralAndAdministrativeExpenses": 131800000,
    "otherExpenses": 38000000,
    "operatingExpenses": 169800000,
    "costAndExpenses": 374200000,
    "interestIncome": 0,
    "interestExpense": 17300000,
    "depreciationAndAmortization": 38000000,
    "ebitda": 166600000,
    "ebitdaratio": 0.3319386332,
    "operatingIncome": 127700000,
    "operatingIncomeRatio": 0.254433154,
    "totalOtherIncomeExpensesNet": -16400000,
    "incomeBeforeTax": 111300000,
    "incomeBeforeTaxRatio": 0.2217573222,
    "incomeTaxExpense": 38700000,
    "netIncome": 70800000,
    "netIncomeRatio": 0.141063957,
    "eps": 0.55,
    "epsdiluted": 0.54,
    "weightedAverageShsOut": 129000000,
    "weightedAverageShsOutDil": 131500000,
    "link": "https://www.sec.gov/Archives/edgar/data/33185/000104746908008500/0001047469-08-008500-index.htm",
    "finalLink": "https://www.sec.gov/Archives/edgar/data/33185/000104746908008500/a2186929z10-q.htm"
  },
  {
    "date": "2008-03-31",
    "symbol": "EFX",
    "reportedCurrency": "USD",
    "cik": "0000033185",
    "fillingDate": "2008-04-29",
    "acceptedDate": "2008-04-29 17:17:37",
    "calendarYear": "2008",
    "period": "Q1",
    "revenue": 503100000,
    "costOfRevenue": 206200000,
    "grossProfit": 296900000,
    "grossProfitRatio": 0.590141125,
    "researchAndDevelopmentExpenses": 0,
    "generalAndAdministrativeExpenses": 0,
    "sellingAndMarketingExpenses": 0,
    "sellingGeneralAndAdministrativeExpenses": 132800000,
    "otherExpenses": 37900000,
    "operatingExpenses": 170700000,
    "costAndExpenses": 376900000,
    "interestIncome": 0,
    "interestExpense": 19700000,
    "depreciationAndAmortization": 37900000,
    "ebitda": 164400000,
    "ebitdaratio": 0.3267740012,
    "operatingIncome": 126200000,
    "operatingIncomeRatio": 0.2508447625,
    "totalOtherIncomeExpensesNet": -19400000,
    "incomeBeforeTax": 106800000,
    "incomeBeforeTaxRatio": 0.2122838402,
    "incomeTaxExpense": 39400000,
    "netIncome": 65700000,
    "netIncomeRatio": 0.1305903399,
    "eps": 0.51,
    "epsdiluted": 0.5,
    "weightedAverageShsOut": 129600000,
    "weightedAverageShsOutDil": 132100000,
    "link": "https://www.sec.gov/Archives/edgar/data/33185/000104746908005547/0001047469-08-005547-index.htm",
    "finalLink": "https://www.sec.gov/Archives/edgar/data/33185/000104746908005547/a2185047z10-q.htm"
  },
  {
    "date": "2007-12-31",
    "symbol": "EFX",
    "reportedCurrency": "USD",
    "cik": "0000033185",
    "fillingDate": "2008-02-27",
    "acceptedDate": "2008-02-27 17:00:16",
    "calendarYear": "2007",
    "period": "Q4",
    "revenue": 490800000,
    "costOfRevenue": 198500000,
    "grossProfit": 292300000,
    "grossProfitRatio": 0.5955582722,
    "researchAndDevelopmentExpenses": 0,
    "generalAndAdministrativeExpenses": 0,
    "sellingAndMarketingExpenses": 0,
    "sellingGeneralAndAdministrativeExpenses": 134300000,
    "otherExpenses": 37800000,
    "operatingExpenses": 172100000,
    "costAndExpenses": 370600000,
    "interestIncome": 0,
    "interestExpense": 0,
    "depreciationAndAmortization": 37800000,
    "ebitda": 158000000,
    "ebitdaratio": 0.3219233904,
    "operatingIncome": 120200000,
    "operatingIncomeRatio": 0.2449062755,
    "totalOtherIncomeExpensesNet": -22000000,
    "incomeBeforeTax": 98200000,
    "incomeBeforeTaxRatio": 0.2000814996,
    "incomeTaxExpense": 32500000,
    "netIncome": 65700000,
    "netIncomeRatio": 0.1338630807,
    "eps": 0.51,
    "epsdiluted": 0.51,
    "weightedAverageShsOut": 129600000,
    "weightedAverageShsOutDil": 129600000,
    "link": "https://www.sec.gov/Archives/edgar/data/33185/000104746908001839/0001047469-08-001839-index.htm",
    "finalLink": "https://www.sec.gov/Archives/edgar/data/33185/000104746908001839/a2182984z10-k.htm"
  },
  {
    "date": "2007-09-30",
    "symbol": "EFX",
    "reportedCurrency": "USD",
    "cik": "0000033185",
    "fillingDate": "2007-10-30",
    "acceptedDate": "2007-10-30 17:13:49",
    "calendarYear": "2007",
    "period": "Q3",
    "revenue": 492500000,
    "costOfRevenue": 194300000,
    "grossProfit": 298200000,
    "grossProfitRatio": 0.6054822335,
    "researchAndDevelopmentExpenses": 0,
    "generalAndAdministrativeExpenses": 0,
    "sellingAndMarketingExpenses": 0,
    "sellingGeneralAndAdministrativeExpenses": 130100000,
    "otherExpenses": 38900000,
    "operatingExpenses": 169000000,
    "costAndExpenses": 363300000,
    "interestIncome": 0,
    "interestExpense": 0,
    "depreciationAndAmortization": 38900000,
    "ebitda": 168100000,
    "ebitdaratio": 0.341319797,
    "operatingIncome": 129200000,
    "operatingIncomeRatio": 0.2623350254,
    "totalOtherIncomeExpensesNet": -20400000,
    "incomeBeforeTax": 108800000,
    "incomeBeforeTaxRatio": 0.2209137056,
    "incomeTaxExpense": 40900000,
    "netIncome": 67900000,
    "netIncomeRatio": 0.1378680203,
    "eps": 0.49,
    "epsdiluted": 0.48,
    "weightedAverageShsOut": 137400000,
    "weightedAverageShsOutDil": 140600000,
    "link": "https://www.sec.gov/Archives/edgar/data/33185/000104746907008146/0001047469-07-008146-index.htm",
    "finalLink": "https://www.sec.gov/Archives/edgar/data/33185/000104746907008146/a2180471z10-q.htm"
  },
  {
    "date": "2007-06-30",
    "symbol": "EFX",
    "reportedCurrency": "USD",
    "cik": "0000033185",
    "fillingDate": "2007-08-01",
    "acceptedDate": "2007-08-01 16:43:19",
    "calendarYear": "2007",
    "period": "Q2",
    "revenue": 454500000,
    "costOfRevenue": 189900000,
    "grossProfit": 264600000,
    "grossProfitRatio": 0.5821782178,
    "researchAndDevelopmentExpenses": 0,
    "generalAndAdministrativeExpenses": 0,
    "sellingAndMarketingExpenses": 0,
    "sellingGeneralAndAdministrativeExpenses": 115200000,
    "otherExpenses": 29600000,
    "operatingExpenses": 144800000,
    "costAndExpenses": 334700000,
    "interestIncome": 0,
    "interestExpense": 0,
    "depreciationAndAmortization": 29600000,
    "ebitda": 149400000,
    "ebitdaratio": 0.3287128713,
    "operatingIncome": 119800000,
    "operatingIncomeRatio": 0.2635863586,
    "totalOtherIncomeExpensesNet": -10600000,
    "incomeBeforeTax": 109200000,
    "incomeBeforeTaxRatio": 0.2402640264,
    "incomeTaxExpense": 39100000,
    "netIncome": 70100000,
    "netIncomeRatio": 0.1542354235,
    "eps": 0.52,
    "epsdiluted": 0.51,
    "weightedAverageShsOut": 134900000,
    "weightedAverageShsOutDil": 138600000,
    "link": "https://www.sec.gov/Archives/edgar/data/33185/000110465907057935/0001104659-07-057935-index.htm",
    "finalLink": "https://www.sec.gov/Archives/edgar/data/33185/000110465907057935/a07-18712_210q.htm"
  },
  {
    "date": "2007-03-31",
    "symbol": "EFX",
    "reportedCurrency": "USD",
    "cik": "0000033185",
    "fillingDate": "2007-05-04",
    "acceptedDate": "2007-05-03 17:45:04",
    "calendarYear": "2007",
    "period": "Q1",
    "revenue": 405100000,
    "costOfRevenue": 169300000,
    "grossProfit": 235800000,
    "grossProfitRatio": 0.5820784991,
    "researchAndDevelopmentExpenses": 0,
    "generalAndAdministrativeExpenses": 0,
    "sellingAndMarketingExpenses": 0,
    "sellingGeneralAndAdministrativeExpenses": 97400000,
    "otherExpenses": -149700000,
    "operatingExpenses": -52300000,
    "costAndExpenses": 117000000,
    "interestIncome": 0,
    "interestExpense": 0,
    "depreciationAndAmortization": 21400000,
    "ebitda": 309500000,
    "ebitdaratio": 0.7640088867,
    "operatingIncome": 288100000,
    "operatingIncomeRatio": 0.7111824241,
    "totalOtherIncomeExpensesNet": -179700000,
    "incomeBeforeTax": 108400000,
    "incomeBeforeTaxRatio": 0.2675882498,
    "incomeTaxExpense": 39400000,
    "netIncome": 69000000,
    "netIncomeRatio": 0.170328314,
    "eps": 0.55,
    "epsdiluted": 0.54,
    "weightedAverageShsOut": 124900000,
    "weightedAverageShsOutDil": 127300000,
    "link": "https://www.sec.gov/Archives/edgar/data/33185/000110465907035493/0001104659-07-035493-index.htm",
    "finalLink": "https://www.sec.gov/Archives/edgar/data/33185/000110465907035493/a07-10634_110q.htm"
  },
  {
    "date": "2006-12-31",
    "symbol": "EFX",
    "reportedCurrency": "USD",
    "cik": "0000033185",
    "fillingDate": "2007-02-28",
    "acceptedDate": "2007-02-27 17:54:14",
    "calendarYear": "2006",
    "period": "Q4",
    "revenue": 390000000,
    "costOfRevenue": 159900000,
    "grossProfit": 230100000,
    "grossProfitRatio": 0.59,
    "researchAndDevelopmentExpenses": 0,
    "generalAndAdministrativeExpenses": 0,
    "sellingAndMarketingExpenses": 0,
    "sellingGeneralAndAdministrativeExpenses": 99400000,
    "otherExpenses": 20800000,
    "operatingExpenses": 120200000,
    "costAndExpenses": 280100000,
    "interestIncome": 0,
    "interestExpense": 0,
    "depreciationAndAmortization": 20800000,
    "ebitda": 130700000,
    "ebitdaratio": 0.3351282051,
    "operatingIncome": 109900000,
    "operatingIncomeRatio": 0.2817948718,
    "totalOtherIncomeExpensesNet": -9200000,
    "incomeBeforeTax": 100700000,
    "incomeBeforeTaxRatio": 0.2582051282,
    "incomeTaxExpense": 37600000,
    "netIncome": 63100000,
    "netIncomeRatio": 0.1617948718,
    "eps": 0.51,
    "epsdiluted": 0.51,
    "weightedAverageShsOut": 124900000,
    "weightedAverageShsOutDil": 124900000,
    "link": "https://www.sec.gov/Archives/edgar/data/33185/000110465907014494/0001104659-07-014494-index.htm",
    "finalLink": "https://www.sec.gov/Archives/edgar/data/33185/000110465907014494/a07-5255_110k.htm"
  },
  {
    "date": "2006-09-30",
    "symbol": "EFX",
    "reportedCurrency": "USD",
    "cik": "0000033185",
    "fillingDate": "2006-11-01",
    "acceptedDate": "2006-11-01 17:26:10",
    "calendarYear": "2006",
    "period": "Q3",
    "revenue": 394600000,
    "costOfRevenue": 157900000,
    "grossProfit": 236700000,
    "grossProfitRatio": 0.5998479473,
    "researchAndDevelopmentExpenses": 0,
    "generalAndAdministrativeExpenses": 0,
    "sellingAndMarketingExpenses": 0,
    "sellingGeneralAndAdministrativeExpenses": 95700000,
    "otherExpenses": 20400000,
    "operatingExpenses": 116100000,
    "costAndExpenses": 274000000,
    "interestIncome": 0,
    "interestExpense": 0,
    "depreciationAndAmortization": 20400000,
    "ebitda": 141000000,
    "ebitdaratio": 0.3573238723,
    "operatingIncome": 120600000,
    "operatingIncomeRatio": 0.3056259503,
    "totalOtherIncomeExpensesNet": -8400000,
    "incomeBeforeTax": 112200000,
    "incomeBeforeTaxRatio": 0.2843385707,
    "incomeTaxExpense": 33300000,
    "netIncome": 78900000,
    "netIncomeRatio": 0.1999493158,
    "eps": 0.62,
    "epsdiluted": 0.61,
    "weightedAverageShsOut": 126400000,
    "weightedAverageShsOutDil": 128400000,
    "link": "https://www.sec.gov/Archives/edgar/data/33185/000110465906070329/0001104659-06-070329-index.htm",
    "finalLink": "https://www.sec.gov/Archives/edgar/data/33185/000110465906070329/a06-21417_110q.htm"
  },
  {
    "date": "2006-06-30",
    "symbol": "EFX",
    "reportedCurrency": "USD",
    "cik": "0000033185",
    "fillingDate": "2006-08-02",
    "acceptedDate": "2006-08-02 17:04:21",
    "calendarYear": "2006",
    "period": "Q2",
    "revenue": 387700000,
    "costOfRevenue": 161800000,
    "grossProfit": 225900000,
    "grossProfitRatio": 0.5826670106,
    "researchAndDevelopmentExpenses": 0,
    "generalAndAdministrativeExpenses": 0,
    "sellingAndMarketingExpenses": 0,
    "sellingGeneralAndAdministrativeExpenses": 109000000,
    "otherExpenses": 20500000,
    "operatingExpenses": 129500000,
    "costAndExpenses": 291300000,
    "interestIncome": 0,
    "interestExpense": 0,
    "depreciationAndAmortization": 20500000,
    "ebitda": 116900000,
    "ebitdaratio": 0.3015217952,
    "operatingIncome": 96400000,
    "operatingIncomeRatio": 0.2486458602,
    "totalOtherIncomeExpensesNet": 5700000,
    "incomeBeforeTax": 102100000,
    "incomeBeforeTaxRatio": 0.2633479494,
    "incomeTaxExpense": 32500000,
    "netIncome": 69600000,
    "netIncomeRatio": 0.1795202476,
    "eps": 0.54,
    "epsdiluted": 0.53,
    "weightedAverageShsOut": 128100000,
    "weightedAverageShsOutDil": 130400000,
    "link": "https://www.sec.gov/Archives/edgar/data/33185/000110465906050756/0001104659-06-050756-index.htm",
    "finalLink": "https://www.sec.gov/Archives/edgar/data/33185/000110465906050756/a06-15460_110q.htm"
  },
  {
    "date": "2006-03-31",
    "symbol": "EFX",
    "reportedCurrency": "USD",
    "cik": "0000033185",
    "fillingDate": "2006-05-04",
    "acceptedDate": "2006-05-04 16:32:39",
    "calendarYear": "2006",
    "period": "Q1",
    "revenue": 374000000,
    "costOfRevenue": 151100000,
    "grossProfit": 222900000,
    "grossProfitRatio": 0.5959893048,
    "researchAndDevelopmentExpenses": 0,
    "generalAndAdministrativeExpenses": 0,
    "sellingAndMarketingExpenses": 0,
    "sellingGeneralAndAdministrativeExpenses": 92600000,
    "otherExpenses": 21100000,
    "operatingExpenses": 113700000,
    "costAndExpenses": 264800000,
    "interestIncome": 0,
    "interestExpense": 0,
    "depreciationAndAmortization": 21100000,
    "ebitda": 130300000,
    "ebitdaratio": 0.3483957219,
    "operatingIncome": 109200000,
    "operatingIncomeRatio": 0.2919786096,
    "totalOtherIncomeExpensesNet": -8300000,
    "incomeBeforeTax": 100900000,
    "incomeBeforeTaxRatio": 0.2697860963,
    "incomeTaxExpense": 38000000,
    "netIncome": 62900000,
    "netIncomeRatio": 0.1681818182,
    "eps": 0.49,
    "epsdiluted": 0.48,
    "weightedAverageShsOut": 129000000,
    "weightedAverageShsOutDil": 131500000,
    "link": "https://www.sec.gov/Archives/edgar/data/33185/000110465906031206/0001104659-06-031206-index.htm",
    "finalLink": "https://www.sec.gov/Archives/edgar/data/33185/000110465906031206/a06-9577_110q.htm"
  },
  {
    "date": "2005-12-31",
    "symbol": "EFX",
    "reportedCurrency": "USD",
    "cik": "0000033185",
    "fillingDate": "2006-03-02",
    "acceptedDate": "2006-03-02 16:47:55",
    "calendarYear": "2005",
    "period": "Q4",
    "revenue": 361300000,
    "costOfRevenue": 150900000,
    "grossProfit": 210400000,
    "grossProfitRatio": 0.5823415444,
    "researchAndDevelopmentExpenses": 0,
    "generalAndAdministrativeExpenses": 0,
    "sellingAndMarketingExpenses": 0,
    "sellingGeneralAndAdministrativeExpenses": 82700000,
    "otherExpenses": 21700000,
    "operatingExpenses": 104400000,
    "costAndExpenses": 255300000,
    "interestIncome": 0,
    "interestExpense": 0,
    "depreciationAndAmortization": 21700000,
    "ebitda": 127700000,
    "ebitdaratio": 0.3534458898,
    "operatingIncome": 106000000,
    "operatingIncomeRatio": 0.2933849986,
    "totalOtherIncomeExpensesNet": -10100000,
    "incomeBeforeTax": 95900000,
    "incomeBeforeTaxRatio": 0.2654303903,
    "incomeTaxExpense": 33100000,
    "netIncome": 62800000,
    "netIncomeRatio": 0.1738167728,
    "eps": 0.49,
    "epsdiluted": 0.49,
    "weightedAverageShsOut": 129000000,
    "weightedAverageShsOutDil": 129000000,
    "link": "https://www.sec.gov/Archives/edgar/data/33185/000110465906013557/0001104659-06-013557-index.htm",
    "finalLink": "https://www.sec.gov/Archives/edgar/data/33185/000110465906013557/a06-1873_110k.htm"
  },
  {
    "date": "2005-09-30",
    "symbol": "EFX",
    "reportedCurrency": "USD",
    "cik": "0000033185",
    "fillingDate": "2005-11-07",
    "acceptedDate": "2005-11-07 17:12:11",
    "calendarYear": "2005",
    "period": "Q3",
    "revenue": 375300000,
    "costOfRevenue": 153000000,
    "grossProfit": 222300000,
    "grossProfitRatio": 0.5923261391,
    "researchAndDevelopmentExpenses": 0,
    "generalAndAdministrativeExpenses": 0,
    "sellingAndMarketingExpenses": 0,
    "sellingGeneralAndAdministrativeExpenses": 94500000,
    "otherExpenses": 20500000,
    "operatingExpenses": 115000000,
    "costAndExpenses": 268000000,
    "interestIncome": 0,
    "interestExpense": 0,
    "depreciationAndAmortization": 20500000,
    "ebitda": 127800000,
    "ebitdaratio": 0.3405275779,
    "operatingIncome": 107300000,
    "operatingIncomeRatio": 0.2859046096,
    "totalOtherIncomeExpensesNet": -4800000,
    "incomeBeforeTax": 102500000,
    "incomeBeforeTaxRatio": 0.2731148415,
    "incomeTaxExpense": 40000000,
    "netIncome": 62500000,
    "netIncomeRatio": 0.1665334399,
    "eps": 0.48,
    "epsdiluted": 0.47,
    "weightedAverageShsOut": 129900000,
    "weightedAverageShsOutDil": 132500000,
    "link": "https://www.sec.gov/Archives/edgar/data/33185/000110465905053131/0001104659-05-053131-index.htm",
    "finalLink": "https://www.sec.gov/Archives/edgar/data/33185/000110465905053131/a05-18314_110q.htm"
  },
  {
    "date": "2005-06-30",
    "symbol": "EFX",
    "reportedCurrency": "USD",
    "cik": "0000033185",
    "fillingDate": "2005-08-04",
    "acceptedDate": "2005-08-04 17:26:04",
    "calendarYear": "2005",
    "period": "Q2",
    "revenue": 363400000,
    "costOfRevenue": 147800000,
    "grossProfit": 215600000,
    "grossProfitRatio": 0.5932856357,
    "researchAndDevelopmentExpenses": 0,
    "generalAndAdministrativeExpenses": 0,
    "sellingAndMarketingExpenses": 0,
    "sellingGeneralAndAdministrativeExpenses": 88800000,
    "otherExpenses": 20100000,
    "operatingExpenses": 108900000,
    "costAndExpenses": 256700000,
    "interestIncome": 0,
    "interestExpense": 0,
    "depreciationAndAmortization": 20100000,
    "ebitda": 126800000,
    "ebitdaratio": 0.3489268024,
    "operatingIncome": 106700000,
    "operatingIncomeRatio": 0.2936158503,
    "totalOtherIncomeExpensesNet": -8700000,
    "incomeBeforeTax": 98000000,
    "incomeBeforeTaxRatio": 0.2696752889,
    "incomeTaxExpense": 35400000,
    "netIncome": 62600000,
    "netIncomeRatio": 0.1722619703,
    "eps": 0.48,
    "epsdiluted": 0.47,
    "weightedAverageShsOut": 129800000,
    "weightedAverageShsOutDil": 132700000,
    "link": "https://www.sec.gov/Archives/edgar/data/33185/000110465905036562/0001104659-05-036562-index.htm",
    "finalLink": "https://www.sec.gov/Archives/edgar/data/33185/000110465905036562/a05-13047_110q.htm"
  },
  {
    "date": "2005-03-31",
    "symbol": "EFX",
    "reportedCurrency": "USD",
    "cik": "0000033185",
    "fillingDate": "2005-05-05",
    "acceptedDate": "2005-05-05 17:17:57",
    "calendarYear": "2005",
    "period": "Q1",
    "revenue": 343400000,
    "costOfRevenue": 142500000,
    "grossProfit": 200900000,
    "grossProfitRatio": 0.5850320326,
    "researchAndDevelopmentExpenses": 0,
    "generalAndAdministrativeExpenses": 0,
    "sellingAndMarketingExpenses": 0,
    "sellingGeneralAndAdministrativeExpenses": 79000000,
    "otherExpenses": 19900000,
    "operatingExpenses": 98900000,
    "costAndExpenses": 241400000,
    "interestIncome": 0,
    "interestExpense": 0,
    "depreciationAndAmortization": 19900000,
    "ebitda": 121900000,
    "ebitdaratio": 0.3549796156,
    "operatingIncome": 102000000,
    "operatingIncomeRatio": 0.297029703,
    "totalOtherIncomeExpensesNet": -7700000,
    "incomeBeforeTax": 94300000,
    "incomeBeforeTaxRatio": 0.2746068725,
    "incomeTaxExpense": 35700000,
    "netIncome": 58600000,
    "netIncomeRatio": 0.1706464764,
    "eps": 0.45,
    "epsdiluted": 0.44,
    "weightedAverageShsOut": 129800000,
    "weightedAverageShsOutDil": 132400000,
    "link": "https://www.sec.gov/Archives/edgar/data/33185/000110465905020889/0001104659-05-020889-index.htm",
    "finalLink": "https://www.sec.gov/Archives/edgar/data/33185/000110465905020889/a05-8551_110q.htm"
  },
  {
    "date": "2004-12-31",
    "symbol": "EFX",
    "reportedCurrency": "USD",
    "cik": "0000033185",
    "fillingDate": "2005-03-16",
    "acceptedDate": "2005-03-16 15:35:13",
    "calendarYear": "2004",
    "period": "Q4",
    "revenue": 317300000,
    "costOfRevenue": 127400000,
    "grossProfit": 189900000,
    "grossProfitRatio": 0.5984872361,
    "researchAndDevelopmentExpenses": 0,
    "generalAndAdministrativeExpenses": 0,
    "sellingAndMarketingExpenses": 0,
    "sellingGeneralAndAdministrativeExpenses": 69000000,
    "otherExpenses": 14600000,
    "operatingExpenses": 83600000,
    "costAndExpenses": 208600000,
    "interestIncome": 0,
    "interestExpense": 0,
    "depreciationAndAmortization": 19800000,
    "ebitda": 128500000,
    "ebitdaratio": 0.4049795147,
    "operatingIncome": 106300000,
    "operatingIncomeRatio": 0.3350141822,
    "totalOtherIncomeExpensesNet": -7700000,
    "incomeBeforeTax": 98600000,
    "incomeBeforeTaxRatio": 0.3107469272,
    "incomeTaxExpense": 38400000,
    "netIncome": 57500000,
    "netIncomeRatio": 0.1812165143,
    "eps": 0.44,
    "epsdiluted": 0.44,
    "weightedAverageShsOut": 129800000,
    "weightedAverageShsOutDil": 129800000,
    "link": "https://www.sec.gov/Archives/edgar/data/33185/000110465905011449/0001104659-05-011449-index.htm",
    "finalLink": "https://www.sec.gov/Archives/edgar/data/33185/000110465905011449/a05-3999_110k.htm"
  },
  {
    "date": "2004-09-30",
    "symbol": "EFX",
    "reportedCurrency": "USD",
    "cik": "0000033185",
    "fillingDate": "2004-11-04",
    "acceptedDate": "2004-11-04 14:29:12",
    "calendarYear": "2004",
    "period": "Q3",
    "revenue": 319900000,
    "costOfRevenue": 134400000,
    "grossProfit": 185500000,
    "grossProfitRatio": 0.579868709,
    "researchAndDevelopmentExpenses": 0,
    "generalAndAdministrativeExpenses": 0,
    "sellingAndMarketingExpenses": 0,
    "sellingGeneralAndAdministrativeExpenses": 70800000,
    "otherExpenses": 19300000,
    "operatingExpenses": 90100000,
    "costAndExpenses": 227600000,
    "interestIncome": 0,
    "interestExpense": 0,
    "depreciationAndAmortization": 19000000,
    "ebitda": 114400000,
    "ebitdaratio": 0.3576117537,
    "operatingIncome": 95400000,
    "operatingIncomeRatio": 0.2982181932,
    "totalOtherIncomeExpensesNet": -7300000,
    "incomeBeforeTax": 88100000,
    "incomeBeforeTaxRatio": 0.2753985621,
    "incomeTaxExpense": 34800000,
    "netIncome": 53200000,
    "netIncomeRatio": 0.1663019694,
    "eps": 0.4,
    "epsdiluted": 0.4,
    "weightedAverageShsOut": 130700000,
    "weightedAverageShsOutDil": 132500000,
    "link": "https://www.sec.gov/Archives/edgar/data/33185/000116796604001007/0001167966-04-001007-index.htm",
    "finalLink": "https://www.sec.gov/Archives/edgar/data/33185/000116796604001007/a1368_10q.htm"
  },
  {
    "date": "2004-06-30",
    "symbol": "EFX",
    "reportedCurrency": "USD",
    "cik": "0000033185",
    "fillingDate": "2004-08-05",
    "acceptedDate": "2004-08-05 16:21:19",
    "calendarYear": "2004",
    "period": "Q2",
    "revenue": 315400000,
    "costOfRevenue": 130500000,
    "grossProfit": 184900000,
    "grossProfitRatio": 0.5862396956,
    "researchAndDevelopmentExpenses": 0,
    "generalAndAdministrativeExpenses": 0,
    "sellingAndMarketingExpenses": 0,
    "sellingGeneralAndAdministrativeExpenses": 70300000,
    "otherExpenses": 22600000,
    "operatingExpenses": 92900000,
    "costAndExpenses": 232600000,
    "interestIncome": 0,
    "interestExpense": 0,
    "depreciationAndAmortization": 20800000,
    "ebitda": 112800000,
    "ebitdaratio": 0.3576410907,
    "operatingIncome": 92000000,
    "operatingIncomeRatio": 0.2916930881,
    "totalOtherIncomeExpensesNet": 30800000,
    "incomeBeforeTax": 122800000,
    "incomeBeforeTaxRatio": 0.3893468611,
    "incomeTaxExpense": 45800000,
    "netIncome": 73200000,
    "netIncomeRatio": 0.2320862397,
    "eps": 0.56,
    "epsdiluted": 0.55,
    "weightedAverageShsOut": 131900000,
    "weightedAverageShsOutDil": 133700000,
    "link": "https://www.sec.gov/Archives/edgar/data/33185/000116796604000597/0001167966-04-000597-index.htm",
    "finalLink": "https://www.sec.gov/Archives/edgar/data/33185/000116796604000597/t32274equifax_10q.htm"
  },
  {
    "date": "2004-03-31",
    "symbol": "EFX",
    "reportedCurrency": "USD",
    "cik": "0000033185",
    "fillingDate": "2004-05-07",
    "acceptedDate": "2004-05-07 09:35:54",
    "calendarYear": "2004",
    "period": "Q1",
    "revenue": 309900000,
    "costOfRevenue": 129900000,
    "grossProfit": 180000000,
    "grossProfitRatio": 0.5808325266,
    "researchAndDevelopmentExpenses": 0,
    "generalAndAdministrativeExpenses": 0,
    "sellingAndMarketingExpenses": 0,
    "sellingGeneralAndAdministrativeExpenses": 70100000,
    "otherExpenses": 21500000,
    "operatingExpenses": 91600000,
    "costAndExpenses": 225800000,
    "interestIncome": 0,
    "interestExpense": 0,
    "depreciationAndAmortization": 20900000,
    "ebitda": 109900000,
    "ebitdaratio": 0.354630526,
    "operatingIncome": 88400000,
    "operatingIncomeRatio": 0.2852533075,
    "totalOtherIncomeExpensesNet": -5900000,
    "incomeBeforeTax": 82500000,
    "incomeBeforeTaxRatio": 0.266214908,
    "incomeTaxExpense": 30700000,
    "netIncome": 51700000,
    "netIncomeRatio": 0.166828009,
    "eps": 0.39,
    "epsdiluted": 0.38,
    "weightedAverageShsOut": 132900000,
    "weightedAverageShsOutDil": 135100000,
    "link": "https://www.sec.gov/Archives/edgar/data/33185/000104746904016316/0001047469-04-016316-index.htm",
    "finalLink": "https://www.sec.gov/Archives/edgar/data/33185/000104746904016316/a2135422z10-q.htm"
  },
  {
    "date": "2003-12-31",
    "symbol": "EFX",
    "reportedCurrency": "USD",
    "cik": "0000033185",
    "fillingDate": "2004-03-11",
    "acceptedDate": "2004-03-11 17:20:53",
    "calendarYear": "2003",
    "period": "Q4",
    "revenue": 297000000,
    "costOfRevenue": 119200000,
    "grossProfit": 177800000,
    "grossProfitRatio": 0.5986531987,
    "researchAndDevelopmentExpenses": 0,
    "generalAndAdministrativeExpenses": 0,
    "sellingAndMarketingExpenses": 0,
    "sellingGeneralAndAdministrativeExpenses": 67200000,
    "otherExpenses": 53400000,
    "operatingExpenses": 120600000,
    "costAndExpenses": 209200000,
    "interestIncome": 0,
    "interestExpense": 0,
    "depreciationAndAmortization": 22800000,
    "ebitda": 110600000,
    "ebitdaratio": 0.3723905724,
    "operatingIncome": 57200000,
    "operatingIncomeRatio": 0.1925925926,
    "totalOtherIncomeExpensesNet": -7500000,
    "incomeBeforeTax": 49700000,
    "incomeBeforeTaxRatio": 0.1673400673,
    "incomeTaxExpense": 18400000,
    "netIncome": 28000000,
    "netIncomeRatio": 0.0942760943,
    "eps": 0.21,
    "epsdiluted": 0.21,
    "weightedAverageShsOut": 133300000,
    "weightedAverageShsOutDil": 134500000,
    "link": "https://www.sec.gov/Archives/edgar/data/33185/000104746904007525/0001047469-04-007525-index.htm",
    "finalLink": "https://www.sec.gov/Archives/edgar/data/33185/000104746904007525/a2129029z10-k.htm"
  },
  {
    "date": "2003-09-30",
    "symbol": "EFX",
    "reportedCurrency": "USD",
    "cik": "0000033185",
    "fillingDate": "2004-04-29",
    "acceptedDate": "2004-04-29 17:10:08",
    "calendarYear": "2003",
    "period": "Q3",
    "revenue": 309800000,
    "costOfRevenue": 129000000,
    "grossProfit": 180800000,
    "grossProfitRatio": 0.5836023241,
    "researchAndDevelopmentExpenses": 0,
    "generalAndAdministrativeExpenses": 0,
    "sellingAndMarketingExpenses": 0,
    "sellingGeneralAndAdministrativeExpenses": 66800000,
    "otherExpenses": 25100000,
    "operatingExpenses": 91900000,
    "costAndExpenses": 220900000,
    "interestIncome": 0,
    "interestExpense": 0,
    "depreciationAndAmortization": 25200000,
    "ebitda": 114100000,
    "ebitdaratio": 0.3683021304,
    "operatingIncome": 88900000,
    "operatingIncomeRatio": 0.2869593286,
    "totalOtherIncomeExpensesNet": -6500000,
    "incomeBeforeTax": 82400000,
    "incomeBeforeTaxRatio": 0.2659780504,
    "incomeTaxExpense": 29600000,
    "netIncome": 51200000,
    "netIncomeRatio": 0.1652679148,
    "eps": 0.38,
    "epsdiluted": 0.38,
    "weightedAverageShsOut": 134500000,
    "weightedAverageShsOutDil": 136400000,
    "link": "https://www.sec.gov/Archives/edgar/data/33185/000104746904014439/0001047469-04-014439-index.htm",
    "finalLink": "https://www.sec.gov/Archives/edgar/data/33185/000104746904014439/a2134656z10-qa.htm"
  },
  {
    "date": "2003-07-30",
    "symbol": "EFX",
    "reportedCurrency": "USD",
    "cik": "0000033185",
    "fillingDate": "2003-08-08",
    "acceptedDate": "2003-08-08 16:25:07",
    "calendarYear": "2003",
    "period": "Q2",
    "revenue": 317000000,
    "costOfRevenue": 137700000,
    "grossProfit": 179300000,
    "grossProfitRatio": 0.565615142,
    "researchAndDevelopmentExpenses": 0,
    "generalAndAdministrativeExpenses": 0,
    "sellingAndMarketingExpenses": 0,
    "sellingGeneralAndAdministrativeExpenses": 69900000,
    "otherExpenses": 24100000,
    "operatingExpenses": 94000000,
    "costAndExpenses": 231700000,
    "interestIncome": 0,
    "interestExpense": 0,
    "depreciationAndAmortization": 24100000,
    "ebitda": 109400000,
    "ebitdaratio": 0.3451104101,
    "operatingIncome": 85300000,
    "operatingIncomeRatio": 0.2690851735,
    "totalOtherIncomeExpensesNet": -6500000,
    "incomeBeforeTax": 78800000,
    "incomeBeforeTaxRatio": 0.2485804416,
    "incomeTaxExpense": 29500000,
    "netIncome": 41900000,
    "netIncomeRatio": 0.1321766562,
    "eps": 0.31,
    "epsdiluted": 0.31,
    "weightedAverageShsOut": 134900000,
    "weightedAverageShsOutDil": 137000000,
    "link": "https://www.sec.gov/Archives/edgar/data/33185/000104746903026792/0001047469-03-026792-index.htm",
    "finalLink": "https://www.sec.gov/Archives/edgar/data/33185/000104746903026792/a2116137z10-q.htm"
  },
  {
    "date": "2003-03-31",
    "symbol": "EFX",
    "reportedCurrency": "USD",
    "cik": "0000033185",
    "fillingDate": "2003-05-13",
    "acceptedDate": "2003-05-13 16:45:50",
    "calendarYear": "2003",
    "period": "Q1",
    "revenue": 301600000,
    "costOfRevenue": 127000000,
    "grossProfit": 174600000,
    "grossProfitRatio": 0.5789124668,
    "researchAndDevelopmentExpenses": 0,
    "generalAndAdministrativeExpenses": 0,
    "sellingAndMarketingExpenses": 0,
    "sellingGeneralAndAdministrativeExpenses": 70700000,
    "otherExpenses": 23200000,
    "operatingExpenses": 93900000,
    "costAndExpenses": 220900000,
    "interestIncome": 0,
    "interestExpense": 0,
    "depreciationAndAmortization": 23200000,
    "ebitda": 103900000,
    "ebitdaratio": 0.3444960212,
    "operatingIncome": 80700000,
    "operatingIncomeRatio": 0.2675729443,
    "totalOtherIncomeExpensesNet": -8500000,
    "incomeBeforeTax": 72200000,
    "incomeBeforeTaxRatio": 0.2393899204,
    "incomeTaxExpense": 27100000,
    "netIncome": 43800000,
    "netIncomeRatio": 0.1452254642,
    "eps": 0.32,
    "epsdiluted": 0.32,
    "weightedAverageShsOut": 135400000,
    "weightedAverageShsOutDil": 136800000,
    "link": "https://www.sec.gov/Archives/edgar/data/33185/000093176303001550/0000931763-03-001550-index.htm",
    "finalLink": "https://www.sec.gov/Archives/edgar/data/33185/000093176303001550/d10q.htm"
  },
  {
    "date": "2002-12-31",
    "symbol": "EFX",
    "reportedCurrency": "USD",
    "cik": "0000033185",
    "fillingDate": "2003-04-11",
    "acceptedDate": "2003-04-11 17:29:02",
    "calendarYear": "2002",
    "period": "Q4",
    "revenue": 292600000,
    "costOfRevenue": 104600000,
    "grossProfit": 188000000,
    "grossProfitRatio": 0.6425153794,
    "researchAndDevelopmentExpenses": 0,
    "generalAndAdministrativeExpenses": 0,
    "sellingAndMarketingExpenses": 0,
    "sellingGeneralAndAdministrativeExpenses": 70900000,
    "otherExpenses": 22400000,
    "operatingExpenses": 93300000,
    "costAndExpenses": 197900000,
    "interestIncome": 0,
    "interestExpense": 0,
    "depreciationAndAmortization": 22400000,
    "ebitda": 117100000,
    "ebitdaratio": 0.4002050581,
    "operatingIncome": 94700000,
    "operatingIncomeRatio": 0.3236500342,
    "totalOtherIncomeExpensesNet": -9900000,
    "incomeBeforeTax": 84800000,
    "incomeBeforeTaxRatio": 0.2898154477,
    "incomeTaxExpense": 33100000,
    "netIncome": 49900000,
    "netIncomeRatio": 0.1705399863,
    "eps": 0.37,
    "epsdiluted": 0.37,
    "weightedAverageShsOut": 135400000,
    "weightedAverageShsOutDil": 135400000,
    "link": "https://www.sec.gov/Archives/edgar/data/33185/000093176303000945/0000931763-03-000945-index.htm",
    "finalLink": "https://www.sec.gov/Archives/edgar/data/33185/000093176303000945/d10ka.htm"
  },
  {
    "date": "2002-09-30",
    "symbol": "EFX",
    "reportedCurrency": "USD",
    "cik": "0000033185",
    "fillingDate": "2002-11-12",
    "acceptedDate": "2002-11-12 13:12:32",
    "calendarYear": "2002",
    "period": "Q3",
    "revenue": 289700000,
    "costOfRevenue": 113200000,
    "grossProfit": 176500000,
    "grossProfitRatio": 0.6092509493,
    "researchAndDevelopmentExpenses": 0,
    "generalAndAdministrativeExpenses": 0,
    "sellingAndMarketingExpenses": 0,
    "sellingGeneralAndAdministrativeExpenses": 66300000,
    "otherExpenses": 20500000,
    "operatingExpenses": 86800000,
    "costAndExpenses": 200000000,
    "interestIncome": 0,
    "interestExpense": 0,
    "depreciationAndAmortization": 19400000,
    "ebitda": 110200000,
    "ebitdaratio": 0.3803935105,
    "operatingIncome": 89700000,
    "operatingIncomeRatio": 0.3096306524,
    "totalOtherIncomeExpensesNet": -8200000,
    "incomeBeforeTax": 81500000,
    "incomeBeforeTaxRatio": 0.2813255091,
    "incomeTaxExpense": 31800000,
    "netIncome": 38900000,
    "netIncomeRatio": 0.1342768381,
    "eps": 0.29,
    "epsdiluted": 0.28,
    "weightedAverageShsOut": 135900000,
    "weightedAverageShsOutDil": 137600000,
    "link": "https://www.sec.gov/Archives/edgar/data/33185/000093176302003377/0000931763-02-003377-index.htm",
    "finalLink": "https://www.sec.gov/Archives/edgar/data/33185/000093176302003377/d10q.htm"
  },
  {
    "date": "2002-06-30",
    "symbol": "EFX",
    "reportedCurrency": "USD",
    "cik": "0000033185",
    "fillingDate": "2002-08-08",
    "acceptedDate": "2002-08-08 16:14:32",
    "calendarYear": "2002",
    "period": "Q2",
    "revenue": 268000000,
    "costOfRevenue": 104700000,
    "grossProfit": 163300000,
    "grossProfitRatio": 0.6093283582,
    "researchAndDevelopmentExpenses": 0,
    "generalAndAdministrativeExpenses": 0,
    "sellingAndMarketingExpenses": 0,
    "sellingGeneralAndAdministrativeExpenses": 56300000,
    "otherExpenses": 19400000,
    "operatingExpenses": 75700000,
    "costAndExpenses": 183800000,
    "interestIncome": 0,
    "interestExpense": 0,
    "depreciationAndAmortization": 19400000,
    "ebitda": 107000000,
    "ebitdaratio": 0.3992537313,
    "operatingIncome": 87600000,
    "operatingIncomeRatio": 0.3268656716,
    "totalOtherIncomeExpensesNet": -9100000,
    "incomeBeforeTax": 78500000,
    "incomeBeforeTaxRatio": 0.2929104478,
    "incomeTaxExpense": 30700000,
    "netIncome": 47400000,
    "netIncomeRatio": 0.1768656716,
    "eps": 0.35,
    "epsdiluted": 0.34,
    "weightedAverageShsOut": 137000000,
    "weightedAverageShsOutDil": 139800000,
    "link": "https://www.sec.gov/Archives/edgar/data/33185/000093176302002666/0000931763-02-002666-index.htm",
    "finalLink": "https://www.sec.gov/Archives/edgar/data/33185/000093176302002666/d10q.htm"
  },
  {
    "date": "2002-03-31",
    "symbol": "EFX",
    "reportedCurrency": "USD",
    "cik": "0000033185",
    "fillingDate": "2002-05-15",
    "acceptedDate": "2002-05-15 11:29:34",
    "calendarYear": "2002",
    "period": "Q1",
    "revenue": 259000000,
    "costOfRevenue": 104500000,
    "grossProfit": 154500000,
    "grossProfitRatio": 0.5965250965,
    "researchAndDevelopmentExpenses": 0,
    "generalAndAdministrativeExpenses": 0,
    "sellingAndMarketingExpenses": 0,
    "sellingGeneralAndAdministrativeExpenses": 55900000,
    "otherExpenses": 19300000,
    "operatingExpenses": 75200000,
    "costAndExpenses": 182700000,
    "interestIncome": 0,
    "interestExpense": 0,
    "depreciationAndAmortization": 19300000,
    "ebitda": 98600000,
    "ebitdaratio": 0.3806949807,
    "operatingIncome": 79300000,
    "operatingIncomeRatio": 0.3061776062,
    "totalOtherIncomeExpensesNet": -9300000,
    "incomeBeforeTax": 70000000,
    "incomeBeforeTaxRatio": 0.2702702703,
    "incomeTaxExpense": 28000000,
    "netIncome": 41700000,
    "netIncomeRatio": 0.161003861,
    "eps": 0.31,
    "epsdiluted": 0.3,
    "weightedAverageShsOut": 136400000,
    "weightedAverageShsOutDil": 139300000,
    "link": "https://www.sec.gov/Archives/edgar/data/33185/000093176302001859/0000931763-02-001859-index.htm",
    "finalLink": "https://www.sec.gov/Archives/edgar/data/33185/000093176302001859/d10q.txt"
  },
  {
    "date": "2001-12-31",
    "symbol": "EFX",
    "reportedCurrency": "USD",
    "cik": "0000033185",
    "fillingDate": "2002-03-12",
    "acceptedDate": "2002-03-12 00:00:00",
    "calendarYear": "2001",
    "period": "Q4",
    "revenue": 281854000,
    "costOfRevenue": 115800000,
    "grossProfit": 166054000,
    "grossProfitRatio": 0.589148992,
    "researchAndDevelopmentExpenses": 0,
    "generalAndAdministrativeExpenses": 0,
    "sellingAndMarketingExpenses": 0,
    "sellingGeneralAndAdministrativeExpenses": 78908000,
    "otherExpenses": 60400000,
    "operatingExpenses": 139308000,
    "costAndExpenses": 194708000,
    "interestIncome": 0,
    "interestExpense": 0,
    "depreciationAndAmortization": 26253000,
    "ebitda": 113399000,
    "ebitdaratio": 0.4023324132,
    "operatingIncome": 26746000,
    "operatingIncomeRatio": 0.0948931007,
    "totalOtherIncomeExpensesNet": -10608000,
    "incomeBeforeTax": 16138000,
    "incomeBeforeTaxRatio": 0.0572565938,
    "incomeTaxExpense": 7038000,
    "netIncome": 9112000,
    "netIncomeRatio": 0.0323287943,
    "eps": 0.0668,
    "epsdiluted": 0.0668,
    "weightedAverageShsOut": 136400000,
    "weightedAverageShsOutDil": 136400000,
    "link": "https://www.sec.gov/Archives/edgar/data/33185/000093176302000622/0000931763-02-000622-index.htm",
    "finalLink": "https://www.sec.gov/Archives/edgar/data/33185/000093176302000622/d10k.txt"
  },
  {
    "date": "2001-09-30",
    "symbol": "EFX",
    "reportedCurrency": "USD",
    "cik": "0000033185",
    "fillingDate": "2001-11-13",
    "acceptedDate": "2001-11-13 00:00:00",
    "calendarYear": "2001",
    "period": "Q3",
    "revenue": 282400000,
    "costOfRevenue": 113100000,
    "grossProfit": 169300000,
    "grossProfitRatio": 0.5995042493,
    "researchAndDevelopmentExpenses": 0,
    "generalAndAdministrativeExpenses": 0,
    "sellingAndMarketingExpenses": 0,
    "sellingGeneralAndAdministrativeExpenses": 61800000,
    "otherExpenses": 27000000,
    "operatingExpenses": 88800000,
    "costAndExpenses": 201848000,
    "interestIncome": 0,
    "interestExpense": 0,
    "depreciationAndAmortization": 26931000,
    "ebitda": 107500000,
    "ebitdaratio": 0.3806657224,
    "operatingIncome": 80500000,
    "operatingIncomeRatio": 0.2850566572,
    "totalOtherIncomeExpensesNet": -17200000,
    "incomeBeforeTax": 63300000,
    "incomeBeforeTaxRatio": 0.2241501416,
    "incomeTaxExpense": 27500000,
    "netIncome": 35800000,
    "netIncomeRatio": 0.1267705382,
    "eps": 0.26,
    "epsdiluted": 0.26,
    "weightedAverageShsOut": 137400000,
    "weightedAverageShsOutDil": 140200000,
    "link": "https://www.sec.gov/Archives/edgar/data/33185/000093176301502100/0000931763-01-502100-index.htm",
    "finalLink": "https://www.sec.gov/Archives/edgar/data/33185/000093176301502100/d10q.txt"
  },
  {
    "date": "2001-06-30",
    "symbol": "EFX",
    "reportedCurrency": "USD",
    "cik": "0000033185",
    "fillingDate": "2001-08-13",
    "acceptedDate": "2001-08-13 00:00:00",
    "calendarYear": "2001",
    "period": "Q2",
    "revenue": 289500000,
    "costOfRevenue": 117900000,
    "grossProfit": 171600000,
    "grossProfitRatio": 0.592746114,
    "researchAndDevelopmentExpenses": 0,
    "generalAndAdministrativeExpenses": 0,
    "sellingAndMarketingExpenses": 0,
    "sellingGeneralAndAdministrativeExpenses": 69200000,
    "otherExpenses": 26200000,
    "operatingExpenses": 95400000,
    "costAndExpenses": 213308000,
    "interestIncome": 0,
    "interestExpense": 0,
    "depreciationAndAmortization": 26169000,
    "ebitda": 102400000,
    "ebitdaratio": 0.3537132988,
    "operatingIncome": 76200000,
    "operatingIncomeRatio": 0.2632124352,
    "totalOtherIncomeExpensesNet": -11100000,
    "incomeBeforeTax": 65100000,
    "incomeBeforeTaxRatio": 0.2248704663,
    "incomeTaxExpense": 26800000,
    "netIncome": 29501000,
    "netIncomeRatio": 0.1019032815,
    "eps": 0.22,
    "epsdiluted": 0.21,
    "weightedAverageShsOut": 136500000,
    "weightedAverageShsOutDil": 138400000,
    "link": "https://www.sec.gov/Archives/edgar/data/33185/000093176301501436/0000931763-01-501436-index.htm",
    "finalLink": "https://www.sec.gov/Archives/edgar/data/33185/000093176301501436/d10q.txt"
  },
  {
    "date": "2001-03-31",
    "symbol": "EFX",
    "reportedCurrency": "USD",
    "cik": "0000033185",
    "fillingDate": "2001-05-14",
    "acceptedDate": "2001-05-14 00:00:00",
    "calendarYear": "2001",
    "period": "Q1",
    "revenue": 285200000,
    "costOfRevenue": 116500000,
    "grossProfit": 168700000,
    "grossProfitRatio": 0.5915147265,
    "researchAndDevelopmentExpenses": 0,
    "generalAndAdministrativeExpenses": 0,
    "sellingAndMarketingExpenses": 0,
    "sellingGeneralAndAdministrativeExpenses": 92000000,
    "otherExpenses": 6400000,
    "operatingExpenses": 98400000,
    "costAndExpenses": 380764000,
    "interestIncome": 0,
    "interestExpense": 0,
    "depreciationAndAmortization": 26800000,
    "ebitda": 97100000,
    "ebitdaratio": 0.3404628331,
    "operatingIncome": 70300000,
    "operatingIncomeRatio": 0.2464936886,
    "totalOtherIncomeExpensesNet": -12300000,
    "incomeBeforeTax": 58000000,
    "incomeBeforeTaxRatio": 0.2033660589,
    "incomeTaxExpense": 23900000,
    "netIncome": 48100000,
    "netIncomeRatio": 0.1686535764,
    "eps": 0.35,
    "epsdiluted": 0.35,
    "weightedAverageShsOut": 136000000,
    "weightedAverageShsOutDil": 137600000,
    "link": "https://www.sec.gov/Archives/edgar/data/33185/000093176301500619/0000931763-01-500619-index.htm",
    "finalLink": "https://www.sec.gov/Archives/edgar/data/33185/000093176301500619/d10q.txt"
  },
  {
    "date": "2000-12-31",
    "symbol": "EFX",
    "reportedCurrency": "USD",
    "cik": "0000033185",
    "fillingDate": "2001-03-29",
    "acceptedDate": "2001-03-29 00:00:00",
    "calendarYear": "2000",
    "period": "Q4",
    "revenue": 498681000,
    "costOfRevenue": 254078000,
    "grossProfit": 244603000,
    "grossProfitRatio": 0.4904999388,
    "researchAndDevelopmentExpenses": 0,
    "generalAndAdministrativeExpenses": 0,
    "sellingAndMarketingExpenses": 0,
    "sellingGeneralAndAdministrativeExpenses": 75321000,
    "otherExpenses": 36370000,
    "operatingExpenses": 111691000,
    "costAndExpenses": 365769000,
    "interestIncome": 0,
    "interestExpense": 0,
    "depreciationAndAmortization": 36370000,
    "ebitda": 169282000,
    "ebitdaratio": 0.3394594941,
    "operatingIncome": 132912000,
    "operatingIncomeRatio": 0.2665270985,
    "totalOtherIncomeExpensesNet": -17313000,
    "incomeBeforeTax": 115599000,
    "incomeBeforeTaxRatio": 0.2318095135,
    "incomeTaxExpense": 47199000,
    "netIncome": 68400000,
    "netIncomeRatio": 0.1371618329,
    "eps": 0.5,
    "epsdiluted": 0.5,
    "weightedAverageShsOut": 135236910,
    "weightedAverageShsOutDil": 136007000,
    "link": "https://www.sec.gov/Archives/edgar/data/33185/000093176301000610/0000931763-01-000610-index.htm",
    "finalLink": "https://www.sec.gov/Archives/edgar/data/33185/000093176301000610/0000931763-01-000610-0001.txt"
  },
  {
    "date": "2000-09-30",
    "symbol": "EFX",
    "reportedCurrency": "USD",
    "cik": "0000033185",
    "fillingDate": "2000-11-14",
    "acceptedDate": "2000-11-14 00:00:00",
    "calendarYear": "2000",
    "period": "Q3",
    "revenue": 323942000,
    "costOfRevenue": 154194000,
    "grossProfit": 169748000,
    "grossProfitRatio": 0.524007384,
    "researchAndDevelopmentExpenses": 0,
    "generalAndAdministrativeExpenses": 0,
    "sellingAndMarketingExpenses": 0,
    "sellingGeneralAndAdministrativeExpenses": 84035000,
    "otherExpenses": 0,
    "operatingExpenses": 84035000,
    "costAndExpenses": 391973000,
    "interestIncome": 0,
    "interestExpense": 0,
    "depreciationAndAmortization": 28500000,
    "ebitda": 114213000,
    "ebitdaratio": 0.3525723741,
    "operatingIncome": 85713000,
    "operatingIncomeRatio": 0.2645936618,
    "totalOtherIncomeExpensesNet": -17946000,
    "incomeBeforeTax": 67767000,
    "incomeBeforeTaxRatio": 0.2091948559,
    "incomeTaxExpense": 29425000,
    "netIncome": 64318000,
    "netIncomeRatio": 0.1985478882,
    "eps": 0.48,
    "epsdiluted": 0.47,
    "weightedAverageShsOut": 134355030,
    "weightedAverageShsOutDil": 135796030,
    "link": "https://www.sec.gov/Archives/edgar/data/33185/000093176300002548/0000931763-00-002548-index.htm",
    "finalLink": "https://www.sec.gov/Archives/edgar/data/33185/000093176300002548/0000931763-00-002548-0001.txt"
  },
  {
    "date": "2000-06-30",
    "symbol": "EFX",
    "reportedCurrency": "USD",
    "cik": "0000033185",
    "fillingDate": "2000-08-10",
    "acceptedDate": "2000-08-10 00:00:00",
    "calendarYear": "2000",
    "period": "Q2",
    "revenue": 498213000,
    "costOfRevenue": 238623000,
    "grossProfit": 259590000,
    "grossProfitRatio": 0.5210422048,
    "researchAndDevelopmentExpenses": 0,
    "generalAndAdministrativeExpenses": 0,
    "sellingAndMarketingExpenses": 0,
    "sellingGeneralAndAdministrativeExpenses": 112245000,
    "otherExpenses": 38379000,
    "operatingExpenses": 150624000,
    "costAndExpenses": 389247000,
    "interestIncome": 0,
    "interestExpense": 0,
    "depreciationAndAmortization": 16784000,
    "ebitda": 147345000,
    "ebitdaratio": 0.2957469998,
    "operatingIncome": 108966000,
    "operatingIncomeRatio": 0.2187136827,
    "totalOtherIncomeExpensesNet": -18235000,
    "incomeBeforeTax": 90731000,
    "incomeBeforeTaxRatio": 0.1821128714,
    "incomeTaxExpense": 37653000,
    "netIncome": 53078000,
    "netIncomeRatio": 0.1065367624,
    "eps": 0.4,
    "epsdiluted": 0.39,
    "weightedAverageShsOut": 134089030,
    "weightedAverageShsOutDil": 135777030,
    "link": "https://www.sec.gov/Archives/edgar/data/33185/000093176300001890/0000931763-00-001890-index.htm",
    "finalLink": "https://www.sec.gov/Archives/edgar/data/33185/000093176300001890/0000931763-00-001890-0001.txt"
  },
  {
    "date": "2000-03-31",
    "symbol": "EFX",
    "reportedCurrency": "USD",
    "cik": "0000033185",
    "fillingDate": "2000-05-12",
    "acceptedDate": "2000-05-12 00:00:00",
    "calendarYear": "2000",
    "period": "Q1",
    "revenue": 451081000,
    "costOfRevenue": 234857000,
    "grossProfit": 216224000,
    "grossProfitRatio": 0.4793462815,
    "researchAndDevelopmentExpenses": 0,
    "generalAndAdministrativeExpenses": 0,
    "sellingAndMarketingExpenses": 0,
    "sellingGeneralAndAdministrativeExpenses": 93390000,
    "otherExpenses": 35230000,
    "operatingExpenses": 128620000,
    "costAndExpenses": 363477000,
    "interestIncome": 0,
    "interestExpense": 0,
    "depreciationAndAmortization": 35230000,
    "ebitda": 122834000,
    "ebitdaratio": 0.2723102946,
    "operatingIncome": 87604000,
    "operatingIncomeRatio": 0.1942090223,
    "totalOtherIncomeExpensesNet": -15421000,
    "incomeBeforeTax": 72183000,
    "incomeBeforeTaxRatio": 0.1600222576,
    "incomeTaxExpense": 29956000,
    "netIncome": 42227000,
    "netIncomeRatio": 0.0936128988,
    "eps": 0.32,
    "epsdiluted": 0.31,
    "weightedAverageShsOut": 133917000,
    "weightedAverageShsOutDil": 135150000,
    "link": "https://www.sec.gov/Archives/edgar/data/33185/000110704900000149/0001107049-00-000149-index.html",
    "finalLink": "https://www.sec.gov/Archives/edgar/data/33185/000110704900000149/"
  },
  {
    "date": "1999-12-31",
    "symbol": "EFX",
    "reportedCurrency": "USD",
    "cik": "0000033185",
    "fillingDate": "2000-03-30",
    "acceptedDate": "2000-03-30 00:00:00",
    "calendarYear": "1999",
    "period": "Q4",
    "revenue": 464200000,
    "costOfRevenue": 242600000,
    "grossProfit": 221600000,
    "grossProfitRatio": 0.4773804395,
    "researchAndDevelopmentExpenses": 0,
    "generalAndAdministrativeExpenses": 0,
    "sellingAndMarketingExpenses": 0,
    "sellingGeneralAndAdministrativeExpenses": 72800000,
    "otherExpenses": 32200000,
    "operatingExpenses": 105000000,
    "costAndExpenses": 347600000,
    "interestIncome": 0,
    "interestExpense": 0,
    "depreciationAndAmortization": 32200000,
    "ebitda": 148800000,
    "ebitdaratio": 0.3205514864,
    "operatingIncome": 116600000,
    "operatingIncomeRatio": 0.2511848341,
    "totalOtherIncomeExpensesNet": -13100000,
    "incomeBeforeTax": 103500000,
    "incomeBeforeTaxRatio": 0.2229642396,
    "incomeTaxExpense": 41700000,
    "netIncome": 61800000,
    "netIncomeRatio": 0.1331322706,
    "eps": 0.46,
    "epsdiluted": 0.46,
    "weightedAverageShsOut": 133917000,
    "weightedAverageShsOutDil": 133917000,
    "link": "https://www.sec.gov/Archives/edgar/data/33185/000093176300000781/0000931763-00-000781-index.html",
    "finalLink": "https://www.sec.gov/Archives/edgar/data/33185/000093176300000781/"
  },
  {
    "date": "1999-09-30",
    "symbol": "EFX",
    "reportedCurrency": "USD",
    "cik": "0000033185",
    "fillingDate": "1999-11-15",
    "acceptedDate": "1999-11-15 00:00:00",
    "calendarYear": "1999",
    "period": "Q3",
    "revenue": 444400000,
    "costOfRevenue": 219000000,
    "grossProfit": 225400000,
    "grossProfitRatio": 0.5072007201,
    "researchAndDevelopmentExpenses": 0,
    "generalAndAdministrativeExpenses": 0,
    "sellingAndMarketingExpenses": 0,
    "sellingGeneralAndAdministrativeExpenses": 80100000,
    "otherExpenses": 33100000,
    "operatingExpenses": 113200000,
    "costAndExpenses": 332200000,
    "interestIncome": 0,
    "interestExpense": 0,
    "depreciationAndAmortization": 33105000,
    "ebitda": 145305000,
    "ebitdaratio": 0.3269689469,
    "operatingIncome": 112200000,
    "operatingIncomeRatio": 0.2524752475,
    "totalOtherIncomeExpensesNet": -14100000,
    "incomeBeforeTax": 98100000,
    "incomeBeforeTaxRatio": 0.2207470747,
    "incomeTaxExpense": 40000000,
    "netIncome": 58100000,
    "netIncomeRatio": 0.1307380738,
    "eps": 0.42,
    "epsdiluted": 0.42,
    "weightedAverageShsOut": 138333333,
    "weightedAverageShsOutDil": 138333333,
    "link": "https://www.sec.gov/Archives/edgar/data/33185/000093176399003237/0000931763-99-003237-index.html",
    "finalLink": "https://www.sec.gov/Archives/edgar/data/33185/000093176399003237/"
  },
  {
    "date": "1999-06-30",
    "symbol": "EFX",
    "reportedCurrency": "USD",
    "cik": "0000033185",
    "fillingDate": "1999-08-16",
    "acceptedDate": "1999-08-16 00:00:00",
    "calendarYear": "1999",
    "period": "Q2",
    "revenue": 442586000,
    "costOfRevenue": 226410000,
    "grossProfit": 216176000,
    "grossProfitRatio": 0.4884384052,
    "researchAndDevelopmentExpenses": 0,
    "generalAndAdministrativeExpenses": 0,
    "sellingAndMarketingExpenses": 0,
    "sellingGeneralAndAdministrativeExpenses": 88976000,
    "otherExpenses": 30320000,
    "operatingExpenses": 119296000,
    "costAndExpenses": 345700000,
    "interestIncome": 0,
    "interestExpense": 0,
    "depreciationAndAmortization": 30295000,
    "ebitda": 127200000,
    "ebitdaratio": 0.2874017705,
    "operatingIncome": 96880000,
    "operatingIncomeRatio": 0.2188953107,
    "totalOtherIncomeExpensesNet": -6751000,
    "incomeBeforeTax": 90129000,
    "incomeBeforeTaxRatio": 0.2036417781,
    "incomeTaxExpense": 38023000,
    "netIncome": 52106000,
    "netIncomeRatio": 0.1177307913,
    "eps": 0.38,
    "epsdiluted": 0.37,
    "weightedAverageShsOut": 138107031,
    "weightedAverageShsOutDil": 140528031,
    "link": "https://www.sec.gov/Archives/edgar/data/33185/000093176399002408/0000931763-99-002408-index.html",
    "finalLink": "https://www.sec.gov/Archives/edgar/data/33185/000093176399002408/"
  },
  {
    "date": "1999-03-31",
    "symbol": "EFX",
    "reportedCurrency": "USD",
    "cik": "0000033185",
    "fillingDate": "1999-05-14",
    "acceptedDate": "1999-05-14 00:00:00",
    "calendarYear": "1999",
    "period": "Q1",
    "revenue": 421500000,
    "costOfRevenue": 219100000,
    "grossProfit": 202400000,
    "grossProfitRatio": 0.4801897983,
    "researchAndDevelopmentExpenses": 0,
    "generalAndAdministrativeExpenses": 0,
    "sellingAndMarketingExpenses": 0,
    "sellingGeneralAndAdministrativeExpenses": 83900000,
    "otherExpenses": 29700000,
    "operatingExpenses": 113600000,
    "costAndExpenses": 332700000,
    "interestIncome": 0,
    "interestExpense": 0,
    "depreciationAndAmortization": 29700000,
    "ebitda": 118500000,
    "ebitdaratio": 0.28113879,
    "operatingIncome": 88800000,
    "operatingIncomeRatio": 0.2106761566,
    "totalOtherIncomeExpensesNet": -14600000,
    "incomeBeforeTax": 74200000,
    "incomeBeforeTaxRatio": 0.1760379597,
    "incomeTaxExpense": 30300000,
    "netIncome": 43900000,
    "netIncomeRatio": 0.1041518387,
    "eps": 0.32,
    "epsdiluted": 0.31,
    "weightedAverageShsOut": 137187500,
    "weightedAverageShsOutDil": 141612903,
    "link": "https://www.sec.gov/Archives/edgar/data/33185/000093176399001672/0000931763-99-001672-index.html",
    "finalLink": "https://www.sec.gov/Archives/edgar/data/33185/"
  },
  {
    "date": "1998-12-31",
    "symbol": "EFX",
    "reportedCurrency": "USD",
    "cik": "0000033185",
    "fillingDate": "1999-03-31",
    "acceptedDate": "1999-03-31 00:00:00",
    "calendarYear": "1998",
    "period": "Q4",
    "revenue": 449000000,
    "costOfRevenue": 231800000,
    "grossProfit": 217200000,
    "grossProfitRatio": 0.4837416481,
    "researchAndDevelopmentExpenses": 0,
    "generalAndAdministrativeExpenses": 0,
    "sellingAndMarketingExpenses": 0,
    "sellingGeneralAndAdministrativeExpenses": 92900000,
    "otherExpenses": 31500000,
    "operatingExpenses": 124400000,
    "costAndExpenses": 356200000,
    "interestIncome": 0,
    "interestExpense": 0,
    "depreciationAndAmortization": 31500000,
    "ebitda": 124300000,
    "ebitdaratio": 0.2768374165,
    "operatingIncome": 92800000,
    "operatingIncomeRatio": 0.2066815145,
    "totalOtherIncomeExpensesNet": -15200000,
    "incomeBeforeTax": 77600000,
    "incomeBeforeTaxRatio": 0.1728285078,
    "incomeTaxExpense": 33100000,
    "netIncome": 44500000,
    "netIncomeRatio": 0.0991091314,
    "eps": 0.32,
    "epsdiluted": 0.32,
    "weightedAverageShsOut": 137187500,
    "weightedAverageShsOutDil": 137187500,
    "link": "https://www.sec.gov/Archives/edgar/data/33185/000093176399000970/0000931763-99-000970-index.html",
    "finalLink": "https://www.sec.gov/Archives/edgar/data/33185/"
  },
  {
    "date": "1998-09-30",
    "symbol": "EFX",
    "reportedCurrency": "USD",
    "cik": "0000033185",
    "fillingDate": "1998-11-16",
    "acceptedDate": "1998-11-16 00:00:00",
    "calendarYear": "1998",
    "period": "Q3",
    "revenue": 425400000,
    "costOfRevenue": 219700000,
    "grossProfit": 205700000,
    "grossProfitRatio": 0.4835448989,
    "researchAndDevelopmentExpenses": 0,
    "generalAndAdministrativeExpenses": 0,
    "sellingAndMarketingExpenses": 0,
    "sellingGeneralAndAdministrativeExpenses": 79300000,
    "otherExpenses": 26800000,
    "operatingExpenses": 106100000,
    "costAndExpenses": 325800000,
    "interestIncome": 0,
    "interestExpense": 0,
    "depreciationAndAmortization": 26800000,
    "ebitda": 126400000,
    "ebitdaratio": 0.297132111,
    "operatingIncome": 99600000,
    "operatingIncomeRatio": 0.2341325811,
    "totalOtherIncomeExpensesNet": -9300000,
    "incomeBeforeTax": 90300000,
    "incomeBeforeTaxRatio": 0.2122708039,
    "incomeTaxExpense": 36800000,
    "netIncome": 53500000,
    "netIncomeRatio": 0.1257639868,
    "eps": 0.38,
    "epsdiluted": 0.37,
    "weightedAverageShsOut": 140789474,
    "weightedAverageShsOutDil": 144594595,
    "link": "https://www.sec.gov/Archives/edgar/data/33185/000093176398002972/0000931763-98-002972-index.html",
    "finalLink": "https://www.sec.gov/Archives/edgar/data/33185/"
  },
  {
    "date": "1998-06-30",
    "symbol": "EFX",
    "reportedCurrency": "USD",
    "cik": "0000033185",
    "fillingDate": "1998-08-13",
    "acceptedDate": "1998-08-13 00:00:00",
    "calendarYear": "1998",
    "period": "Q2",
    "revenue": 393500000,
    "costOfRevenue": 200200000,
    "grossProfit": 193300000,
    "grossProfitRatio": 0.4912325286,
    "researchAndDevelopmentExpenses": 0,
    "generalAndAdministrativeExpenses": 0,
    "sellingAndMarketingExpenses": 0,
    "sellingGeneralAndAdministrativeExpenses": 77800000,
    "otherExpenses": 23300000,
    "operatingExpenses": 101100000,
    "costAndExpenses": 301300000,
    "interestIncome": 0,
    "interestExpense": 0,
    "depreciationAndAmortization": 23300000,
    "ebitda": 115500000,
    "ebitdaratio": 0.293519695,
    "operatingIncome": 92200000,
    "operatingIncomeRatio": 0.2343074968,
    "totalOtherIncomeExpensesNet": -7600000,
    "incomeBeforeTax": 84600000,
    "incomeBeforeTaxRatio": 0.2149936468,
    "incomeTaxExpense": 34000000,
    "netIncome": 50600000,
    "netIncomeRatio": 0.1285895807,
    "eps": 0.36,
    "epsdiluted": 0.35,
    "weightedAverageShsOut": 140555556,
    "weightedAverageShsOutDil": 144571429,
    "link": "https://www.sec.gov/Archives/edgar/data/33185/000093176398002130/0000931763-98-002130-index.html",
    "finalLink": "https://www.sec.gov/Archives/edgar/data/33185/"
  },
  {
    "date": "1998-03-31",
    "symbol": "EFX",
    "reportedCurrency": "USD",
    "cik": "0000033185",
    "fillingDate": "1998-05-15",
    "acceptedDate": "1998-05-15 00:00:00",
    "calendarYear": "1998",
    "period": "Q1",
    "revenue": 353100000,
    "costOfRevenue": 179800000,
    "grossProfit": 173300000,
    "grossProfitRatio": 0.4907958086,
    "researchAndDevelopmentExpenses": 0,
    "generalAndAdministrativeExpenses": 0,
    "sellingAndMarketingExpenses": 0,
    "sellingGeneralAndAdministrativeExpenses": 70100000,
    "otherExpenses": 22200000,
    "operatingExpenses": 92300000,
    "costAndExpenses": 272100000,
    "interestIncome": 0,
    "interestExpense": 0,
    "depreciationAndAmortization": 22200000,
    "ebitda": 103200000,
    "ebitdaratio": 0.2922684792,
    "operatingIncome": 81000000,
    "operatingIncomeRatio": 0.2293967715,
    "totalOtherIncomeExpensesNet": -6400000,
    "incomeBeforeTax": 74600000,
    "incomeBeforeTaxRatio": 0.2112715944,
    "incomeTaxExpense": 29900000,
    "netIncome": 44700000,
    "netIncomeRatio": 0.1265930331,
    "eps": 0.32,
    "epsdiluted": 0.31,
    "weightedAverageShsOut": 139687500,
    "weightedAverageShsOutDil": 144193548,
    "link": "https://www.sec.gov/Archives/edgar/data/33185/000093176398001406/0000931763-98-001406-index.html",
    "finalLink": "https://www.sec.gov/Archives/edgar/data/33185/"
  },
  {
    "date": "1997-12-31",
    "symbol": "EFX",
    "reportedCurrency": "USD",
    "cik": "0000033185",
    "fillingDate": "1998-05-15",
    "acceptedDate": "1998-05-15 00:00:00",
    "calendarYear": "1997",
    "period": "Q4",
    "revenue": 367000000,
    "costOfRevenue": 178400000,
    "grossProfit": 188600000,
    "grossProfitRatio": 0.5138964578,
    "researchAndDevelopmentExpenses": 0,
    "generalAndAdministrativeExpenses": 0,
    "sellingAndMarketingExpenses": 0,
    "sellingGeneralAndAdministrativeExpenses": 72900000,
    "otherExpenses": 20900000,
    "operatingExpenses": 93800000,
    "costAndExpenses": 272200000,
    "interestIncome": 0,
    "interestExpense": 0,
    "depreciationAndAmortization": 20900000,
    "ebitda": 115700000,
    "ebitdaratio": 0.3152588556,
    "operatingIncome": 94800000,
    "operatingIncomeRatio": 0.2583106267,
    "totalOtherIncomeExpensesNet": -30400000,
    "incomeBeforeTax": 64400000,
    "incomeBeforeTaxRatio": 0.1754768392,
    "incomeTaxExpense": 25900000,
    "netIncome": 35300000,
    "netIncomeRatio": 0.0961852861,
    "eps": 0.25,
    "epsdiluted": 0.25,
    "weightedAverageShsOut": 139687500,
    "weightedAverageShsOutDil": 139687500,
    "link": "https://www.sec.gov/Archives/edgar/data/33185/000091019598000238/0000910195-98-000238-index.html",
    "finalLink": "https://www.sec.gov/Archives/edgar/data/33185/"
  },
  {
    "date": "1997-09-30",
    "symbol": "EFX",
    "reportedCurrency": "USD",
    "cik": "0000033185",
    "fillingDate": "1997-11-14",
    "acceptedDate": "1997-11-14 00:00:00",
    "calendarYear": "1997",
    "period": "Q3",
    "revenue": 344100000,
    "costOfRevenue": 164300000,
    "grossProfit": 179800000,
    "grossProfitRatio": 0.5225225225,
    "researchAndDevelopmentExpenses": 0,
    "generalAndAdministrativeExpenses": 0,
    "sellingAndMarketingExpenses": 0,
    "sellingGeneralAndAdministrativeExpenses": 60400000,
    "otherExpenses": 36700000,
    "operatingExpenses": 97100000,
    "costAndExpenses": 261400000,
    "interestIncome": 0,
    "interestExpense": 0,
    "depreciationAndAmortization": 19500000,
    "ebitda": 119400000,
    "ebitdaratio": 0.3469921534,
    "operatingIncome": 82700000,
    "operatingIncomeRatio": 0.2403371113,
    "totalOtherIncomeExpensesNet": -3700000,
    "incomeBeforeTax": 79000000,
    "incomeBeforeTaxRatio": 0.2295844231,
    "incomeTaxExpense": 31800000,
    "netIncome": 47200000,
    "netIncomeRatio": 0.1371694275,
    "eps": 0.33,
    "epsdiluted": 0.32,
    "weightedAverageShsOut": 143030303,
    "weightedAverageShsOutDil": 147500000,
    "link": "https://www.sec.gov/Archives/edgar/data/33185/000093176397001988/0000931763-97-001988-index.html",
    "finalLink": "https://www.sec.gov/Archives/edgar/data/33185/"
  },
  {
    "date": "1997-06-30",
    "symbol": "EFX",
    "reportedCurrency": "USD",
    "cik": "0000033185",
    "fillingDate": "1997-08-14",
    "acceptedDate": "1997-08-14 00:00:00",
    "calendarYear": "1997",
    "period": "Q2",
    "revenue": 343000000,
    "costOfRevenue": 183300000,
    "grossProfit": 159700000,
    "grossProfitRatio": 0.4655976676,
    "researchAndDevelopmentExpenses": 0,
    "generalAndAdministrativeExpenses": 0,
    "sellingAndMarketingExpenses": 0,
    "sellingGeneralAndAdministrativeExpenses": 69200000,
    "otherExpenses": 12700000,
    "operatingExpenses": 81900000,
    "costAndExpenses": 265200000,
    "interestIncome": 0,
    "interestExpense": 0,
    "depreciationAndAmortization": 19100000,
    "ebitda": 96900000,
    "ebitdaratio": 0.2825072886,
    "operatingIncome": 77800000,
    "operatingIncomeRatio": 0.2268221574,
    "totalOtherIncomeExpensesNet": 37400000,
    "incomeBeforeTax": 115200000,
    "incomeBeforeTaxRatio": 0.3358600583,
    "incomeTaxExpense": 54000000,
    "netIncome": 56500000,
    "netIncomeRatio": 0.1647230321,
    "eps": 0.39,
    "epsdiluted": 0.38,
    "weightedAverageShsOut": 144871795,
    "weightedAverageShsOutDil": 148684211,
    "link": "https://www.sec.gov/Archives/edgar/data/33185/000093176397001412/0000931763-97-001412-index.html",
    "finalLink": "https://www.sec.gov/Archives/edgar/data/33185/"
  },
  {
    "date": "1997-03-31",
    "symbol": "EFX",
    "reportedCurrency": "USD",
    "cik": "0000033185",
    "fillingDate": "1997-05-14",
    "acceptedDate": "1997-05-14 00:00:00",
    "calendarYear": "1997",
    "period": "Q1",
    "revenue": 312100000,
    "costOfRevenue": 165100000,
    "grossProfit": 147000000,
    "grossProfitRatio": 0.4710028837,
    "researchAndDevelopmentExpenses": 0,
    "generalAndAdministrativeExpenses": 0,
    "sellingAndMarketingExpenses": 0,
    "sellingGeneralAndAdministrativeExpenses": 60800000,
    "otherExpenses": 17600000,
    "operatingExpenses": 78400000,
    "costAndExpenses": 397400000,
    "interestIncome": 0,
    "interestExpense": 0,
    "depreciationAndAmortization": 17600000,
    "ebitda": 86200000,
    "ebitdaratio": 0.2761935277,
    "operatingIncome": 68600000,
    "operatingIncomeRatio": 0.2198013457,
    "totalOtherIncomeExpensesNet": -4200000,
    "incomeBeforeTax": 64400000,
    "incomeBeforeTaxRatio": 0.2063441205,
    "incomeTaxExpense": 25900000,
    "netIncome": 44700000,
    "netIncomeRatio": 0.1432233259,
    "eps": 0.31,
    "epsdiluted": 0.3,
    "weightedAverageShsOut": 144193548,
    "weightedAverageShsOutDil": 149000000,
    "link": "https://www.sec.gov/Archives/edgar/data/33185/000093176397000820/0000931763-97-000820-index.html",
    "finalLink": "https://www.sec.gov/Archives/edgar/data/33185/"
  },
  {
    "date": "1996-12-31",
    "symbol": "EFX",
    "reportedCurrency": "USD",
    "cik": "0000033185",
    "fillingDate": "1997-03-31",
    "acceptedDate": "1997-03-31 00:00:00",
    "calendarYear": "1996",
    "period": "Q4",
    "revenue": 487600000,
    "costOfRevenue": 270100000,
    "grossProfit": 217500000,
    "grossProfitRatio": 0.4460623462,
    "researchAndDevelopmentExpenses": 0,
    "generalAndAdministrativeExpenses": 0,
    "sellingAndMarketingExpenses": 0,
    "sellingGeneralAndAdministrativeExpenses": 100700000,
    "otherExpenses": 24000000,
    "operatingExpenses": 124700000,
    "costAndExpenses": 394800000,
    "interestIncome": 0,
    "interestExpense": 0,
    "depreciationAndAmortization": 24000000,
    "ebitda": 116800000,
    "ebitdaratio": 0.2395406071,
    "operatingIncome": 92800000,
    "operatingIncomeRatio": 0.1903199344,
    "totalOtherIncomeExpensesNet": 5300000,
    "incomeBeforeTax": 98100000,
    "incomeBeforeTaxRatio": 0.2011894996,
    "incomeTaxExpense": 44300000,
    "netIncome": 53800000,
    "netIncomeRatio": 0.1103363413,
    "eps": 0.37,
    "epsdiluted": 0.37,
    "weightedAverageShsOut": 144193548,
    "weightedAverageShsOutDil": 144193548,
    "link": "https://www.sec.gov/Archives/edgar/data/33185/000093176397000464/0000931763-97-000464-index.html",
    "finalLink": "https://www.sec.gov/Archives/edgar/data/33185/"
  },
  {
    "date": "1996-09-30",
    "symbol": "EFX",
    "reportedCurrency": "USD",
    "cik": "0000033185",
    "fillingDate": "1996-11-13",
    "acceptedDate": "1996-11-13 00:00:00",
    "calendarYear": "1996",
    "period": "Q3",
    "revenue": 455000000,
    "costOfRevenue": 263000000,
    "grossProfit": 192000000,
    "grossProfitRatio": 0.421978022,
    "researchAndDevelopmentExpenses": 0,
    "generalAndAdministrativeExpenses": 0,
    "sellingAndMarketingExpenses": 0,
    "sellingGeneralAndAdministrativeExpenses": 89400000,
    "otherExpenses": 21500000,
    "operatingExpenses": 110900000,
    "costAndExpenses": 373900000,
    "interestIncome": 0,
    "interestExpense": 0,
    "depreciationAndAmortization": 28800000,
    "ebitda": 109900000,
    "ebitdaratio": 0.2415384615,
    "operatingIncome": 81100000,
    "operatingIncomeRatio": 0.1782417582,
    "totalOtherIncomeExpensesNet": -5100000,
    "incomeBeforeTax": 76000000,
    "incomeBeforeTaxRatio": 0.167032967,
    "incomeTaxExpense": 30200000,
    "netIncome": 45800000,
    "netIncomeRatio": 0.1006593407,
    "eps": 0.32,
    "epsdiluted": 0.31,
    "weightedAverageShsOut": 143125000,
    "weightedAverageShsOutDil": 147741935,
    "link": "https://www.sec.gov/Archives/edgar/data/33185/000093176396000921/0000931763-96-000921-index.html",
    "finalLink": "https://www.sec.gov/Archives/edgar/data/33185/"
  },
  {
    "date": "1996-06-30",
    "symbol": "EFX",
    "reportedCurrency": "USD",
    "cik": "0000033185",
    "fillingDate": "1996-08-14",
    "acceptedDate": "1996-08-14 00:00:00",
    "calendarYear": "1996",
    "period": "Q2",
    "revenue": 300800000,
    "costOfRevenue": 158000000,
    "grossProfit": 142800000,
    "grossProfitRatio": 0.4747340426,
    "researchAndDevelopmentExpenses": 0,
    "generalAndAdministrativeExpenses": 0,
    "sellingAndMarketingExpenses": 0,
    "sellingGeneralAndAdministrativeExpenses": 66600000,
    "otherExpenses": 14000000,
    "operatingExpenses": 80600000,
    "costAndExpenses": 370600000,
    "interestIncome": 0,
    "interestExpense": 0,
    "depreciationAndAmortization": 14000000,
    "ebitda": 76200000,
    "ebitdaratio": 0.2533244681,
    "operatingIncome": 62200000,
    "operatingIncomeRatio": 0.2067819149,
    "totalOtherIncomeExpensesNet": -4900000,
    "incomeBeforeTax": 57300000,
    "incomeBeforeTaxRatio": 0.1904920213,
    "incomeTaxExpense": 22700000,
    "netIncome": 41100000,
    "netIncomeRatio": 0.1366356383,
    "eps": 0.28,
    "epsdiluted": 0.28,
    "weightedAverageShsOut": 146785714,
    "weightedAverageShsOutDil": 146785714,
    "link": "https://www.sec.gov/Archives/edgar/data/33185/000093176396000522/0000931763-96-000522-index.html",
    "finalLink": "https://www.sec.gov/Archives/edgar/data/33185/"
  },
  {
    "date": "1996-03-31",
    "symbol": "EFX",
    "reportedCurrency": "USD",
    "cik": "0000033185",
    "fillingDate": "1996-05-14",
    "acceptedDate": "1996-05-14 00:00:00",
    "calendarYear": "1996",
    "period": "Q1",
    "revenue": 423000000,
    "costOfRevenue": 251300000,
    "grossProfit": 171700000,
    "grossProfitRatio": 0.4059101655,
    "researchAndDevelopmentExpenses": 0,
    "generalAndAdministrativeExpenses": 0,
    "sellingAndMarketingExpenses": 0,
    "sellingGeneralAndAdministrativeExpenses": 86700000,
    "otherExpenses": 19100000,
    "operatingExpenses": 105800000,
    "costAndExpenses": 357100000,
    "interestIncome": 0,
    "interestExpense": 0,
    "depreciationAndAmortization": 19100000,
    "ebitda": 85000000,
    "ebitdaratio": 0.2009456265,
    "operatingIncome": 65900000,
    "operatingIncomeRatio": 0.1557919622,
    "totalOtherIncomeExpensesNet": -4800000,
    "incomeBeforeTax": 61100000,
    "incomeBeforeTaxRatio": 0.1444444444,
    "incomeTaxExpense": 24300000,
    "netIncome": 36800000,
    "netIncomeRatio": 0.0869976359,
    "eps": 0.25,
    "epsdiluted": 0.25,
    "weightedAverageShsOut": 147200000,
    "weightedAverageShsOutDil": 147200000,
    "link": "https://www.sec.gov/Archives/edgar/data/33185/000093176396000195/0000931763-96-000195-index.html",
    "finalLink": "https://www.sec.gov/Archives/edgar/data/33185/"
  },
  {
    "date": "1995-12-31",
    "symbol": "EFX",
    "reportedCurrency": "USD",
    "cik": "0000033185",
    "fillingDate": "1996-04-01",
    "acceptedDate": "1996-04-01 00:00:00",
    "calendarYear": "1995",
    "period": "Q4",
    "revenue": 419400000,
    "costOfRevenue": 240500000,
    "grossProfit": 178900000,
    "grossProfitRatio": 0.4265617549,
    "researchAndDevelopmentExpenses": 0,
    "generalAndAdministrativeExpenses": 0,
    "sellingAndMarketingExpenses": 0,
    "sellingGeneralAndAdministrativeExpenses": 60200000,
    "otherExpenses": 19000000,
    "operatingExpenses": 79200000,
    "costAndExpenses": 319700000,
    "interestIncome": 0,
    "interestExpense": 0,
    "depreciationAndAmortization": 19000000,
    "ebitda": 118700000,
    "ebitdaratio": 0.2830233667,
    "operatingIncome": 99700000,
    "operatingIncomeRatio": 0.2377205532,
    "totalOtherIncomeExpensesNet": -24400000,
    "incomeBeforeTax": 75300000,
    "incomeBeforeTaxRatio": 0.1795422031,
    "incomeTaxExpense": 30900000,
    "netIncome": 44400000,
    "netIncomeRatio": 0.1058655222,
    "eps": 0.3,
    "epsdiluted": 0.3,
    "weightedAverageShsOut": 147121849,
    "weightedAverageShsOutDil": 147200000,
    "link": "https://www.sec.gov/Archives/edgar/data/33185/000093176396000117/0000931763-96-000117-index.html",
    "finalLink": "https://www.sec.gov/Archives/edgar/data/33185/"
  },
  {
    "date": "1995-09-30",
    "symbol": "EFX",
    "reportedCurrency": "USD",
    "cik": "0000033185",
    "fillingDate": "1995-11-14",
    "acceptedDate": "1995-11-14 00:00:00",
    "calendarYear": "1995",
    "period": "Q3",
    "revenue": 412000000,
    "costOfRevenue": 244300000,
    "grossProfit": 167700000,
    "grossProfitRatio": 0.407038835,
    "researchAndDevelopmentExpenses": 0,
    "generalAndAdministrativeExpenses": 0,
    "sellingAndMarketingExpenses": 0,
    "sellingGeneralAndAdministrativeExpenses": 81500000,
    "otherExpenses": 20100000,
    "operatingExpenses": 101600000,
    "costAndExpenses": 345900000,
    "interestIncome": 0,
    "interestExpense": 0,
    "depreciationAndAmortization": 20100000,
    "ebitda": 86200000,
    "ebitdaratio": 0.209223301,
    "operatingIncome": 66100000,
    "operatingIncomeRatio": 0.1604368932,
    "totalOtherIncomeExpensesNet": -3100000,
    "incomeBeforeTax": 63000000,
    "incomeBeforeTaxRatio": 0.1529126214,
    "incomeTaxExpense": 25000000,
    "netIncome": 38000000,
    "netIncomeRatio": 0.0922330097,
    "eps": 0.25,
    "epsdiluted": 0.25,
    "weightedAverageShsOut": 152000000,
    "weightedAverageShsOutDil": 152000000,
    "link": "https://www.sec.gov/Archives/edgar/data/33185/000093176395000200/0000931763-95-000200-index.html",
    "finalLink": "https://www.sec.gov/Archives/edgar/data/33185/"
  }
]