[
  {
    "date": "2024-12-31",
    "symbol": "EFX",
    "reportedCurrency": "USD",
    "cik": "0000033185",
    "fillingDate": "2025-02-20",
    "acceptedDate": "2025-02-20 16:25:43",
    "calendarYear": "2024",
    "period": "FY",
    "revenue": 5681100000,
    "costOfRevenue": 2518700000,
    "grossProfit": 3162400000,
    "grossProfitRatio": 0.5566527609,
    "researchAndDevelopmentExpenses": 0,
    "generalAndAdministrativeExpenses": 0,
    "sellingAndMarketingExpenses": 0,
    "sellingGeneralAndAdministrativeExpenses": 1450500000,
    "otherExpenses": 669800000,
    "operatingExpenses": 2120300000,
    "costAndExpenses": 4639000000,
    "interestIncome": 0,
    "interestExpense": 229100000,
    "depreciationAndAmortization": 680600000,
    "ebitda": 1720200000,
    "ebitdaratio": 0.3027934731,
    "operatingIncome": 1042100000,
    "operatingIncomeRatio": 0.1834327859,
    "totalOtherIncomeExpensesNet": -231600000,
    "incomeBeforeTax": 810500000,
    "incomeBeforeTaxRatio": 0.142666033,
    "incomeTaxExpense": 203200000,
    "netIncome": 604100000,
    "netIncomeRatio": 0.1063350407,
    "eps": 4.88,
    "epsdiluted": 4.84,
    "weightedAverageShsOut": 123800000,
    "weightedAverageShsOutDil": 124900000,
    "link": "https://www.sec.gov/Archives/edgar/data/33185/000003318525000025/0000033185-25-000025-index.htm",
    "finalLink": "https://www.sec.gov/Archives/edgar/data/33185/000003318525000025/efx-20241231.htm"
  },
  {
    "date": "2023-12-31",
    "symbol": "EFX",
    "reportedCurrency": "USD",
    "cik": "0000033185",
    "fillingDate": "2024-02-22",
    "acceptedDate": "2024-02-22 16:20:17",
    "calendarYear": "2023",
    "period": "FY",
    "revenue": 5265200000,
    "costOfRevenue": 2335100000,
    "grossProfit": 2930100000,
    "grossProfitRatio": 0.5565030768,
    "researchAndDevelopmentExpenses": 0,
    "generalAndAdministrativeExpenses": 0,
    "sellingAndMarketingExpenses": 0,
    "sellingGeneralAndAdministrativeExpenses": 1385700000,
    "otherExpenses": 610800000,
    "operatingExpenses": 1996500000,
    "costAndExpenses": 4331600000,
    "interestIncome": 0,
    "interestExpense": 241400000,
    "depreciationAndAmortization": 619800000,
    "ebitda": 1579100000,
    "ebitdaratio": 0.2999126339,
    "operatingIncome": 933600000,
    "operatingIncomeRatio": 0.1773152017,
    "totalOtherIncomeExpensesNet": -215700000,
    "incomeBeforeTax": 717900000,
    "incomeBeforeTaxRatio": 0.1363480969,
    "incomeTaxExpense": 166200000,
    "netIncome": 545300000,
    "netIncomeRatio": 0.1035668161,
    "eps": 4.44,
    "epsdiluted": 4.4,
    "weightedAverageShsOut": 122900000,
    "weightedAverageShsOutDil": 123900000,
    "link": "https://www.sec.gov/Archives/edgar/data/33185/000003318524000017/0000033185-24-000017-index.htm",
    "finalLink": "https://www.sec.gov/Archives/edgar/data/33185/000003318524000017/efx-20231231.htm"
  },
  {
    "date": "2022-12-31",
    "symbol": "EFX",
    "reportedCurrency": "USD",
    "cik": "0000033185",
    "fillingDate": "2023-02-23",
    "acceptedDate": "2023-02-23 16:36:35",
    "calendarYear": "2022",
    "period": "FY",
    "revenue": 5122200000,
    "costOfRevenue": 2177200000,
    "grossProfit": 2945000000,
    "grossProfitRatio": 0.5749482644,
    "researchAndDevelopmentExpenses": 0,
    "generalAndAdministrativeExpenses": 0,
    "sellingAndMarketingExpenses": 0,
    "sellingGeneralAndAdministrativeExpenses": 1328900000,
    "otherExpenses": 560100000,
    "operatingExpenses": 1889000000,
    "costAndExpenses": 4066200000,
    "interestIncome": 0,
    "interestExpense": 183000000,
    "depreciationAndAmortization": 568600000,
    "ebitda": 1681300000,
    "ebitdaratio": 0.3282378665,
    "operatingIncome": 1056000000,
    "operatingIncomeRatio": 0.206161415,
    "totalOtherIncomeExpensesNet": -126300000,
    "incomeBeforeTax": 929700000,
    "incomeBeforeTaxRatio": 0.1815040412,
    "incomeTaxExpense": 229500000,
    "netIncome": 696200000,
    "netIncomeRatio": 0.1359181602,
    "eps": 5.69,
    "epsdiluted": 5.65,
    "weightedAverageShsOut": 122400000,
    "weightedAverageShsOutDil": 123300000,
    "link": "https://www.sec.gov/Archives/edgar/data/33185/000003318523000012/0000033185-23-000012-index.htm",
    "finalLink": "https://www.sec.gov/Archives/edgar/data/33185/000003318523000012/efx-20221231.htm"
  },
  {
    "date": "2021-12-31",
    "symbol": "EFX",
    "reportedCurrency": "USD",
    "cik": "0000033185",
    "fillingDate": "2022-02-24",
    "acceptedDate": "2022-02-24 16:55:14",
    "calendarYear": "2021",
    "period": "FY",
    "revenue": 4923900000,
    "costOfRevenue": 1980900000,
    "grossProfit": 2943000000,
    "grossProfitRatio": 0.5976969475,
    "researchAndDevelopmentExpenses": 0,
    "generalAndAdministrativeExpenses": 0,
    "sellingAndMarketingExpenses": 0,
    "sellingGeneralAndAdministrativeExpenses": 1324600000,
    "otherExpenses": 480400000,
    "operatingExpenses": 1805000000,
    "costAndExpenses": 3785900000,
    "interestIncome": 0,
    "interestExpense": 145600000,
    "depreciationAndAmortization": 489600000,
    "ebitda": 1584400000,
    "ebitdaratio": 0.3217774528,
    "operatingIncome": 1138000000,
    "operatingIncomeRatio": 0.23111761,
    "totalOtherIncomeExpensesNet": -188800000,
    "incomeBeforeTax": 949200000,
    "incomeBeforeTaxRatio": 0.1927740206,
    "incomeTaxExpense": 200700000,
    "netIncome": 744200000,
    "netIncomeRatio": 0.1511403562,
    "eps": 6.11,
    "epsdiluted": 6.02,
    "weightedAverageShsOut": 121900000,
    "weightedAverageShsOutDil": 123600000,
    "link": "https://www.sec.gov/Archives/edgar/data/33185/000003318522000014/0000033185-22-000014-index.htm",
    "finalLink": "https://www.sec.gov/Archives/edgar/data/33185/000003318522000014/efx-20211231.htm"
  },
  {
    "date": "2020-12-31",
    "symbol": "EFX",
    "reportedCurrency": "USD",
    "cik": "0000033185",
    "fillingDate": "2021-02-25",
    "acceptedDate": "2021-02-25 16:41:22",
    "calendarYear": "2020",
    "period": "FY",
    "revenue": 4127500000,
    "costOfRevenue": 1737400000,
    "grossProfit": 2390100000,
    "grossProfitRatio": 0.579067232,
    "researchAndDevelopmentExpenses": 0,
    "generalAndAdministrativeExpenses": 0,
    "sellingAndMarketingExpenses": 0,
    "sellingGeneralAndAdministrativeExpenses": 1322500000,
    "otherExpenses": 391000000,
    "operatingExpenses": 1713500000,
    "costAndExpenses": 3450900000,
    "interestIncome": 0,
    "interestExpense": 141600000,
    "depreciationAndAmortization": 399300000,
    "ebitda": 1226100000,
    "ebitdaratio": 0.2970563295,
    "operatingIncome": 676600000,
    "operatingIncomeRatio": 0.163924894,
    "totalOtherIncomeExpensesNet": 8600000,
    "incomeBeforeTax": 685200000,
    "incomeBeforeTaxRatio": 0.1660084797,
    "incomeTaxExpense": 159000000,
    "netIncome": 520100000,
    "netIncomeRatio": 0.1260084797,
    "eps": 4.28,
    "epsdiluted": 4.24,
    "weightedAverageShsOut": 121500000,
    "weightedAverageShsOutDil": 122800000,
    "link": "https://www.sec.gov/Archives/edgar/data/33185/000003318521000025/0000033185-21-000025-index.htm",
    "finalLink": "https://www.sec.gov/Archives/edgar/data/33185/000003318521000025/efx-20201231.htm"
  },
  {
    "date": "2019-12-31",
    "symbol": "EFX",
    "reportedCurrency": "USD",
    "cik": "0000033185",
    "fillingDate": "2020-02-20",
    "acceptedDate": "2020-02-20 16:24:35",
    "calendarYear": "2019",
    "period": "FY",
    "revenue": 3507600000,
    "costOfRevenue": 1521700000,
    "grossProfit": 1985900000,
    "grossProfitRatio": 0.566170601,
    "researchAndDevelopmentExpenses": 0,
    "generalAndAdministrativeExpenses": 0,
    "sellingAndMarketingExpenses": 0,
    "sellingGeneralAndAdministrativeExpenses": 1990200000,
    "otherExpenses": 331100000,
    "operatingExpenses": 2321300000,
    "costAndExpenses": 3843000000,
    "interestIncome": 0,
    "interestExpense": 111700000,
    "depreciationAndAmortization": 337300000,
    "ebitda": 35200000,
    "ebitdaratio": 0.0100353518,
    "operatingIncome": -335400000,
    "operatingIncomeRatio": -0.0956209374,
    "totalOtherIncomeExpensesNet": -78400000,
    "incomeBeforeTax": -413800000,
    "incomeBeforeTaxRatio": -0.1179724028,
    "incomeTaxExpense": -35700000,
    "netIncome": -384100000,
    "netIncomeRatio": -0.1095050747,
    "eps": -3.25,
    "epsdiluted": -3.25,
    "weightedAverageShsOut": 120900000,
    "weightedAverageShsOutDil": 120900000,
    "link": "https://www.sec.gov/Archives/edgar/data/33185/000003318520000011/0000033185-20-000011-index.htm",
    "finalLink": "https://www.sec.gov/Archives/edgar/data/33185/000003318520000011/efx-20191231.htm"
  },
  {
    "date": "2018-12-31",
    "symbol": "EFX",
    "reportedCurrency": "USD",
    "cik": "0000033185",
    "fillingDate": "2019-02-21",
    "acceptedDate": "2019-02-21 16:40:48",
    "calendarYear": "2018",
    "period": "FY",
    "revenue": 3412100000,
    "costOfRevenue": 1440400000,
    "grossProfit": 1971700000,
    "grossProfitRatio": 0.5778552797,
    "researchAndDevelopmentExpenses": 0,
    "generalAndAdministrativeExpenses": 0,
    "sellingAndMarketingExpenses": 0,
    "sellingGeneralAndAdministrativeExpenses": 1213300000,
    "otherExpenses": 310400000,
    "operatingExpenses": 1523700000,
    "costAndExpenses": 2964100000,
    "interestIncome": 0,
    "interestExpense": 103500000,
    "depreciationAndAmortization": 315900000,
    "ebitda": 789800000,
    "ebitdaratio": 0.2314703555,
    "operatingIncome": 448000000,
    "operatingIncomeRatio": 0.1312974415,
    "totalOtherIncomeExpensesNet": -77600000,
    "incomeBeforeTax": 370400000,
    "incomeBeforeTaxRatio": 0.1085548489,
    "incomeTaxExpense": 53400000,
    "netIncome": 310500000,
    "netIncomeRatio": 0.0909996776,
    "eps": 2.49,
    "epsdiluted": 2.47,
    "weightedAverageShsOut": 120400000,
    "weightedAverageShsOutDil": 121400000,
    "link": "https://www.sec.gov/Archives/edgar/data/33185/000003318519000007/0000033185-19-000007-index.htm",
    "finalLink": "https://www.sec.gov/Archives/edgar/data/33185/000003318519000007/efx10k20181231.htm"
  },
  {
    "date": "2017-12-31",
    "symbol": "EFX",
    "reportedCurrency": "USD",
    "cik": "0000033185",
    "fillingDate": "2018-03-01",
    "acceptedDate": "2018-03-01 16:19:50",
    "calendarYear": "2017",
    "period": "FY",
    "revenue": 3362200000,
    "costOfRevenue": 1210700000,
    "grossProfit": 2151500000,
    "grossProfitRatio": 0.6399083933,
    "researchAndDevelopmentExpenses": 0,
    "generalAndAdministrativeExpenses": 0,
    "sellingAndMarketingExpenses": 0,
    "sellingGeneralAndAdministrativeExpenses": 1032000000,
    "otherExpenses": 287800000,
    "operatingExpenses": 1319800000,
    "costAndExpenses": 2537600000,
    "interestIncome": 0,
    "interestExpense": 92800000,
    "depreciationAndAmortization": 290900000,
    "ebitda": 1130300000,
    "ebitdaratio": 0.3361786925,
    "operatingIncome": 831700000,
    "operatingIncomeRatio": 0.2473677949,
    "totalOtherIncomeExpensesNet": -85100000,
    "incomeBeforeTax": 746600000,
    "incomeBeforeTaxRatio": 0.2220569865,
    "incomeTaxExpense": 148600000,
    "netIncome": 587300000,
    "netIncomeRatio": 0.1746772946,
    "eps": 4.89,
    "epsdiluted": 4.83,
    "weightedAverageShsOut": 120100000,
    "weightedAverageShsOutDil": 121500000,
    "link": "https://www.sec.gov/Archives/edgar/data/33185/000003318518000011/0000033185-18-000011-index.htm",
    "finalLink": "https://www.sec.gov/Archives/edgar/data/33185/000003318518000011/efx10k20171231.htm"
  },
  {
    "date": "2016-12-31",
    "symbol": "EFX",
    "reportedCurrency": "USD",
    "cik": "0000033185",
    "fillingDate": "2017-02-22",
    "acceptedDate": "2017-02-22 16:49:50",
    "calendarYear": "2016",
    "period": "FY",
    "revenue": 3144900000,
    "costOfRevenue": 1113400000,
    "grossProfit": 2031500000,
    "grossProfitRatio": 0.6459664854,
    "researchAndDevelopmentExpenses": 0,
    "generalAndAdministrativeExpenses": 0,
    "sellingAndMarketingExpenses": 0,
    "sellingGeneralAndAdministrativeExpenses": 941000000,
    "otherExpenses": 265400000,
    "operatingExpenses": 1206400000,
    "costAndExpenses": 2327000000,
    "interestIncome": 0,
    "interestExpense": 92100000,
    "depreciationAndAmortization": 268700000,
    "ebitda": 1089000000,
    "ebitdaratio": 0.3462749213,
    "operatingIncome": 825100000,
    "operatingIncomeRatio": 0.2623612833,
    "totalOtherIncomeExpensesNet": -96900000,
    "incomeBeforeTax": 728200000,
    "incomeBeforeTaxRatio": 0.2315494928,
    "incomeTaxExpense": 233100000,
    "netIncome": 488800000,
    "netIncomeRatio": 0.1554262457,
    "eps": 4.1,
    "epsdiluted": 4.04,
    "weightedAverageShsOut": 119300000,
    "weightedAverageShsOutDil": 121100000,
    "link": "https://www.sec.gov/Archives/edgar/data/33185/000003318517000008/0000033185-17-000008-index.htm",
    "finalLink": "https://www.sec.gov/Archives/edgar/data/33185/000003318517000008/efx10k20161231.htm"
  },
  {
    "date": "2015-12-31",
    "symbol": "EFX",
    "reportedCurrency": "USD",
    "cik": "0000033185",
    "fillingDate": "2016-02-24",
    "acceptedDate": "2016-02-24 16:54:16",
    "calendarYear": "2015",
    "period": "FY",
    "revenue": 2663600000,
    "costOfRevenue": 887400000,
    "grossProfit": 1776200000,
    "grossProfitRatio": 0.6668418681,
    "researchAndDevelopmentExpenses": 0,
    "generalAndAdministrativeExpenses": 0,
    "sellingAndMarketingExpenses": 0,
    "sellingGeneralAndAdministrativeExpenses": 884300000,
    "otherExpenses": 198000000,
    "operatingExpenses": 1082300000,
    "costAndExpenses": 1969700000,
    "interestIncome": 0,
    "interestExpense": 63800000,
    "depreciationAndAmortization": 200000000,
    "ebitda": 900400000,
    "ebitdaratio": 0.3380387446,
    "operatingIncome": 693900000,
    "operatingIncomeRatio": 0.2605120889,
    "totalOtherIncomeExpensesNet": -57300000,
    "incomeBeforeTax": 636600000,
    "incomeBeforeTaxRatio": 0.2389998498,
    "incomeTaxExpense": 201800000,
    "netIncome": 429100000,
    "netIncomeRatio": 0.1610977624,
    "eps": 3.61,
    "epsdiluted": 3.55,
    "weightedAverageShsOut": 118700000,
    "weightedAverageShsOutDil": 120900000,
    "link": "https://www.sec.gov/Archives/edgar/data/33185/000003318516000037/0000033185-16-000037-index.htm",
    "finalLink": "https://www.sec.gov/Archives/edgar/data/33185/000003318516000037/efx10k20151231.htm"
  },
  {
    "date": "2014-12-31",
    "symbol": "EFX",
    "reportedCurrency": "USD",
    "cik": "0000033185",
    "fillingDate": "2015-02-25",
    "acceptedDate": "2015-02-25 16:46:53",
    "calendarYear": "2014",
    "period": "FY",
    "revenue": 2436400000,
    "costOfRevenue": 844700000,
    "grossProfit": 1591700000,
    "grossProfitRatio": 0.6532999507,
    "researchAndDevelopmentExpenses": 0,
    "generalAndAdministrativeExpenses": 0,
    "sellingAndMarketingExpenses": 0,
    "sellingGeneralAndAdministrativeExpenses": 751700000,
    "otherExpenses": 201800000,
    "operatingExpenses": 953500000,
    "costAndExpenses": 1798200000,
    "interestIncome": 0,
    "interestExpense": 68600000,
    "depreciationAndAmortization": 204200000,
    "ebitda": 847000000,
    "ebitdaratio": 0.347644065,
    "operatingIncome": 638200000,
    "operatingIncomeRatio": 0.2619438516,
    "totalOtherIncomeExpensesNet": -64000000,
    "incomeBeforeTax": 574200000,
    "incomeBeforeTaxRatio": 0.2356755869,
    "incomeTaxExpense": 200200000,
    "netIncome": 367400000,
    "netIncomeRatio": 0.1507962568,
    "eps": 3.03,
    "epsdiluted": 2.97,
    "weightedAverageShsOut": 121200000,
    "weightedAverageShsOutDil": 123500000,
    "link": "https://www.sec.gov/Archives/edgar/data/33185/000162828015001024/0001628280-15-001024-index.htm",
    "finalLink": "https://www.sec.gov/Archives/edgar/data/33185/000162828015001024/efx10k20141231.htm"
  },
  {
    "date": "2013-12-31",
    "symbol": "EFX",
    "reportedCurrency": "USD",
    "cik": "0000033185",
    "fillingDate": "2014-02-28",
    "acceptedDate": "2014-02-27 19:45:43",
    "calendarYear": "2013",
    "period": "FY",
    "revenue": 2303900000,
    "costOfRevenue": 787300000,
    "grossProfit": 1516600000,
    "grossProfitRatio": 0.6582750987,
    "researchAndDevelopmentExpenses": 0,
    "generalAndAdministrativeExpenses": 0,
    "sellingAndMarketingExpenses": 0,
    "sellingGeneralAndAdministrativeExpenses": 715800000,
    "otherExpenses": 189600000,
    "operatingExpenses": 905400000,
    "costAndExpenses": 1692700000,
    "interestIncome": 0,
    "interestExpense": 70200000,
    "depreciationAndAmortization": 190300000,
    "ebitda": 790900000,
    "ebitdaratio": 0.3432874691,
    "operatingIncome": 611200000,
    "operatingIncomeRatio": 0.2652892921,
    "totalOtherIncomeExpensesNet": -80800000,
    "incomeBeforeTax": 530400000,
    "incomeBeforeTaxRatio": 0.2302183254,
    "incomeTaxExpense": 188900000,
    "netIncome": 351800000,
    "netIncomeRatio": 0.1526975997,
    "eps": 2.9,
    "epsdiluted": 2.84,
    "weightedAverageShsOut": 121200000,
    "weightedAverageShsOutDil": 123700000,
    "link": "https://www.sec.gov/Archives/edgar/data/33185/000114420414012238/0001144204-14-012238-index.htm",
    "finalLink": "https://www.sec.gov/Archives/edgar/data/33185/000114420414012238/v368092_10k.htm"
  },
  {
    "date": "2012-12-31",
    "symbol": "EFX",
    "reportedCurrency": "USD",
    "cik": "0000033185",
    "fillingDate": "2013-02-22",
    "acceptedDate": "2013-02-22 15:17:43",
    "calendarYear": "2012",
    "period": "FY",
    "revenue": 2073000000,
    "costOfRevenue": 759500000,
    "grossProfit": 1313500000,
    "grossProfitRatio": 0.6336227689,
    "researchAndDevelopmentExpenses": 0,
    "generalAndAdministrativeExpenses": 0,
    "sellingAndMarketingExpenses": 0,
    "sellingGeneralAndAdministrativeExpenses": 673500000,
    "otherExpenses": 160000000,
    "operatingExpenses": 833500000,
    "costAndExpenses": 1593000000,
    "interestIncome": 0,
    "interestExpense": 55400000,
    "depreciationAndAmortization": 163400000,
    "ebitda": 650100000,
    "ebitdaratio": 0.3136034732,
    "operatingIncome": 480000000,
    "operatingIncomeRatio": 0.2315484805,
    "totalOtherIncomeExpensesNet": -48700000,
    "incomeBeforeTax": 431300000,
    "incomeBeforeTaxRatio": 0.2080559575,
    "incomeTaxExpense": 156000000,
    "netIncome": 272100000,
    "netIncomeRatio": 0.1312590449,
    "eps": 2.27,
    "epsdiluted": 2.22,
    "weightedAverageShsOut": 119900000,
    "weightedAverageShsOutDil": 122500000,
    "link": "https://www.sec.gov/Archives/edgar/data/33185/000114420413010696/0001144204-13-010696-index.htm",
    "finalLink": "https://www.sec.gov/Archives/edgar/data/33185/000114420413010696/v332542_10k.htm"
  },
  {
    "date": "2011-12-31",
    "symbol": "EFX",
    "reportedCurrency": "USD",
    "cik": "0000033185",
    "fillingDate": "2012-02-23",
    "acceptedDate": "2012-02-23 17:06:26",
    "calendarYear": "2011",
    "period": "FY",
    "revenue": 1893200000,
    "costOfRevenue": 703900000,
    "grossProfit": 1189300000,
    "grossProfitRatio": 0.6281956476,
    "researchAndDevelopmentExpenses": 0,
    "generalAndAdministrativeExpenses": 0,
    "sellingAndMarketingExpenses": 0,
    "sellingGeneralAndAdministrativeExpenses": 560100000,
    "otherExpenses": 160600000,
    "operatingExpenses": 720700000,
    "costAndExpenses": 1488800000,
    "interestIncome": 0,
    "interestExpense": 55100000,
    "depreciationAndAmortization": 164900000,
    "ebitda": 625900000,
    "ebitdaratio": 0.3306042679,
    "operatingIncome": 468600000,
    "operatingIncomeRatio": 0.2475174308,
    "totalOtherIncomeExpensesNet": -62700000,
    "incomeBeforeTax": 405900000,
    "incomeBeforeTaxRatio": 0.2143989013,
    "incomeTaxExpense": 167100000,
    "netIncome": 232900000,
    "netIncomeRatio": 0.1230192267,
    "eps": 1.91,
    "epsdiluted": 1.88,
    "weightedAverageShsOut": 121900000,
    "weightedAverageShsOutDil": 123700000,
    "link": "https://www.sec.gov/Archives/edgar/data/33185/000114420412010639/0001144204-12-010639-index.htm",
    "finalLink": "https://www.sec.gov/Archives/edgar/data/33185/000114420412010639/v244511_10k.htm"
  },
  {
    "date": "2010-12-31",
    "symbol": "EFX",
    "reportedCurrency": "USD",
    "cik": "0000033185",
    "fillingDate": "2011-03-24",
    "acceptedDate": "2011-03-24 17:07:44",
    "calendarYear": "2010",
    "period": "FY",
    "revenue": 1859500000,
    "costOfRevenue": 759900000,
    "grossProfit": 1099600000,
    "grossProfitRatio": 0.5913417585,
    "researchAndDevelopmentExpenses": 0,
    "generalAndAdministrativeExpenses": 0,
    "sellingAndMarketingExpenses": 0,
    "sellingGeneralAndAdministrativeExpenses": 507400000,
    "otherExpenses": 162200000,
    "operatingExpenses": 669600000,
    "costAndExpenses": 1429500000,
    "interestIncome": 0,
    "interestExpense": 56100000,
    "depreciationAndAmortization": 167800000,
    "ebitda": 599100000,
    "ebitdaratio": 0.3221833826,
    "operatingIncome": 430000000,
    "operatingIncomeRatio": 0.2312449583,
    "totalOtherIncomeExpensesNet": -54800000,
    "incomeBeforeTax": 375200000,
    "incomeBeforeTaxRatio": 0.2017746706,
    "incomeTaxExpense": 131900000,
    "netIncome": 266700000,
    "netIncomeRatio": 0.1434256521,
    "eps": 2.14,
    "epsdiluted": 2.11,
    "weightedAverageShsOut": 124800000,
    "weightedAverageShsOutDil": 126500000,
    "link": "https://www.sec.gov/Archives/edgar/data/33185/000114420411016912/0001144204-11-016912-index.htm",
    "finalLink": "https://www.sec.gov/Archives/edgar/data/33185/000114420411016912/v215764_10ka.htm"
  },
  {
    "date": "2009-12-31",
    "symbol": "EFX",
    "reportedCurrency": "USD",
    "cik": "0000033185",
    "fillingDate": "2010-02-23",
    "acceptedDate": "2010-02-23 17:18:07",
    "calendarYear": "2009",
    "period": "FY",
    "revenue": 1716000000,
    "costOfRevenue": 718800000,
    "grossProfit": 997200000,
    "grossProfitRatio": 0.5811188811,
    "researchAndDevelopmentExpenses": 0,
    "generalAndAdministrativeExpenses": 0,
    "sellingAndMarketingExpenses": 0,
    "sellingGeneralAndAdministrativeExpenses": 470200000,
    "otherExpenses": 145200000,
    "operatingExpenses": 615400000,
    "costAndExpenses": 1416900000,
    "interestIncome": 0,
    "interestExpense": 57000000,
    "depreciationAndAmortization": 158800000,
    "ebitda": 546800000,
    "ebitdaratio": 0.3186480186,
    "operatingIncome": 381800000,
    "operatingIncomeRatio": 0.2224941725,
    "totalOtherIncomeExpensesNet": -50800000,
    "incomeBeforeTax": 331000000,
    "incomeBeforeTaxRatio": 0.1928904429,
    "incomeTaxExpense": 106600000,
    "netIncome": 233900000,
    "netIncomeRatio": 0.1363053613,
    "eps": 1.85,
    "epsdiluted": 1.83,
    "weightedAverageShsOut": 126300000,
    "weightedAverageShsOutDil": 127900000,
    "link": "https://www.sec.gov/Archives/edgar/data/33185/000104746910001159/0001047469-10-001159-index.htm",
    "finalLink": "https://www.sec.gov/Archives/edgar/data/33185/000104746910001159/a2196590z10-k.htm"
  },
  {
    "date": "2008-12-31",
    "symbol": "EFX",
    "reportedCurrency": "USD",
    "cik": "0000033185",
    "fillingDate": "2009-02-26",
    "acceptedDate": "2009-02-26 17:03:56",
    "calendarYear": "2008",
    "period": "FY",
    "revenue": 1935700000,
    "costOfRevenue": 792000000,
    "grossProfit": 1143700000,
    "grossProfitRatio": 0.5908456889,
    "researchAndDevelopmentExpenses": 0,
    "generalAndAdministrativeExpenses": 0,
    "sellingAndMarketingExpenses": 0,
    "sellingGeneralAndAdministrativeExpenses": 511100000,
    "otherExpenses": 155400000,
    "operatingExpenses": 666500000,
    "costAndExpenses": 1458500000,
    "interestIncome": 0,
    "interestExpense": 71300000,
    "depreciationAndAmortization": 155400000,
    "ebitda": 638800000,
    "ebitdaratio": 0.3300098156,
    "operatingIncome": 477200000,
    "operatingIncomeRatio": 0.2465258046,
    "totalOtherIncomeExpensesNet": -65100000,
    "incomeBeforeTax": 412100000,
    "incomeBeforeTaxRatio": 0.2128945601,
    "incomeTaxExpense": 133100000,
    "netIncome": 272800000,
    "netIncomeRatio": 0.1409309294,
    "eps": 2.13,
    "epsdiluted": 2.09,
    "weightedAverageShsOut": 128100000,
    "weightedAverageShsOutDil": 130400000,
    "link": "https://www.sec.gov/Archives/edgar/data/33185/000104746909001891/0001047469-09-001891-index.htm",
    "finalLink": "https://www.sec.gov/Archives/edgar/data/33185/000104746909001891/a2190893z10-k.htm"
  },
  {
    "date": "2007-12-31",
    "symbol": "EFX",
    "reportedCurrency": "USD",
    "cik": "0000033185",
    "fillingDate": "2008-02-27",
    "acceptedDate": "2008-02-27 17:00:16",
    "calendarYear": "2007",
    "period": "FY",
    "revenue": 1843000000,
    "costOfRevenue": 752000000,
    "grossProfit": 1091000000,
    "grossProfitRatio": 0.5919696148,
    "researchAndDevelopmentExpenses": 0,
    "generalAndAdministrativeExpenses": 0,
    "sellingAndMarketingExpenses": 0,
    "sellingGeneralAndAdministrativeExpenses": 477100000,
    "otherExpenses": 127700000,
    "operatingExpenses": 604800000,
    "costAndExpenses": 1356800000,
    "interestIncome": 0,
    "interestExpense": 58500000,
    "depreciationAndAmortization": 127700000,
    "ebitda": 610800000,
    "ebitdaratio": 0.3314161693,
    "operatingIncome": 486200000,
    "operatingIncomeRatio": 0.2638090071,
    "totalOtherIncomeExpensesNet": -61600000,
    "incomeBeforeTax": 424600000,
    "incomeBeforeTaxRatio": 0.2303852415,
    "incomeTaxExpense": 151900000,
    "netIncome": 272700000,
    "netIncomeRatio": 0.147965274,
    "eps": 2.07,
    "epsdiluted": 2.02,
    "weightedAverageShsOut": 132000000,
    "weightedAverageShsOutDil": 135100000,
    "link": "https://www.sec.gov/Archives/edgar/data/33185/000104746908001839/0001047469-08-001839-index.htm",
    "finalLink": "https://www.sec.gov/Archives/edgar/data/33185/000104746908001839/a2182984z10-k.htm"
  },
  {
    "date": "2006-12-31",
    "symbol": "EFX",
    "reportedCurrency": "USD",
    "cik": "0000033185",
    "fillingDate": "2007-02-28",
    "acceptedDate": "2007-02-27 17:54:14",
    "calendarYear": "2006",
    "period": "FY",
    "revenue": 1546300000,
    "costOfRevenue": 626400000,
    "grossProfit": 919900000,
    "grossProfitRatio": 0.5949039643,
    "researchAndDevelopmentExpenses": 0,
    "generalAndAdministrativeExpenses": 0,
    "sellingAndMarketingExpenses": 0,
    "sellingGeneralAndAdministrativeExpenses": 401000000,
    "otherExpenses": 82800000,
    "operatingExpenses": 483800000,
    "costAndExpenses": 1110200000,
    "interestIncome": 0,
    "interestExpense": 0,
    "depreciationAndAmortization": 82800000,
    "ebitda": 518900000,
    "ebitdaratio": 0.3355752441,
    "operatingIncome": 436100000,
    "operatingIncomeRatio": 0.282028067,
    "totalOtherIncomeExpensesNet": -20200000,
    "incomeBeforeTax": 415900000,
    "incomeBeforeTaxRatio": 0.2689646252,
    "incomeTaxExpense": 141400000,
    "netIncome": 274500000,
    "netIncomeRatio": 0.1775205329,
    "eps": 2.16,
    "epsdiluted": 2.12,
    "weightedAverageShsOut": 127100000,
    "weightedAverageShsOutDil": 129400000,
    "link": "https://www.sec.gov/Archives/edgar/data/33185/000110465907014494/0001104659-07-014494-index.htm",
    "finalLink": "https://www.sec.gov/Archives/edgar/data/33185/000110465907014494/a07-5255_110k.htm"
  },
  {
    "date": "2005-12-31",
    "symbol": "EFX",
    "reportedCurrency": "USD",
    "cik": "0000033185",
    "fillingDate": "2006-03-02",
    "acceptedDate": "2006-03-02 16:47:55",
    "calendarYear": "2005",
    "period": "FY",
    "revenue": 1443400000,
    "costOfRevenue": 594200000,
    "grossProfit": 849200000,
    "grossProfitRatio": 0.5883331024,
    "researchAndDevelopmentExpenses": 0,
    "generalAndAdministrativeExpenses": 0,
    "sellingAndMarketingExpenses": 0,
    "sellingGeneralAndAdministrativeExpenses": 345000000,
    "otherExpenses": 82200000,
    "operatingExpenses": 427200000,
    "costAndExpenses": 1021400000,
    "interestIncome": 0,
    "interestExpense": 0,
    "depreciationAndAmortization": 82200000,
    "ebitda": 504200000,
    "ebitdaratio": 0.3493141194,
    "operatingIncome": 422000000,
    "operatingIncomeRatio": 0.2923652487,
    "totalOtherIncomeExpensesNet": -31300000,
    "incomeBeforeTax": 390700000,
    "incomeBeforeTaxRatio": 0.2706803381,
    "incomeTaxExpense": 144200000,
    "netIncome": 246500000,
    "netIncomeRatio": 0.1707773313,
    "eps": 1.9,
    "epsdiluted": 1.86,
    "weightedAverageShsOut": 129700000,
    "weightedAverageShsOutDil": 132200000,
    "link": "https://www.sec.gov/Archives/edgar/data/33185/000110465906013557/0001104659-06-013557-index.htm",
    "finalLink": "https://www.sec.gov/Archives/edgar/data/33185/000110465906013557/a06-1873_110k.htm"
  },
  {
    "date": "2004-12-31",
    "symbol": "EFX",
    "reportedCurrency": "USD",
    "cik": "0000033185",
    "fillingDate": "2005-03-16",
    "acceptedDate": "2005-03-16 15:35:13",
    "calendarYear": "2004",
    "period": "FY",
    "revenue": 1272800000,
    "costOfRevenue": 533900000,
    "grossProfit": 738900000,
    "grossProfitRatio": 0.5805311125,
    "researchAndDevelopmentExpenses": 0,
    "generalAndAdministrativeExpenses": 0,
    "sellingAndMarketingExpenses": 0,
    "sellingGeneralAndAdministrativeExpenses": 284400000,
    "otherExpenses": 78700000,
    "operatingExpenses": 363100000,
    "costAndExpenses": 894600000,
    "interestIncome": 0,
    "interestExpense": 0,
    "depreciationAndAmortization": 78700000,
    "ebitda": 454500000,
    "ebitdaratio": 0.3570867379,
    "operatingIncome": 375800000,
    "operatingIncomeRatio": 0.2952545569,
    "totalOtherIncomeExpensesNet": 9400000,
    "incomeBeforeTax": 385200000,
    "incomeBeforeTaxRatio": 0.3026398492,
    "incomeTaxExpense": 147900000,
    "netIncome": 234700000,
    "netIncomeRatio": 0.1843966059,
    "eps": 1.79,
    "epsdiluted": 1.76,
    "weightedAverageShsOut": 131300000,
    "weightedAverageShsOutDil": 133500000,
    "link": "https://www.sec.gov/Archives/edgar/data/33185/000110465905011449/0001104659-05-011449-index.htm",
    "finalLink": "https://www.sec.gov/Archives/edgar/data/33185/000110465905011449/a05-3999_110k.htm"
  },
  {
    "date": "2003-12-31",
    "symbol": "EFX",
    "reportedCurrency": "USD",
    "cik": "0000033185",
    "fillingDate": "2004-03-11",
    "acceptedDate": "2004-03-11 17:20:53",
    "calendarYear": "2003",
    "period": "FY",
    "revenue": 1210700000,
    "costOfRevenue": 499700000,
    "grossProfit": 711000000,
    "grossProfitRatio": 0.5872635665,
    "researchAndDevelopmentExpenses": 0,
    "generalAndAdministrativeExpenses": 0,
    "sellingAndMarketingExpenses": 0,
    "sellingGeneralAndAdministrativeExpenses": 272100000,
    "otherExpenses": 124700000,
    "operatingExpenses": 396800000,
    "costAndExpenses": 882800000,
    "interestIncome": 0,
    "interestExpense": 0,
    "depreciationAndAmortization": 94100000,
    "ebitda": 438900000,
    "ebitdaratio": 0.3625175518,
    "operatingIncome": 314200000,
    "operatingIncomeRatio": 0.2595192864,
    "totalOtherIncomeExpensesNet": -28900000,
    "incomeBeforeTax": 285300000,
    "incomeBeforeTaxRatio": 0.2356487982,
    "incomeTaxExpense": 104600000,
    "netIncome": 164900000,
    "netIncomeRatio": 0.1362021971,
    "eps": 1.23,
    "epsdiluted": 1.2,
    "weightedAverageShsOut": 134500000,
    "weightedAverageShsOutDil": 136700000,
    "link": "https://www.sec.gov/Archives/edgar/data/33185/000104746904007525/0001047469-04-007525-index.htm",
    "finalLink": "https://www.sec.gov/Archives/edgar/data/33185/000104746904007525/a2129029z10-k.htm"
  },
  {
    "date": "2002-12-31",
    "symbol": "EFX",
    "reportedCurrency": "USD",
    "cik": "0000033185",
    "fillingDate": "2003-04-11",
    "acceptedDate": "2003-04-11 17:29:02",
    "calendarYear": "2002",
    "period": "FY",
    "revenue": 1095300000,
    "costOfRevenue": 416400000,
    "grossProfit": 678900000,
    "grossProfitRatio": 0.6198301835,
    "researchAndDevelopmentExpenses": 0,
    "generalAndAdministrativeExpenses": 0,
    "sellingAndMarketingExpenses": 0,
    "sellingGeneralAndAdministrativeExpenses": 246700000,
    "otherExpenses": 79700000,
    "operatingExpenses": 326400000,
    "costAndExpenses": 758000000,
    "interestIncome": 0,
    "interestExpense": 0,
    "depreciationAndAmortization": 79700000,
    "ebitda": 432200000,
    "ebitdaratio": 0.3945950881,
    "operatingIncome": 352500000,
    "operatingIncomeRatio": 0.3218296357,
    "totalOtherIncomeExpensesNet": -36400000,
    "incomeBeforeTax": 316100000,
    "incomeBeforeTaxRatio": 0.2885967315,
    "incomeTaxExpense": 124400000,
    "netIncome": 178000000,
    "netIncomeRatio": 0.1625125536,
    "eps": 1.25,
    "epsdiluted": 1.25,
    "weightedAverageShsOut": 136400000,
    "weightedAverageShsOutDil": 136400000,
    "link": "https://www.sec.gov/Archives/edgar/data/33185/000093176303000945/0000931763-03-000945-index.htm",
    "finalLink": "https://www.sec.gov/Archives/edgar/data/33185/000093176303000945/d10ka.htm"
  },
  {
    "date": "2001-12-31",
    "symbol": "EFX",
    "reportedCurrency": "USD",
    "cik": "0000033185",
    "fillingDate": "2002-03-12",
    "acceptedDate": "2002-03-12 00:00:00",
    "calendarYear": "2001",
    "period": "FY",
    "revenue": 1139000000,
    "costOfRevenue": 451000000,
    "grossProfit": 688000000,
    "grossProfitRatio": 0.6040386304,
    "researchAndDevelopmentExpenses": 0,
    "generalAndAdministrativeExpenses": 0,
    "sellingAndMarketingExpenses": 0,
    "sellingGeneralAndAdministrativeExpenses": 267600000,
    "otherExpenses": 166600000,
    "operatingExpenses": 434200000,
    "costAndExpenses": 824800000,
    "interestIncome": 0,
    "interestExpense": 0,
    "depreciationAndAmortization": 106200000,
    "ebitda": 420400000,
    "ebitdaratio": 0.369095698,
    "operatingIncome": 253800000,
    "operatingIncomeRatio": 0.2228270413,
    "totalOtherIncomeExpensesNet": -51200000,
    "incomeBeforeTax": 202600000,
    "incomeBeforeTaxRatio": 0.1778753292,
    "incomeTaxExpense": 85300000,
    "netIncome": 122500000,
    "netIncomeRatio": 0.1075504829,
    "eps": 0.85,
    "epsdiluted": 0.85,
    "weightedAverageShsOut": 136653000,
    "weightedAverageShsOutDil": 136653000,
    "link": "https://www.sec.gov/Archives/edgar/data/33185/000093176302000622/0000931763-02-000622-index.htm",
    "finalLink": "https://www.sec.gov/Archives/edgar/data/33185/000093176302000622/d10k.txt"
  },
  {
    "date": "2000-12-31",
    "symbol": "EFX",
    "reportedCurrency": "USD",
    "cik": "0000033185",
    "fillingDate": "2001-03-29",
    "acceptedDate": "2001-03-29 00:00:00",
    "calendarYear": "2000",
    "period": "FY",
    "revenue": 1189200000,
    "costOfRevenue": 513200000,
    "grossProfit": 676000000,
    "grossProfitRatio": 0.5684493777,
    "researchAndDevelopmentExpenses": 0,
    "generalAndAdministrativeExpenses": 0,
    "sellingAndMarketingExpenses": 0,
    "sellingGeneralAndAdministrativeExpenses": 261200000,
    "otherExpenses": 106200000,
    "operatingExpenses": 367400000,
    "costAndExpenses": 1510466000,
    "interestIncome": 0,
    "interestExpense": 0,
    "depreciationAndAmortization": 106200000,
    "ebitda": 414800000,
    "ebitdaratio": 0.3488059199,
    "operatingIncome": 308600000,
    "operatingIncomeRatio": 0.2595021863,
    "totalOtherIncomeExpensesNet": -59200000,
    "incomeBeforeTax": 249400000,
    "incomeBeforeTaxRatio": 0.2097208207,
    "incomeTaxExpense": 108300000,
    "netIncome": 228000000,
    "netIncomeRatio": 0.1917255298,
    "eps": 1.7,
    "epsdiluted": 1.68,
    "weightedAverageShsOut": 134400000,
    "weightedAverageShsOutDil": 136000000,
    "link": "https://www.sec.gov/Archives/edgar/data/33185/000093176301000610/0000931763-01-000610-index.htm",
    "finalLink": "https://www.sec.gov/Archives/edgar/data/33185/000093176301000610/0000931763-01-000610-0001.txt"
  },
  {
    "date": "1999-12-31",
    "symbol": "EFX",
    "reportedCurrency": "USD",
    "cik": "0000033185",
    "fillingDate": "2000-03-30",
    "acceptedDate": "2000-03-30 00:00:00",
    "calendarYear": "1999",
    "period": "FY",
    "revenue": 1772700000,
    "costOfRevenue": 907100000,
    "grossProfit": 865600000,
    "grossProfitRatio": 0.4882946917,
    "researchAndDevelopmentExpenses": 0,
    "generalAndAdministrativeExpenses": 0,
    "sellingAndMarketingExpenses": 0,
    "sellingGeneralAndAdministrativeExpenses": 325800000,
    "otherExpenses": 125300000,
    "operatingExpenses": 451100000,
    "costAndExpenses": 1358200000,
    "interestIncome": 0,
    "interestExpense": 0,
    "depreciationAndAmortization": 125300000,
    "ebitda": 539800000,
    "ebitdaratio": 0.3045072488,
    "operatingIncome": 414500000,
    "operatingIncomeRatio": 0.2338241101,
    "totalOtherIncomeExpensesNet": -48600000,
    "incomeBeforeTax": 365900000,
    "incomeBeforeTaxRatio": 0.2064083037,
    "incomeTaxExpense": 150000000,
    "netIncome": 215900000,
    "netIncomeRatio": 0.1217916173,
    "eps": 1.57,
    "epsdiluted": 1.55,
    "weightedAverageShsOut": 137500000,
    "weightedAverageShsOutDil": 139600000,
    "link": "https://www.sec.gov/Archives/edgar/data/33185/000093176300000781/0000931763-00-000781-index.html",
    "finalLink": "https://www.sec.gov/Archives/edgar/data/33185/000093176300000781/"
  },
  {
    "date": "1998-12-31",
    "symbol": "EFX",
    "reportedCurrency": "USD",
    "cik": "0000033185",
    "fillingDate": "1999-03-31",
    "acceptedDate": "1999-03-31 00:00:00",
    "calendarYear": "1998",
    "period": "FY",
    "revenue": 1621000000,
    "costOfRevenue": 840000000,
    "grossProfit": 781000000,
    "grossProfitRatio": 0.4818013572,
    "researchAndDevelopmentExpenses": 0,
    "generalAndAdministrativeExpenses": 0,
    "sellingAndMarketingExpenses": 0,
    "sellingGeneralAndAdministrativeExpenses": 311500000,
    "otherExpenses": 103800000,
    "operatingExpenses": 415300000,
    "costAndExpenses": 1255300000,
    "interestIncome": 0,
    "interestExpense": 0,
    "depreciationAndAmortization": 103800000,
    "ebitda": 469500000,
    "ebitdaratio": 0.2896360271,
    "operatingIncome": 365700000,
    "operatingIncomeRatio": 0.2256014806,
    "totalOtherIncomeExpensesNet": -38500000,
    "incomeBeforeTax": 327200000,
    "incomeBeforeTaxRatio": 0.2018507094,
    "incomeTaxExpense": 133800000,
    "netIncome": 193400000,
    "netIncomeRatio": 0.1193090685,
    "eps": 1.37,
    "epsdiluted": 1.34,
    "weightedAverageShsOut": 141397000,
    "weightedAverageShsOutDil": 144403000,
    "link": "https://www.sec.gov/Archives/edgar/data/33185/000093176399000970/0000931763-99-000970-index.html",
    "finalLink": "https://www.sec.gov/Archives/edgar/data/33185/"
  },
  {
    "date": "1997-12-31",
    "symbol": "EFX",
    "reportedCurrency": "USD",
    "cik": "0000033185",
    "fillingDate": "1998-05-15",
    "acceptedDate": "1998-05-15 00:00:00",
    "calendarYear": "1997",
    "period": "FY",
    "revenue": 1366100000,
    "costOfRevenue": 701900000,
    "grossProfit": 664200000,
    "grossProfitRatio": 0.4862015958,
    "researchAndDevelopmentExpenses": 0,
    "generalAndAdministrativeExpenses": 0,
    "sellingAndMarketingExpenses": 0,
    "sellingGeneralAndAdministrativeExpenses": 263200000,
    "otherExpenses": 77100000,
    "operatingExpenses": 340300000,
    "costAndExpenses": 1042200000,
    "interestIncome": 0,
    "interestExpense": 0,
    "depreciationAndAmortization": 77100000,
    "ebitda": 401000000,
    "ebitdaratio": 0.2935363443,
    "operatingIncome": 323900000,
    "operatingIncomeRatio": 0.2370983091,
    "totalOtherIncomeExpensesNet": -800000,
    "incomeBeforeTax": 323100000,
    "incomeBeforeTaxRatio": 0.2365127004,
    "incomeTaxExpense": 137600000,
    "netIncome": 183700000,
    "netIncomeRatio": 0.1344703902,
    "eps": 1.27,
    "epsdiluted": 1.24,
    "weightedAverageShsOut": 144233000,
    "weightedAverageShsOutDil": 147818000,
    "link": "https://www.sec.gov/Archives/edgar/data/33185/000091019598000238/0000910195-98-000238-index.html",
    "finalLink": "https://www.sec.gov/Archives/edgar/data/33185/"
  },
  {
    "date": "1996-12-31",
    "symbol": "EFX",
    "reportedCurrency": "USD",
    "cik": "0000033185",
    "fillingDate": "1997-03-31",
    "acceptedDate": "1997-03-31 00:00:00",
    "calendarYear": "1996",
    "period": "FY",
    "revenue": 1222800000,
    "costOfRevenue": 629700000,
    "grossProfit": 593100000,
    "grossProfitRatio": 0.4850343474,
    "researchAndDevelopmentExpenses": 0,
    "generalAndAdministrativeExpenses": 0,
    "sellingAndMarketingExpenses": 0,
    "sellingGeneralAndAdministrativeExpenses": 258700000,
    "otherExpenses": 67500000,
    "operatingExpenses": 326200000,
    "costAndExpenses": 1496500000,
    "interestIncome": 0,
    "interestExpense": 0,
    "depreciationAndAmortization": 67500000,
    "ebitda": 334400000,
    "ebitdaratio": 0.2734707229,
    "operatingIncome": 266900000,
    "operatingIncomeRatio": 0.2182695453,
    "totalOtherIncomeExpensesNet": -4300000,
    "incomeBeforeTax": 262600000,
    "incomeBeforeTaxRatio": 0.2147530258,
    "incomeTaxExpense": 109500000,
    "netIncome": 177600000,
    "netIncomeRatio": 0.1452404318,
    "eps": 1.22,
    "epsdiluted": 1.19,
    "weightedAverageShsOut": 145573770,
    "weightedAverageShsOutDil": 149243697,
    "link": "https://www.sec.gov/Archives/edgar/data/33185/000093176397000464/0000931763-97-000464-index.html",
    "finalLink": "https://www.sec.gov/Archives/edgar/data/33185/"
  },
  {
    "date": "1995-12-31",
    "symbol": "EFX",
    "reportedCurrency": "USD",
    "cik": "0000033185",
    "fillingDate": "1996-04-01",
    "acceptedDate": "1996-04-01 00:00:00",
    "calendarYear": "1995",
    "period": "FY",
    "revenue": 1105300000,
    "costOfRevenue": 587600000,
    "grossProfit": 517700000,
    "grossProfitRatio": 0.4683796254,
    "researchAndDevelopmentExpenses": 0,
    "generalAndAdministrativeExpenses": 0,
    "sellingAndMarketingExpenses": 0,
    "sellingGeneralAndAdministrativeExpenses": 232100000,
    "otherExpenses": 63700000,
    "operatingExpenses": 295800000,
    "costAndExpenses": 1340500000,
    "interestIncome": 0,
    "interestExpense": 0,
    "depreciationAndAmortization": 63700000,
    "ebitda": 285600000,
    "ebitdaratio": 0.258391387,
    "operatingIncome": 221900000,
    "operatingIncomeRatio": 0.2007599747,
    "totalOtherIncomeExpensesNet": 1300000,
    "incomeBeforeTax": 223200000,
    "incomeBeforeTaxRatio": 0.2019361259,
    "incomeTaxExpense": 90400000,
    "netIncome": 147700000,
    "netIncomeRatio": 0.133628879,
    "eps": 0.98,
    "epsdiluted": 0.96,
    "weightedAverageShsOut": 150714286,
    "weightedAverageShsOutDil": 153854167,
    "link": "https://www.sec.gov/Archives/edgar/data/33185/000093176396000117/0000931763-96-000117-index.html",
    "finalLink": "https://www.sec.gov/Archives/edgar/data/33185/"
  },
  {
    "date": "1994-12-31",
    "symbol": "EFX",
    "reportedCurrency": "USD",
    "cik": "0000033185",
    "fillingDate": "1995-03-30",
    "acceptedDate": "1995-03-30 00:00:00",
    "calendarYear": "1994",
    "period": "FY",
    "revenue": 1422000000,
    "costOfRevenue": 905300000,
    "grossProfit": 516700000,
    "grossProfitRatio": 0.3633614627,
    "researchAndDevelopmentExpenses": 0,
    "generalAndAdministrativeExpenses": 0,
    "sellingAndMarketingExpenses": 0,
    "sellingGeneralAndAdministrativeExpenses": 236100000,
    "otherExpenses": 66500000,
    "operatingExpenses": 302600000,
    "costAndExpenses": 1207900000,
    "interestIncome": 0,
    "interestExpense": 0,
    "depreciationAndAmortization": 66500000,
    "ebitda": 280600000,
    "ebitdaratio": 0.1973277075,
    "operatingIncome": 214100000,
    "operatingIncomeRatio": 0.1505625879,
    "totalOtherIncomeExpensesNet": -6700000,
    "incomeBeforeTax": 207400000,
    "incomeBeforeTaxRatio": 0.1458509142,
    "incomeTaxExpense": 87100000,
    "netIncome": 120300000,
    "netIncomeRatio": 0.0845991561,
    "eps": 0.81,
    "epsdiluted": 0.81,
    "weightedAverageShsOut": 148608000,
    "weightedAverageShsOutDil": 148608000,
    "link": "https://www.sec.gov/Archives/edgar/data/33185/000093176395000052/0000931763-95-000052-index.html",
    "finalLink": "https://www.sec.gov/Archives/edgar/data/33185/"
  },
  {
    "date": "1993-12-31",
    "symbol": "EFX",
    "reportedCurrency": "USD",
    "cik": "0000033185",
    "fillingDate": "1993-12-31",
    "acceptedDate": "1993-12-31 00:00:00",
    "calendarYear": "1993",
    "period": "FY",
    "revenue": 1217200000,
    "costOfRevenue": 725500000,
    "grossProfit": 491700000,
    "grossProfitRatio": 0.403959908,
    "researchAndDevelopmentExpenses": 0,
    "generalAndAdministrativeExpenses": 0,
    "sellingAndMarketingExpenses": 0,
    "sellingGeneralAndAdministrativeExpenses": 317700000,
    "otherExpenses": 54900000,
    "operatingExpenses": 372600000,
    "costAndExpenses": 1098100000,
    "interestIncome": 0,
    "interestExpense": 0,
    "depreciationAndAmortization": 54900000,
    "ebitda": 174000000,
    "ebitdaratio": 0.1429510352,
    "operatingIncome": 119100000,
    "operatingIncomeRatio": 0.0978475189,
    "totalOtherIncomeExpensesNet": -7100000,
    "incomeBeforeTax": 112000000,
    "incomeBeforeTaxRatio": 0.0920144594,
    "incomeTaxExpense": 48500000,
    "netIncome": 63500000,
    "netIncomeRatio": 0.0521689123,
    "eps": 0.43,
    "epsdiluted": 0.42,
    "weightedAverageShsOut": 147674419,
    "weightedAverageShsOutDil": 151190476,
    "link": null,
    "finalLink": null
  },
  {
    "date": "1992-12-31",
    "symbol": "EFX",
    "reportedCurrency": "USD",
    "cik": "0000033185",
    "fillingDate": "1992-12-31",
    "acceptedDate": "1992-12-31 00:00:00",
    "calendarYear": "1992",
    "period": "FY",
    "revenue": 1134300000,
    "costOfRevenue": 679900000,
    "grossProfit": 454400000,
    "grossProfitRatio": 0.4005994887,
    "researchAndDevelopmentExpenses": 0,
    "generalAndAdministrativeExpenses": 0,
    "sellingAndMarketingExpenses": 0,
    "sellingGeneralAndAdministrativeExpenses": 259300000,
    "otherExpenses": 53800000,
    "operatingExpenses": 313100000,
    "costAndExpenses": 993000000,
    "interestIncome": 0,
    "interestExpense": 0,
    "depreciationAndAmortization": 53800000,
    "ebitda": 195100000,
    "ebitdaratio": 0.1720003526,
    "operatingIncome": 141300000,
    "operatingIncomeRatio": 0.1245702195,
    "totalOtherIncomeExpensesNet": 3400000,
    "incomeBeforeTax": 144700000,
    "incomeBeforeTaxRatio": 0.1275676629,
    "incomeTaxExpense": 59400000,
    "netIncome": 85300000,
    "netIncomeRatio": 0.0752005642,
    "eps": 0.52,
    "epsdiluted": 0.52,
    "weightedAverageShsOut": 164038462,
    "weightedAverageShsOutDil": 164038462,
    "link": null,
    "finalLink": null
  },
  {
    "date": "1991-12-31",
    "symbol": "EFX",
    "reportedCurrency": "USD",
    "cik": "0000033185",
    "fillingDate": "1991-12-31",
    "acceptedDate": "1991-12-31 00:00:00",
    "calendarYear": "1991",
    "period": "FY",
    "revenue": 1093800000,
    "costOfRevenue": 658000000,
    "grossProfit": 435800000,
    "grossProfitRatio": 0.3984275005,
    "researchAndDevelopmentExpenses": 0,
    "generalAndAdministrativeExpenses": 0,
    "sellingAndMarketingExpenses": 0,
    "sellingGeneralAndAdministrativeExpenses": 287300000,
    "otherExpenses": 55900000,
    "operatingExpenses": 343200000,
    "costAndExpenses": 1001200000,
    "interestIncome": 0,
    "interestExpense": 0,
    "depreciationAndAmortization": 55900000,
    "ebitda": 148500000,
    "ebitdaratio": 0.1357652222,
    "operatingIncome": 92600000,
    "operatingIncomeRatio": 0.084658987,
    "totalOtherIncomeExpensesNet": 900000,
    "incomeBeforeTax": 93500000,
    "incomeBeforeTaxRatio": 0.0854818065,
    "incomeTaxExpense": 39400000,
    "netIncome": 54100000,
    "netIncomeRatio": 0.0494605961,
    "eps": 0.33,
    "epsdiluted": 0.33,
    "weightedAverageShsOut": 163939394,
    "weightedAverageShsOutDil": 163939394,
    "link": null,
    "finalLink": null
  },
  {
    "date": "1990-12-31",
    "symbol": "EFX",
    "reportedCurrency": "USD",
    "cik": "0000033185",
    "fillingDate": "1990-12-31",
    "acceptedDate": "1990-12-31 00:00:00",
    "calendarYear": "1990",
    "period": "FY",
    "revenue": 1078800000,
    "costOfRevenue": 655300000,
    "grossProfit": 423500000,
    "grossProfitRatio": 0.3925658139,
    "researchAndDevelopmentExpenses": 0,
    "generalAndAdministrativeExpenses": 0,
    "sellingAndMarketingExpenses": 0,
    "sellingGeneralAndAdministrativeExpenses": 255100000,
    "otherExpenses": 53400000,
    "operatingExpenses": 308500000,
    "costAndExpenses": 963800000,
    "interestIncome": 0,
    "interestExpense": 0,
    "depreciationAndAmortization": 53400000,
    "ebitda": 168400000,
    "ebitdaratio": 0.1560993697,
    "operatingIncome": 115000000,
    "operatingIncomeRatio": 0.1065999258,
    "totalOtherIncomeExpensesNet": -2200000,
    "incomeBeforeTax": 112800000,
    "incomeBeforeTaxRatio": 0.1045606229,
    "incomeTaxExpense": 48900000,
    "netIncome": 63900000,
    "netIncomeRatio": 0.0592324805,
    "eps": 0.68,
    "epsdiluted": 0.68,
    "weightedAverageShsOut": 93846154,
    "weightedAverageShsOutDil": 93846154,
    "link": null,
    "finalLink": null
  },
  {
    "date": "1989-12-31",
    "symbol": "EFX",
    "reportedCurrency": "USD",
    "cik": "0000033185",
    "fillingDate": "1989-12-31",
    "acceptedDate": "1989-12-31 00:00:00",
    "calendarYear": "1989",
    "period": "FY",
    "revenue": 840300000,
    "costOfRevenue": 526300000,
    "grossProfit": 314000000,
    "grossProfitRatio": 0.3736760681,
    "researchAndDevelopmentExpenses": 0,
    "generalAndAdministrativeExpenses": 0,
    "sellingAndMarketingExpenses": 0,
    "sellingGeneralAndAdministrativeExpenses": 204000000,
    "otherExpenses": 43000000,
    "operatingExpenses": 247000000,
    "costAndExpenses": 773300000,
    "interestIncome": 0,
    "interestExpense": 0,
    "depreciationAndAmortization": 43000000,
    "ebitda": 110000000,
    "ebitdaratio": 0.1309056289,
    "operatingIncome": 67000000,
    "operatingIncomeRatio": 0.0797334285,
    "totalOtherIncomeExpensesNet": -6900000,
    "incomeBeforeTax": 60100000,
    "incomeBeforeTaxRatio": 0.0715220754,
    "incomeTaxExpense": 24400000,
    "netIncome": 35700000,
    "netIncomeRatio": 0.0424848268,
    "eps": 0.37,
    "epsdiluted": 0.37,
    "weightedAverageShsOut": 96486486,
    "weightedAverageShsOutDil": 96486486,
    "link": null,
    "finalLink": null
  },
  {
    "date": "1988-12-31",
    "symbol": "EFX",
    "reportedCurrency": "USD",
    "cik": "0000033185",
    "fillingDate": "1988-12-31",
    "acceptedDate": "1988-12-30 19:00:00",
    "calendarYear": "1988",
    "period": "FY",
    "revenue": 743100000,
    "costOfRevenue": 501300000,
    "grossProfit": 241800000,
    "grossProfitRatio": 0.3253936213,
    "researchAndDevelopmentExpenses": 0,
    "generalAndAdministrativeExpenses": 0,
    "sellingAndMarketingExpenses": 0,
    "sellingGeneralAndAdministrativeExpenses": 152000000,
    "otherExpenses": 29700000,
    "operatingExpenses": 181700000,
    "costAndExpenses": 683000000,
    "interestIncome": 0,
    "interestExpense": 0,
    "depreciationAndAmortization": 29700000,
    "ebitda": 89800000,
    "ebitdaratio": 0.1208451083,
    "operatingIncome": 60100000,
    "operatingIncomeRatio": 0.0808774055,
    "totalOtherIncomeExpensesNet": -2000000,
    "incomeBeforeTax": 58100000,
    "incomeBeforeTaxRatio": 0.0781859777,
    "incomeTaxExpense": 24100000,
    "netIncome": 34000000,
    "netIncomeRatio": 0.0457542726,
    "eps": 0.37,
    "epsdiluted": 0.37,
    "weightedAverageShsOut": 91891892,
    "weightedAverageShsOutDil": 91891892,
    "link": "",
    "finalLink": ""
  },
  {
    "date": "1987-12-31",
    "symbol": "EFX",
    "reportedCurrency": "USD",
    "cik": "0000033185",
    "fillingDate": "1987-12-31",
    "acceptedDate": "1987-12-30 19:00:00",
    "calendarYear": "1987",
    "period": "FY",
    "revenue": 670000000,
    "costOfRevenue": 448800000,
    "grossProfit": 221200000,
    "grossProfitRatio": 0.3301492537,
    "researchAndDevelopmentExpenses": 0,
    "generalAndAdministrativeExpenses": 0,
    "sellingAndMarketingExpenses": 0,
    "sellingGeneralAndAdministrativeExpenses": 136400000,
    "otherExpenses": 26700000,
    "operatingExpenses": 163100000,
    "costAndExpenses": 611900000,
    "interestIncome": 0,
    "interestExpense": 0,
    "depreciationAndAmortization": 26700000,
    "ebitda": 84800000,
    "ebitdaratio": 0.1265671642,
    "operatingIncome": 58100000,
    "operatingIncomeRatio": 0.0867164179,
    "totalOtherIncomeExpensesNet": -1700000,
    "incomeBeforeTax": 56400000,
    "incomeBeforeTaxRatio": 0.0841791045,
    "incomeTaxExpense": 25800000,
    "netIncome": 30600000,
    "netIncomeRatio": 0.0456716418,
    "eps": 0.36,
    "epsdiluted": 0.36,
    "weightedAverageShsOut": 85000000,
    "weightedAverageShsOutDil": 85000000,
    "link": "",
    "finalLink": ""
  },
  {
    "date": "1986-12-31",
    "symbol": "EFX",
    "reportedCurrency": "USD",
    "cik": "0000033185",
    "fillingDate": "1986-12-31",
    "acceptedDate": "1986-12-30 19:00:00",
    "calendarYear": "1986",
    "period": "FY",
    "revenue": 635100000,
    "costOfRevenue": 441500000,
    "grossProfit": 193600000,
    "grossProfitRatio": 0.3048338844,
    "researchAndDevelopmentExpenses": 0,
    "generalAndAdministrativeExpenses": 0,
    "sellingAndMarketingExpenses": 0,
    "sellingGeneralAndAdministrativeExpenses": 124800000,
    "otherExpenses": 20100000,
    "operatingExpenses": 144900000,
    "costAndExpenses": 586400000,
    "interestIncome": 0,
    "interestExpense": 0,
    "depreciationAndAmortization": 20100000,
    "ebitda": 68800000,
    "ebitdaratio": 0.1083293969,
    "operatingIncome": 48700000,
    "operatingIncomeRatio": 0.0766808377,
    "totalOtherIncomeExpensesNet": -2100000,
    "incomeBeforeTax": 46600000,
    "incomeBeforeTaxRatio": 0.0733742718,
    "incomeTaxExpense": 21000000,
    "netIncome": 25600000,
    "netIncomeRatio": 0.0403086128,
    "eps": 0.3,
    "epsdiluted": 0.3,
    "weightedAverageShsOut": 85333333,
    "weightedAverageShsOutDil": 85333333,
    "link": "",
    "finalLink": ""
  },
  {
    "date": "1985-12-31",
    "symbol": "EFX",
    "reportedCurrency": "USD",
    "cik": "0000033185",
    "fillingDate": "1985-12-31",
    "acceptedDate": "1985-12-30 19:00:00",
    "calendarYear": "1985",
    "period": "FY",
    "revenue": 564300000,
    "costOfRevenue": 401100000,
    "grossProfit": 163200000,
    "grossProfitRatio": 0.2892078682,
    "researchAndDevelopmentExpenses": 0,
    "generalAndAdministrativeExpenses": 0,
    "sellingAndMarketingExpenses": 0,
    "sellingGeneralAndAdministrativeExpenses": 106300000,
    "otherExpenses": 15200000,
    "operatingExpenses": 121500000,
    "costAndExpenses": 522600000,
    "interestIncome": 0,
    "interestExpense": 0,
    "depreciationAndAmortization": 15200000,
    "ebitda": 56900000,
    "ebitdaratio": 0.1008328903,
    "operatingIncome": 41700000,
    "operatingIncomeRatio": 0.0738968634,
    "totalOtherIncomeExpensesNet": -1400000,
    "incomeBeforeTax": 40300000,
    "incomeBeforeTaxRatio": 0.0714159135,
    "incomeTaxExpense": 17900000,
    "netIncome": 18300000,
    "netIncomeRatio": 0.0324295587,
    "eps": 0.22,
    "epsdiluted": 0.22,
    "weightedAverageShsOut": 83181818,
    "weightedAverageShsOutDil": 83181818,
    "link": "",
    "finalLink": ""
  }
]