[
  {
    "date": "2025-06-30",
    "symbol": "EG",
    "reportedCurrency": "USD",
    "cik": "0001095073",
    "fillingDate": "2025-08-01",
    "acceptedDate": "2025-08-01 16:34:07",
    "calendarYear": "2025",
    "period": "Q2",
    "revenue": 4404000000,
    "costOfRevenue": 2472000000,
    "grossProfit": 1932000000,
    "grossProfitRatio": 0.4386920981,
    "researchAndDevelopmentExpenses": 0,
    "generalAndAdministrativeExpenses": 0,
    "sellingAndMarketingExpenses": 0,
    "sellingGeneralAndAdministrativeExpenses": 0,
    "otherExpenses": 1117000000,
    "operatingExpenses": 1117000000,
    "costAndExpenses": 3589000000,
    "interestIncome": 2000000,
    "interestExpense": 38000000,
    "depreciationAndAmortization": 0,
    "ebitda": 853000000,
    "ebitdaratio": 0.1936875568,
    "operatingIncome": 853000000,
    "operatingIncomeRatio": 0.1936875568,
    "totalOtherIncomeExpensesNet": -38000000,
    "incomeBeforeTax": 815000000,
    "incomeBeforeTaxRatio": 0.1850590372,
    "incomeTaxExpense": 135000000,
    "netIncome": 680000000,
    "netIncomeRatio": 0.1544050863,
    "eps": 16.1,
    "epsdiluted": 16.1,
    "weightedAverageShsOut": 42236025,
    "weightedAverageShsOutDil": 42236025,
    "link": "https://www.sec.gov/Archives/edgar/data/1095073/000109507325000061/0001095073-25-000061-index.htm",
    "finalLink": "https://www.sec.gov/Archives/edgar/data/1095073/000109507325000061/eg-20250630.htm"
  },
  {
    "date": "2025-03-31",
    "symbol": "EG",
    "reportedCurrency": "USD",
    "cik": "0001095073",
    "fillingDate": "2025-05-02",
    "acceptedDate": "2025-05-02 16:25:29",
    "calendarYear": "2025",
    "period": "Q1",
    "revenue": 4238000000,
    "costOfRevenue": 2893000000,
    "grossProfit": 1345000000,
    "grossProfitRatio": 0.3173666824,
    "researchAndDevelopmentExpenses": 0,
    "generalAndAdministrativeExpenses": 0,
    "sellingAndMarketingExpenses": 0,
    "sellingGeneralAndAdministrativeExpenses": 0,
    "otherExpenses": 1096000000,
    "operatingExpenses": 1096000000,
    "costAndExpenses": 3989000000,
    "interestIncome": 0,
    "interestExpense": 38000000,
    "depreciationAndAmortization": 0,
    "ebitda": 286000000,
    "ebitdaratio": 0.0674846626,
    "operatingIncome": 286000000,
    "operatingIncomeRatio": 0.0674846626,
    "totalOtherIncomeExpensesNet": -38000000,
    "incomeBeforeTax": 249000000,
    "incomeBeforeTaxRatio": 0.0587541293,
    "incomeTaxExpense": 39000000,
    "netIncome": 210000000,
    "netIncomeRatio": 0.0495516753,
    "eps": 4.9,
    "epsdiluted": 4.9,
    "weightedAverageShsOut": 42700000,
    "weightedAverageShsOutDil": 42700000,
    "link": "https://www.sec.gov/Archives/edgar/data/1095073/000109507325000042/0001095073-25-000042-index.htm",
    "finalLink": "https://www.sec.gov/Archives/edgar/data/1095073/000109507325000042/eg-20250331.htm"
  },
  {
    "date": "2024-12-31",
    "symbol": "EG",
    "reportedCurrency": "USD",
    "cik": "0001095073",
    "fillingDate": "2025-02-27",
    "acceptedDate": "2025-02-27 16:53:29",
    "calendarYear": "2024",
    "period": "Q4",
    "revenue": 4614000000,
    "costOfRevenue": 4173000000,
    "grossProfit": 441000000,
    "grossProfitRatio": 0.0955786736,
    "researchAndDevelopmentExpenses": 0,
    "generalAndAdministrativeExpenses": 0,
    "sellingAndMarketingExpenses": 0,
    "sellingGeneralAndAdministrativeExpenses": 0,
    "otherExpenses": 1186000000,
    "operatingExpenses": 1186000000,
    "costAndExpenses": 5359000000,
    "interestIncome": 0,
    "interestExpense": 37000000,
    "depreciationAndAmortization": 0,
    "ebitda": -711000000,
    "ebitdaratio": -0.1540962289,
    "operatingIncome": -711000000,
    "operatingIncomeRatio": -0.1540962289,
    "totalOtherIncomeExpensesNet": -37000000,
    "incomeBeforeTax": -748000000,
    "incomeBeforeTaxRatio": -0.1621153013,
    "incomeTaxExpense": -155000000,
    "netIncome": -593000000,
    "netIncomeRatio": -0.1285218899,
    "eps": -13.96,
    "epsdiluted": -13.96,
    "weightedAverageShsOut": 42700000,
    "weightedAverageShsOutDil": 42700000,
    "link": null,
    "finalLink": null
  },
  {
    "date": "2024-09-30",
    "symbol": "EG",
    "reportedCurrency": "USD",
    "cik": "0001095073",
    "fillingDate": "2024-11-05",
    "acceptedDate": "2024-11-05 16:19:48",
    "calendarYear": "2024",
    "period": "Q3",
    "revenue": 4251000000,
    "costOfRevenue": 2584000000,
    "grossProfit": 1667000000,
    "grossProfitRatio": 0.3921430252,
    "researchAndDevelopmentExpenses": 0,
    "generalAndAdministrativeExpenses": 0,
    "sellingAndMarketingExpenses": 0,
    "sellingGeneralAndAdministrativeExpenses": 0,
    "otherExpenses": 1089000000,
    "operatingExpenses": 1089000000,
    "costAndExpenses": 3673000000,
    "interestIncome": 0,
    "interestExpense": 38000000,
    "depreciationAndAmortization": 0,
    "ebitda": 615000000,
    "ebitdaratio": 0.1446718419,
    "operatingIncome": 615000000,
    "operatingIncomeRatio": 0.1446718419,
    "totalOtherIncomeExpensesNet": -38000000,
    "incomeBeforeTax": 577000000,
    "incomeBeforeTaxRatio": 0.1357327688,
    "incomeTaxExpense": 68000000,
    "netIncome": 509000000,
    "netIncomeRatio": 0.1197365326,
    "eps": 11.8,
    "epsdiluted": 11.8,
    "weightedAverageShsOut": 42600000,
    "weightedAverageShsOutDil": 42600000,
    "link": "https://www.sec.gov/Archives/edgar/data/1095073/000109507324000046/0001095073-24-000046-index.htm",
    "finalLink": "https://www.sec.gov/Archives/edgar/data/1095073/000109507324000046/eg-20240930.htm"
  },
  {
    "date": "2024-06-30",
    "symbol": "EG",
    "reportedCurrency": "USD",
    "cik": "0001095073",
    "fillingDate": "2024-08-02",
    "acceptedDate": "2024-08-02 16:18:24",
    "calendarYear": "2024",
    "period": "Q2",
    "revenue": 4133000000,
    "costOfRevenue": 2311000000,
    "grossProfit": 1822000000,
    "grossProfitRatio": 0.4408420034,
    "researchAndDevelopmentExpenses": 0,
    "generalAndAdministrativeExpenses": 0,
    "sellingAndMarketingExpenses": 0,
    "sellingGeneralAndAdministrativeExpenses": 0,
    "otherExpenses": 989000000,
    "operatingExpenses": 989000000,
    "costAndExpenses": 3300000000,
    "interestIncome": 0,
    "interestExpense": 37000000,
    "depreciationAndAmortization": 0,
    "ebitda": 869000000,
    "ebitdaratio": 0.2102588918,
    "operatingIncome": 869000000,
    "operatingIncomeRatio": 0.2102588918,
    "totalOtherIncomeExpensesNet": -37000000,
    "incomeBeforeTax": 832000000,
    "incomeBeforeTaxRatio": 0.201306557,
    "incomeTaxExpense": 108000000,
    "netIncome": 724000000,
    "netIncomeRatio": 0.1751754174,
    "eps": 16.71,
    "epsdiluted": 16.7,
    "weightedAverageShsOut": 42800000,
    "weightedAverageShsOutDil": 42800000,
    "link": "https://www.sec.gov/Archives/edgar/data/1095073/000109507324000037/0001095073-24-000037-index.htm",
    "finalLink": "https://www.sec.gov/Archives/edgar/data/1095073/000109507324000037/eg-20240630.htm"
  },
  {
    "date": "2024-03-31",
    "symbol": "EG",
    "reportedCurrency": "USD",
    "cik": "0001095073",
    "fillingDate": "2024-05-03",
    "acceptedDate": "2024-05-03 16:20:33",
    "calendarYear": "2024",
    "period": "Q1",
    "revenue": 4080000000,
    "costOfRevenue": 2237000000,
    "grossProfit": 1843000000,
    "grossProfitRatio": 0.4517156863,
    "researchAndDevelopmentExpenses": 0,
    "generalAndAdministrativeExpenses": 0,
    "sellingAndMarketingExpenses": 0,
    "sellingGeneralAndAdministrativeExpenses": 0,
    "otherExpenses": 1011000000,
    "operatingExpenses": 1011000000,
    "costAndExpenses": 3248000000,
    "interestIncome": 0,
    "interestExpense": 37000000,
    "depreciationAndAmortization": 0,
    "ebitda": 869000000,
    "ebitdaratio": 0.2129901961,
    "operatingIncome": 869000000,
    "operatingIncomeRatio": 0.2129901961,
    "totalOtherIncomeExpensesNet": -37000000,
    "incomeBeforeTax": 832000000,
    "incomeBeforeTaxRatio": 0.2039215686,
    "incomeTaxExpense": 99000000,
    "netIncome": 733000000,
    "netIncomeRatio": 0.1796568627,
    "eps": 16.87,
    "epsdiluted": 16.87,
    "weightedAverageShsOut": 42900000,
    "weightedAverageShsOutDil": 42900000,
    "link": "https://www.sec.gov/Archives/edgar/data/1095073/000109507324000027/0001095073-24-000027-index.htm",
    "finalLink": "https://www.sec.gov/Archives/edgar/data/1095073/000109507324000027/eg-20240331.htm"
  },
  {
    "date": "2023-12-31",
    "symbol": "EG",
    "reportedCurrency": "USD",
    "cik": "0001095073",
    "fillingDate": "2023-12-31",
    "acceptedDate": "2023-12-29 19:00:00",
    "calendarYear": "2023",
    "period": "Q4",
    "revenue": 3656000000,
    "costOfRevenue": 3107000000,
    "grossProfit": 549000000,
    "grossProfitRatio": 0.1501641138,
    "researchAndDevelopmentExpenses": 0,
    "generalAndAdministrativeExpenses": 0,
    "sellingAndMarketingExpenses": 0,
    "sellingGeneralAndAdministrativeExpenses": 0,
    "otherExpenses": 279000000,
    "operatingExpenses": 279000000,
    "costAndExpenses": 3386000000,
    "interestIncome": 0,
    "interestExpense": 35000000,
    "depreciationAndAmortization": 0,
    "ebitda": 306000000,
    "ebitdaratio": 0.0836980306,
    "operatingIncome": 270000000,
    "operatingIncomeRatio": 0.0738512035,
    "totalOtherIncomeExpensesNet": 1000000,
    "incomeBeforeTax": 272000000,
    "incomeBeforeTaxRatio": 0.0743982495,
    "incomeTaxExpense": -532000000,
    "netIncome": 804000000,
    "netIncomeRatio": 0.2199124726,
    "eps": 18.53,
    "epsdiluted": 18.53,
    "weightedAverageShsOut": 43400000,
    "weightedAverageShsOutDil": 43400000,
    "link": null,
    "finalLink": null
  },
  {
    "date": "2023-09-30",
    "symbol": "EG",
    "reportedCurrency": "USD",
    "cik": "0001095073",
    "fillingDate": "2023-09-30",
    "acceptedDate": "2023-09-29 20:00:00",
    "calendarYear": "2023",
    "period": "Q3",
    "revenue": 3992000000,
    "costOfRevenue": 2998000000,
    "grossProfit": 994000000,
    "grossProfitRatio": 0.248997996,
    "researchAndDevelopmentExpenses": 0,
    "generalAndAdministrativeExpenses": 0,
    "sellingAndMarketingExpenses": 0,
    "sellingGeneralAndAdministrativeExpenses": 0,
    "otherExpenses": 268000000,
    "operatingExpenses": 268000000,
    "costAndExpenses": 3266000000,
    "interestIncome": 0,
    "interestExpense": 34000000,
    "depreciationAndAmortization": 0,
    "ebitda": 759000000,
    "ebitdaratio": 0.1901302605,
    "operatingIncome": 726000000,
    "operatingIncomeRatio": 0.1818637275,
    "totalOtherIncomeExpensesNet": -1000000,
    "incomeBeforeTax": 725000000,
    "incomeBeforeTaxRatio": 0.1816132265,
    "incomeTaxExpense": 47000000,
    "netIncome": 678000000,
    "netIncomeRatio": 0.1698396794,
    "eps": 15.64,
    "epsdiluted": 15.64,
    "weightedAverageShsOut": 42900000,
    "weightedAverageShsOutDil": 42900000,
    "link": null,
    "finalLink": null
  },
  {
    "date": "2023-06-30",
    "symbol": "EG",
    "reportedCurrency": "USD",
    "cik": "0001095073",
    "fillingDate": "2023-06-30",
    "acceptedDate": "2023-06-30 00:00:00",
    "calendarYear": "2023",
    "period": "Q2",
    "revenue": 3652000000,
    "costOfRevenue": 2646000000,
    "grossProfit": 1006000000,
    "grossProfitRatio": 0.2754654984,
    "researchAndDevelopmentExpenses": 0,
    "generalAndAdministrativeExpenses": 0,
    "sellingAndMarketingExpenses": 0,
    "sellingGeneralAndAdministrativeExpenses": 0,
    "otherExpenses": 255000000,
    "operatingExpenses": 255000000,
    "costAndExpenses": 2901000000,
    "interestIncome": 0,
    "interestExpense": 33000000,
    "depreciationAndAmortization": 0,
    "ebitda": 783000000,
    "ebitdaratio": 0.2144030668,
    "operatingIncome": 751000000,
    "operatingIncomeRatio": 0.2056407448,
    "totalOtherIncomeExpensesNet": -1000000,
    "incomeBeforeTax": 750000000,
    "incomeBeforeTaxRatio": 0.2053669222,
    "incomeTaxExpense": 80000000,
    "netIncome": 670000000,
    "netIncomeRatio": 0.1834611172,
    "eps": 16.27,
    "epsdiluted": 16.27,
    "weightedAverageShsOut": 40700000,
    "weightedAverageShsOutDil": 40700000,
    "link": null,
    "finalLink": null
  },
  {
    "date": "2023-03-31",
    "symbol": "EG",
    "reportedCurrency": "USD",
    "cik": "0001095073",
    "fillingDate": "2023-03-31",
    "acceptedDate": "2023-03-31 00:00:00",
    "calendarYear": "2023",
    "period": "Q1",
    "revenue": 3286000000,
    "costOfRevenue": 2627000000,
    "grossProfit": 659000000,
    "grossProfitRatio": 0.2005477785,
    "researchAndDevelopmentExpenses": 0,
    "generalAndAdministrativeExpenses": 19000000,
    "sellingAndMarketingExpenses": 0,
    "sellingGeneralAndAdministrativeExpenses": 19000000,
    "otherExpenses": 232000000,
    "operatingExpenses": 251000000,
    "costAndExpenses": 2878000000,
    "interestIncome": 0,
    "interestExpense": 32000000,
    "depreciationAndAmortization": 0,
    "ebitda": 440000000,
    "ebitdaratio": 0.1339013999,
    "operatingIncome": 408000000,
    "operatingIncomeRatio": 0.1241631163,
    "totalOtherIncomeExpensesNet": 0,
    "incomeBeforeTax": 408000000,
    "incomeBeforeTaxRatio": 0.1241631163,
    "incomeTaxExpense": 43000000,
    "netIncome": 365000000,
    "netIncomeRatio": 0.1110772976,
    "eps": 9.3,
    "epsdiluted": 9.3,
    "weightedAverageShsOut": 38700000,
    "weightedAverageShsOutDil": 38700000,
    "link": null,
    "finalLink": null
  },
  {
    "date": "2022-12-31",
    "symbol": "EG",
    "reportedCurrency": "USD",
    "cik": "0001095073",
    "fillingDate": "2022-12-31",
    "acceptedDate": "2022-12-31 00:00:00",
    "calendarYear": "2022",
    "period": "Q4",
    "revenue": 3255000000,
    "costOfRevenue": 2462000000,
    "grossProfit": 793000000,
    "grossProfitRatio": 0.243625192,
    "researchAndDevelopmentExpenses": 0,
    "generalAndAdministrativeExpenses": 16000000,
    "sellingAndMarketingExpenses": 0,
    "sellingGeneralAndAdministrativeExpenses": 16000000,
    "otherExpenses": 209000000,
    "operatingExpenses": 225000000,
    "costAndExpenses": 2687000000,
    "interestIncome": 0,
    "interestExpense": 27000000,
    "depreciationAndAmortization": 0,
    "ebitda": 595000000,
    "ebitdaratio": 0.1827956989,
    "operatingIncome": 568000000,
    "operatingIncomeRatio": 0.174500768,
    "totalOtherIncomeExpensesNet": 0,
    "incomeBeforeTax": 568000000,
    "incomeBeforeTaxRatio": 0.174500768,
    "incomeTaxExpense": 72000000,
    "netIncome": 496000000,
    "netIncomeRatio": 0.1523809524,
    "eps": 12.72,
    "epsdiluted": 12.72,
    "weightedAverageShsOut": 39000000,
    "weightedAverageShsOutDil": 39000000,
    "link": null,
    "finalLink": null
  },
  {
    "date": "2022-09-30",
    "symbol": "EG",
    "reportedCurrency": "USD",
    "cik": "0001095073",
    "fillingDate": "2022-09-30",
    "acceptedDate": "2022-09-30 00:00:00",
    "calendarYear": "2022",
    "period": "Q3",
    "revenue": 3073000000,
    "costOfRevenue": 3264000000,
    "grossProfit": -191000000,
    "grossProfitRatio": -0.0621542467,
    "researchAndDevelopmentExpenses": 0,
    "generalAndAdministrativeExpenses": 16000000,
    "sellingAndMarketingExpenses": 0,
    "sellingGeneralAndAdministrativeExpenses": 16000000,
    "otherExpenses": 194000000,
    "operatingExpenses": 210000000,
    "costAndExpenses": 3474000000,
    "interestIncome": 0,
    "interestExpense": 25000000,
    "depreciationAndAmortization": 0,
    "ebitda": -376000000,
    "ebitdaratio": -0.1223560039,
    "operatingIncome": -401000000,
    "operatingIncomeRatio": -0.1304913765,
    "totalOtherIncomeExpensesNet": 0,
    "incomeBeforeTax": -401000000,
    "incomeBeforeTaxRatio": -0.1304913765,
    "incomeTaxExpense": -82000000,
    "netIncome": -319000000,
    "netIncomeRatio": -0.1038073544,
    "eps": -8.22,
    "epsdiluted": -8.22,
    "weightedAverageShsOut": 38800000,
    "weightedAverageShsOutDil": 38800000,
    "link": null,
    "finalLink": null
  },
  {
    "date": "2022-06-30",
    "symbol": "EG",
    "reportedCurrency": "USD",
    "cik": "0001095073",
    "fillingDate": "2022-06-30",
    "acceptedDate": "2022-06-30 00:00:00",
    "calendarYear": "2022",
    "period": "Q2",
    "revenue": 2837000000,
    "costOfRevenue": 2506000000,
    "grossProfit": 331000000,
    "grossProfitRatio": 0.1166725414,
    "researchAndDevelopmentExpenses": 0,
    "generalAndAdministrativeExpenses": 15018000,
    "sellingAndMarketingExpenses": 0,
    "sellingGeneralAndAdministrativeExpenses": 15018000,
    "otherExpenses": 193982000,
    "operatingExpenses": 209000000,
    "costAndExpenses": 2715000000,
    "interestIncome": 1000000,
    "interestExpense": 24000000,
    "depreciationAndAmortization": 0,
    "ebitda": 143000000,
    "ebitdaratio": 0.0504053578,
    "operatingIncome": 122000000,
    "operatingIncomeRatio": 0.0430031724,
    "totalOtherIncomeExpensesNet": -3000000,
    "incomeBeforeTax": 119000000,
    "incomeBeforeTaxRatio": 0.0419457173,
    "incomeTaxExpense": -3000000,
    "netIncome": 122000000,
    "netIncomeRatio": 0.0430031724,
    "eps": 3.15,
    "epsdiluted": 3.11,
    "weightedAverageShsOut": 38900000,
    "weightedAverageShsOutDil": 39430000,
    "link": null,
    "finalLink": null
  },
  {
    "date": "2022-03-31",
    "symbol": "EG",
    "reportedCurrency": "USD",
    "cik": "0001095073",
    "fillingDate": "2022-03-31",
    "acceptedDate": "2022-03-31 00:00:00",
    "calendarYear": "2022",
    "period": "Q1",
    "revenue": 2896000000,
    "costOfRevenue": 2395000000,
    "grossProfit": 501000000,
    "grossProfitRatio": 0.1729972376,
    "researchAndDevelopmentExpenses": 0,
    "generalAndAdministrativeExpenses": 14000000,
    "sellingAndMarketingExpenses": 0,
    "sellingGeneralAndAdministrativeExpenses": 14000000,
    "otherExpenses": 185000000,
    "operatingExpenses": 199000000,
    "costAndExpenses": 2594000000,
    "interestIncome": 0,
    "interestExpense": 24000000,
    "depreciationAndAmortization": 0,
    "ebitda": 326000000,
    "ebitdaratio": 0.1125690608,
    "operatingIncome": 302000000,
    "operatingIncomeRatio": 0.104281768,
    "totalOtherIncomeExpensesNet": 0,
    "incomeBeforeTax": 302000000,
    "incomeBeforeTaxRatio": 0.104281768,
    "incomeTaxExpense": 4000000,
    "netIncome": 298000000,
    "netIncomeRatio": 0.1029005525,
    "eps": 7.67,
    "epsdiluted": 7.67,
    "weightedAverageShsOut": 38800000,
    "weightedAverageShsOutDil": 38800000,
    "link": null,
    "finalLink": null
  },
  {
    "date": "2021-12-31",
    "symbol": "EG",
    "reportedCurrency": "USD",
    "cik": "0001095073",
    "fillingDate": "2021-12-31",
    "acceptedDate": "2021-12-31 00:00:00",
    "calendarYear": "2021",
    "period": "Q4",
    "revenue": 3120377000,
    "costOfRevenue": 2417063000,
    "grossProfit": 703314000,
    "grossProfitRatio": 0.2253939187,
    "researchAndDevelopmentExpenses": 0,
    "generalAndAdministrativeExpenses": 21454000,
    "sellingAndMarketingExpenses": 0,
    "sellingGeneralAndAdministrativeExpenses": 21464000,
    "otherExpenses": 181786000,
    "operatingExpenses": 203250000,
    "costAndExpenses": 2620313000,
    "interestIncome": 0,
    "interestExpense": 23364000,
    "depreciationAndAmortization": 0,
    "ebitda": 523428000,
    "ebitdaratio": 0.1677451154,
    "operatingIncome": 500064000,
    "operatingIncomeRatio": 0.1602575586,
    "totalOtherIncomeExpensesNet": 0,
    "incomeBeforeTax": 500064000,
    "incomeBeforeTaxRatio": 0.1602575586,
    "incomeTaxExpense": 69357000,
    "netIncome": 430707000,
    "netIncomeRatio": 0.1380304367,
    "eps": 11,
    "epsdiluted": 10.99,
    "weightedAverageShsOut": 39161000,
    "weightedAverageShsOutDil": 39197000,
    "link": null,
    "finalLink": null
  },
  {
    "date": "2021-09-30",
    "symbol": "EG",
    "reportedCurrency": "USD",
    "cik": "0001095073",
    "fillingDate": "2021-09-30",
    "acceptedDate": "2021-09-30 00:00:00",
    "calendarYear": "2021",
    "period": "Q3",
    "revenue": 2925000000,
    "costOfRevenue": 2838000000,
    "grossProfit": 87000000,
    "grossProfitRatio": 0.0297435897,
    "researchAndDevelopmentExpenses": 0,
    "generalAndAdministrativeExpenses": 18000000,
    "sellingAndMarketingExpenses": 0,
    "sellingGeneralAndAdministrativeExpenses": 18000000,
    "otherExpenses": 157000000,
    "operatingExpenses": 175000000,
    "costAndExpenses": 3013000000,
    "interestIncome": 0,
    "interestExpense": 16000000,
    "depreciationAndAmortization": 0,
    "ebitda": -72000000,
    "ebitdaratio": -0.0246153846,
    "operatingIncome": -88000000,
    "operatingIncomeRatio": -0.0300854701,
    "totalOtherIncomeExpensesNet": 0,
    "incomeBeforeTax": -88000000,
    "incomeBeforeTaxRatio": -0.0300854701,
    "incomeTaxExpense": -14000000,
    "netIncome": -73000000,
    "netIncomeRatio": -0.024957265,
    "eps": -1.88,
    "epsdiluted": -1.87,
    "weightedAverageShsOut": 39161000,
    "weightedAverageShsOutDil": 39200000,
    "link": null,
    "finalLink": null
  },
  {
    "date": "2021-06-30",
    "symbol": "EG",
    "reportedCurrency": "USD",
    "cik": "0001095073",
    "fillingDate": "2021-06-30",
    "acceptedDate": "2021-06-30 00:00:00",
    "calendarYear": "2021",
    "period": "Q2",
    "revenue": 3076690000,
    "costOfRevenue": 2143890000,
    "grossProfit": 932800000,
    "grossProfitRatio": 0.3031829661,
    "researchAndDevelopmentExpenses": 0,
    "generalAndAdministrativeExpenses": 16168000,
    "sellingAndMarketingExpenses": 0,
    "sellingGeneralAndAdministrativeExpenses": 16168000,
    "otherExpenses": 156451000,
    "operatingExpenses": 172619000,
    "costAndExpenses": 2316509000,
    "interestIncome": 0,
    "interestExpense": 15607000,
    "depreciationAndAmortization": 0,
    "ebitda": 775788000,
    "ebitdaratio": 0.2521502004,
    "operatingIncome": 760181000,
    "operatingIncomeRatio": 0.2470775411,
    "totalOtherIncomeExpensesNet": 0,
    "incomeBeforeTax": 760181000,
    "incomeBeforeTaxRatio": 0.2470775411,
    "incomeTaxExpense": 80199000,
    "netIncome": 679982000,
    "netIncomeRatio": 0.2210108916,
    "eps": 16.97,
    "epsdiluted": 16.95,
    "weightedAverageShsOut": 39527000,
    "weightedAverageShsOutDil": 39567000,
    "link": null,
    "finalLink": null
  },
  {
    "date": "2021-03-31",
    "symbol": "EG",
    "reportedCurrency": "USD",
    "cik": "0001095073",
    "fillingDate": "2021-03-31",
    "acceptedDate": "2021-03-31 00:00:00",
    "calendarYear": "2021",
    "period": "Q1",
    "revenue": 2743773000,
    "costOfRevenue": 2200430000,
    "grossProfit": 543343000,
    "grossProfitRatio": 0.1980276794,
    "researchAndDevelopmentExpenses": 0,
    "generalAndAdministrativeExpenses": 12378000,
    "sellingAndMarketingExpenses": 0,
    "sellingGeneralAndAdministrativeExpenses": 12378000,
    "otherExpenses": 157870000,
    "operatingExpenses": 170248000,
    "costAndExpenses": 2370678000,
    "interestIncome": 0,
    "interestExpense": 15639000,
    "depreciationAndAmortization": 0,
    "ebitda": 388734000,
    "ebitdaratio": 0.1416786301,
    "operatingIncome": 373095000,
    "operatingIncomeRatio": 0.1359788146,
    "totalOtherIncomeExpensesNet": 0,
    "incomeBeforeTax": 373095000,
    "incomeBeforeTaxRatio": 0.1359788146,
    "incomeTaxExpense": 31233000,
    "netIncome": 341862000,
    "netIncomeRatio": 0.1245955843,
    "eps": 8.53,
    "epsdiluted": 8.52,
    "weightedAverageShsOut": 39543000,
    "weightedAverageShsOutDil": 39597000,
    "link": null,
    "finalLink": null
  },
  {
    "date": "2020-12-31",
    "symbol": "EG",
    "reportedCurrency": "USD",
    "cik": "0001095073",
    "fillingDate": "2020-12-31",
    "acceptedDate": "2020-12-31 00:00:00",
    "calendarYear": "2020",
    "period": "Q4",
    "revenue": 2761399000,
    "costOfRevenue": 2489851000,
    "grossProfit": 271548000,
    "grossProfitRatio": 0.098337111,
    "researchAndDevelopmentExpenses": 0,
    "generalAndAdministrativeExpenses": 11934000,
    "sellingAndMarketingExpenses": 0,
    "sellingGeneralAndAdministrativeExpenses": 11934000,
    "otherExpenses": 140218000,
    "operatingExpenses": 152152000,
    "costAndExpenses": 2642003000,
    "interestIncome": 0,
    "interestExpense": 14846000,
    "depreciationAndAmortization": 0,
    "ebitda": 134242000,
    "ebitdaratio": 0.0486137643,
    "operatingIncome": 119396000,
    "operatingIncomeRatio": 0.0432375039,
    "totalOtherIncomeExpensesNet": 0,
    "incomeBeforeTax": 119396000,
    "incomeBeforeTaxRatio": 0.0432375039,
    "incomeTaxExpense": 55794000,
    "netIncome": 63602000,
    "netIncomeRatio": 0.0230325281,
    "eps": 1.61,
    "epsdiluted": 1.61,
    "weightedAverageShsOut": 39519000,
    "weightedAverageShsOutDil": 39519000,
    "link": null,
    "finalLink": null
  },
  {
    "date": "2020-09-30",
    "symbol": "EG",
    "reportedCurrency": "USD",
    "cik": "0001095073",
    "fillingDate": "2020-09-30",
    "acceptedDate": "2020-09-30 00:00:00",
    "calendarYear": "2020",
    "period": "Q3",
    "revenue": 2610184000,
    "costOfRevenue": 2181542000,
    "grossProfit": 428642000,
    "grossProfitRatio": 0.1642190742,
    "researchAndDevelopmentExpenses": 0,
    "generalAndAdministrativeExpenses": 10618000,
    "sellingAndMarketingExpenses": 0,
    "sellingGeneralAndAdministrativeExpenses": 10618000,
    "otherExpenses": 145516000,
    "operatingExpenses": 156134000,
    "costAndExpenses": 2337676000,
    "interestIncome": 0,
    "interestExpense": 6641000,
    "depreciationAndAmortization": 0,
    "ebitda": 279149000,
    "ebitdaratio": 0.1069461004,
    "operatingIncome": 272508000,
    "operatingIncomeRatio": 0.1044018353,
    "totalOtherIncomeExpensesNet": 0,
    "incomeBeforeTax": 272508000,
    "incomeBeforeTaxRatio": 0.1044018353,
    "incomeTaxExpense": 29451000,
    "netIncome": 243057000,
    "netIncomeRatio": 0.0931187227,
    "eps": 6.08,
    "epsdiluted": 6.07,
    "weightedAverageShsOut": 39483000,
    "weightedAverageShsOutDil": 39557000,
    "link": null,
    "finalLink": null
  },
  {
    "date": "2020-06-30",
    "symbol": "EG",
    "reportedCurrency": "USD",
    "cik": "0001095073",
    "fillingDate": "2020-06-30",
    "acceptedDate": "2020-06-30 00:00:00",
    "calendarYear": "2020",
    "period": "Q2",
    "revenue": 2244515000,
    "costOfRevenue": 1873332000,
    "grossProfit": 371183000,
    "grossProfitRatio": 0.1653733657,
    "researchAndDevelopmentExpenses": 0,
    "generalAndAdministrativeExpenses": 8733000,
    "sellingAndMarketingExpenses": 0,
    "sellingGeneralAndAdministrativeExpenses": 8733000,
    "otherExpenses": 125383000,
    "operatingExpenses": 134116000,
    "costAndExpenses": 2007448000,
    "interestIncome": 0,
    "interestExpense": 7253000,
    "depreciationAndAmortization": 0,
    "ebitda": 244320000,
    "ebitdaratio": 0.1088520237,
    "operatingIncome": 237067000,
    "operatingIncomeRatio": 0.1056205906,
    "totalOtherIncomeExpensesNet": 0,
    "incomeBeforeTax": 237067000,
    "incomeBeforeTaxRatio": 0.1056205906,
    "incomeTaxExpense": 46187000,
    "netIncome": 190880000,
    "netIncomeRatio": 0.0850428712,
    "eps": 4.78,
    "epsdiluted": 4.77,
    "weightedAverageShsOut": 39449000,
    "weightedAverageShsOutDil": 39519000,
    "link": null,
    "finalLink": null
  },
  {
    "date": "2020-03-31",
    "symbol": "EG",
    "reportedCurrency": "USD",
    "cik": "0001095073",
    "fillingDate": "2020-03-31",
    "acceptedDate": "2020-03-31 00:00:00",
    "calendarYear": "2020",
    "period": "Q1",
    "revenue": 1982016000,
    "costOfRevenue": 1879362000,
    "grossProfit": 102654000,
    "grossProfitRatio": 0.0517927201,
    "researchAndDevelopmentExpenses": 0,
    "generalAndAdministrativeExpenses": 9833000,
    "sellingAndMarketingExpenses": 0,
    "sellingGeneralAndAdministrativeExpenses": 9833000,
    "otherExpenses": 136443000,
    "operatingExpenses": 146276000,
    "costAndExpenses": 2025638000,
    "interestIncome": 0,
    "interestExpense": 7583000,
    "depreciationAndAmortization": 0,
    "ebitda": -36039000,
    "ebitdaratio": -0.0181830015,
    "operatingIncome": -43622000,
    "operatingIncomeRatio": -0.0220089041,
    "totalOtherIncomeExpensesNet": 0,
    "incomeBeforeTax": -43622000,
    "incomeBeforeTaxRatio": -0.0220089041,
    "incomeTaxExpense": 60234000,
    "netIncome": 16612000,
    "netIncomeRatio": 0.0083813652,
    "eps": 0.41,
    "epsdiluted": 0.41,
    "weightedAverageShsOut": 40204000,
    "weightedAverageShsOutDil": 40296000,
    "link": null,
    "finalLink": null
  },
  {
    "date": "2019-12-31",
    "symbol": "EG",
    "reportedCurrency": "USD",
    "cik": "0001095073",
    "fillingDate": "2019-12-31",
    "acceptedDate": "2019-12-31 00:00:00",
    "calendarYear": "2019",
    "period": "Q4",
    "revenue": 2314384000,
    "costOfRevenue": 1858020000,
    "grossProfit": 456364000,
    "grossProfitRatio": 0.1971859467,
    "researchAndDevelopmentExpenses": 0,
    "generalAndAdministrativeExpenses": 10344000,
    "sellingAndMarketingExpenses": 0,
    "sellingGeneralAndAdministrativeExpenses": 10344000,
    "otherExpenses": 226942000,
    "operatingExpenses": 237286000,
    "costAndExpenses": 2095306000,
    "interestIncome": 0,
    "interestExpense": 7721000,
    "depreciationAndAmortization": 0,
    "ebitda": 226799000,
    "ebitdaratio": 0.0979954061,
    "operatingIncome": 219078000,
    "operatingIncomeRatio": 0.0946593132,
    "totalOtherIncomeExpensesNet": 0,
    "incomeBeforeTax": 219078000,
    "incomeBeforeTaxRatio": 0.0946593132,
    "incomeTaxExpense": 1434000,
    "netIncome": 217644000,
    "netIncomeRatio": 0.0940397099,
    "eps": 5.34,
    "epsdiluted": 5.32,
    "weightedAverageShsOut": 40757303,
    "weightedAverageShsOutDil": 40910526,
    "link": null,
    "finalLink": null
  },
  {
    "date": "2019-09-30",
    "symbol": "EG",
    "reportedCurrency": "USD",
    "cik": "0001095073",
    "fillingDate": "2019-09-30",
    "acceptedDate": "2019-09-30 00:00:00",
    "calendarYear": "2019",
    "period": "Q3",
    "revenue": 2042520000,
    "costOfRevenue": 1815000000,
    "grossProfit": 227520000,
    "grossProfitRatio": 0.1113918101,
    "researchAndDevelopmentExpenses": 0,
    "generalAndAdministrativeExpenses": 8435000,
    "sellingAndMarketingExpenses": 0,
    "sellingGeneralAndAdministrativeExpenses": 8435000,
    "otherExpenses": 126065000,
    "operatingExpenses": 134500000,
    "costAndExpenses": 1949500000,
    "interestIncome": 0,
    "interestExpense": 7907000,
    "depreciationAndAmortization": 0,
    "ebitda": 100927000,
    "ebitdaratio": 0.04941298,
    "operatingIncome": 93020000,
    "operatingIncomeRatio": 0.0455417817,
    "totalOtherIncomeExpensesNet": 0,
    "incomeBeforeTax": 93020000,
    "incomeBeforeTaxRatio": 0.0455417817,
    "incomeTaxExpense": -11378000,
    "netIncome": 104398000,
    "netIncomeRatio": 0.0511123514,
    "eps": 2.56,
    "epsdiluted": 2.56,
    "weightedAverageShsOut": 40780469,
    "weightedAverageShsOutDil": 40780469,
    "link": null,
    "finalLink": null
  },
  {
    "date": "2019-06-30",
    "symbol": "EG",
    "reportedCurrency": "USD",
    "cik": "0001095073",
    "fillingDate": "2019-06-30",
    "acceptedDate": "2019-06-30 00:00:00",
    "calendarYear": "2019",
    "period": "Q2",
    "revenue": 2008727000,
    "costOfRevenue": 1515580000,
    "grossProfit": 493147000,
    "grossProfitRatio": 0.2455022509,
    "researchAndDevelopmentExpenses": 0,
    "generalAndAdministrativeExpenses": 7535000,
    "sellingAndMarketingExpenses": 0,
    "sellingGeneralAndAdministrativeExpenses": 7535000,
    "otherExpenses": 113267000,
    "operatingExpenses": 120802000,
    "costAndExpenses": 1636382000,
    "interestIncome": 0,
    "interestExpense": 8434000,
    "depreciationAndAmortization": 0,
    "ebitda": 380779000,
    "ebitdaratio": 0.1895623447,
    "operatingIncome": 372345000,
    "operatingIncomeRatio": 0.1853636656,
    "totalOtherIncomeExpensesNet": 0,
    "incomeBeforeTax": 372345000,
    "incomeBeforeTaxRatio": 0.1853636656,
    "incomeTaxExpense": 39477000,
    "netIncome": 332868000,
    "netIncomeRatio": 0.1657109204,
    "eps": 8.42,
    "epsdiluted": 8.39,
    "weightedAverageShsOut": 40719121,
    "weightedAverageShsOutDil": 40864720,
    "link": null,
    "finalLink": null
  },
  {
    "date": "2019-03-31",
    "symbol": "EG",
    "reportedCurrency": "USD",
    "cik": "0001095073",
    "fillingDate": "2019-03-31",
    "acceptedDate": "2019-03-31 00:00:00",
    "calendarYear": "2019",
    "period": "Q1",
    "revenue": 1965836000,
    "costOfRevenue": 1438024000,
    "grossProfit": 527812000,
    "grossProfitRatio": 0.268492387,
    "researchAndDevelopmentExpenses": 0,
    "generalAndAdministrativeExpenses": 6652000,
    "sellingAndMarketingExpenses": 0,
    "sellingGeneralAndAdministrativeExpenses": 6652000,
    "otherExpenses": 106616000,
    "operatingExpenses": 113268000,
    "costAndExpenses": 1551292000,
    "interestIncome": 0,
    "interestExpense": 7631000,
    "depreciationAndAmortization": 0,
    "ebitda": 422175000,
    "ebitdaratio": 0.2147559613,
    "operatingIncome": 414544000,
    "operatingIncomeRatio": 0.2108741523,
    "totalOtherIncomeExpensesNet": 0,
    "incomeBeforeTax": 414544000,
    "incomeBeforeTaxRatio": 0.2108741523,
    "incomeTaxExpense": 59993000,
    "netIncome": 354551000,
    "netIncomeRatio": 0.1803563471,
    "eps": 8.57,
    "epsdiluted": 8.54,
    "weightedAverageShsOut": 40711785,
    "weightedAverageShsOutDil": 40854801,
    "link": null,
    "finalLink": null
  },
  {
    "date": "2018-12-31",
    "symbol": "EG",
    "reportedCurrency": "USD",
    "cik": "0001095073",
    "fillingDate": "2018-12-31",
    "acceptedDate": "2018-12-31 00:00:00",
    "calendarYear": "2018",
    "period": "Q4",
    "revenue": 1794697000,
    "costOfRevenue": 2397642000,
    "grossProfit": -602945000,
    "grossProfitRatio": -0.3359592176,
    "researchAndDevelopmentExpenses": 0,
    "generalAndAdministrativeExpenses": 7153000,
    "sellingAndMarketingExpenses": 0,
    "sellingGeneralAndAdministrativeExpenses": 7153000,
    "otherExpenses": 92200000,
    "operatingExpenses": 99353000,
    "costAndExpenses": 2496995000,
    "interestIncome": 0,
    "interestExpense": 7984000,
    "depreciationAndAmortization": 0,
    "ebitda": -694314000,
    "ebitdaratio": -0.3868697613,
    "operatingIncome": -702298000,
    "operatingIncomeRatio": -0.3913184231,
    "totalOtherIncomeExpensesNet": 0,
    "incomeBeforeTax": -702298000,
    "incomeBeforeTaxRatio": -0.3913184231,
    "incomeTaxExpense": -320024000,
    "netIncome": -382274000,
    "netIncomeRatio": -0.2130019719,
    "eps": -9.5,
    "epsdiluted": -9.5,
    "weightedAverageShsOut": 40239368,
    "weightedAverageShsOutDil": 40239368,
    "link": null,
    "finalLink": null
  },
  {
    "date": "2018-09-30",
    "symbol": "EG",
    "reportedCurrency": "USD",
    "cik": "0001095073",
    "fillingDate": "2018-09-30",
    "acceptedDate": "2018-09-30 00:00:00",
    "calendarYear": "2018",
    "period": "Q3",
    "revenue": 1936463000,
    "costOfRevenue": 1633259000,
    "grossProfit": 303204000,
    "grossProfitRatio": 0.1565761907,
    "researchAndDevelopmentExpenses": 0,
    "generalAndAdministrativeExpenses": 7890000,
    "sellingAndMarketingExpenses": 0,
    "sellingGeneralAndAdministrativeExpenses": 7890000,
    "otherExpenses": 105843000,
    "operatingExpenses": 113733000,
    "costAndExpenses": 1746992000,
    "interestIncome": 0,
    "interestExpense": 7901000,
    "depreciationAndAmortization": 0,
    "ebitda": 197372000,
    "ebitdaratio": 0.1019239717,
    "operatingIncome": 189471000,
    "operatingIncomeRatio": 0.0978438524,
    "totalOtherIncomeExpensesNet": 0,
    "incomeBeforeTax": 189471000,
    "incomeBeforeTaxRatio": 0.0978438524,
    "incomeTaxExpense": -8910000,
    "netIncome": 198381000,
    "netIncomeRatio": 0.1024450248,
    "eps": 5.04,
    "epsdiluted": 5.02,
    "weightedAverageShsOut": 40796230,
    "weightedAverageShsOutDil": 40958765,
    "link": null,
    "finalLink": null
  },
  {
    "date": "2018-06-30",
    "symbol": "EG",
    "reportedCurrency": "USD",
    "cik": "0001095073",
    "fillingDate": "2018-06-30",
    "acceptedDate": "2018-06-30 00:00:00",
    "calendarYear": "2018",
    "period": "Q2",
    "revenue": 1892939000,
    "costOfRevenue": 1724716000,
    "grossProfit": 168223000,
    "grossProfitRatio": 0.0888686852,
    "researchAndDevelopmentExpenses": 0,
    "generalAndAdministrativeExpenses": 6633000,
    "sellingAndMarketingExpenses": 0,
    "sellingGeneralAndAdministrativeExpenses": 6633000,
    "otherExpenses": 100827000,
    "operatingExpenses": 107460000,
    "costAndExpenses": 1832176000,
    "interestIncome": 0,
    "interestExpense": 7728000,
    "depreciationAndAmortization": 0,
    "ebitda": 68491000,
    "ebitdaratio": 0.0361823598,
    "operatingIncome": 60763000,
    "operatingIncomeRatio": 0.0320998194,
    "totalOtherIncomeExpensesNet": 0,
    "incomeBeforeTax": 60763000,
    "incomeBeforeTaxRatio": 0.0320998194,
    "incomeTaxExpense": -9132000,
    "netIncome": 69895000,
    "netIncomeRatio": 0.0369240636,
    "eps": 1.71,
    "epsdiluted": 1.7,
    "weightedAverageShsOut": 40874269,
    "weightedAverageShsOutDil": 41114706,
    "link": null,
    "finalLink": null
  },
  {
    "date": "2018-03-31",
    "symbol": "EG",
    "reportedCurrency": "USD",
    "cik": "0001095073",
    "fillingDate": "2018-03-31",
    "acceptedDate": "2018-03-31 00:00:00",
    "calendarYear": "2018",
    "period": "Q1",
    "revenue": 1745157000,
    "costOfRevenue": 1414816000,
    "grossProfit": 330341000,
    "grossProfitRatio": 0.1892901326,
    "researchAndDevelopmentExpenses": 0,
    "generalAndAdministrativeExpenses": 8996000,
    "sellingAndMarketingExpenses": 0,
    "sellingGeneralAndAdministrativeExpenses": 8996000,
    "otherExpenses": 103702000,
    "operatingExpenses": 112698000,
    "costAndExpenses": 1527514000,
    "interestIncome": 0,
    "interestExpense": 7418000,
    "depreciationAndAmortization": 0,
    "ebitda": 225061000,
    "ebitdaratio": 0.1289631821,
    "operatingIncome": 217643000,
    "operatingIncomeRatio": 0.1247125617,
    "totalOtherIncomeExpensesNet": 0,
    "incomeBeforeTax": 217643000,
    "incomeBeforeTaxRatio": 0.1247125617,
    "incomeTaxExpense": 7325000,
    "netIncome": 210318000,
    "netIncomeRatio": 0.1205152316,
    "eps": 5.14,
    "epsdiluted": 5.11,
    "weightedAverageShsOut": 40917899,
    "weightedAverageShsOutDil": 41158121,
    "link": null,
    "finalLink": null
  },
  {
    "date": "2017-12-31",
    "symbol": "EG",
    "reportedCurrency": "USD",
    "cik": "0001095073",
    "fillingDate": "2017-12-31",
    "acceptedDate": "2017-12-31 00:00:00",
    "calendarYear": "2017",
    "period": "Q4",
    "revenue": 1867211000,
    "costOfRevenue": 1069061000,
    "grossProfit": 798150000,
    "grossProfitRatio": 0.427455708,
    "researchAndDevelopmentExpenses": 0,
    "generalAndAdministrativeExpenses": 4615000,
    "sellingAndMarketingExpenses": 0,
    "sellingGeneralAndAdministrativeExpenses": 4615000,
    "otherExpenses": 98230000,
    "operatingExpenses": 102845000,
    "costAndExpenses": 1171906000,
    "interestIncome": 0,
    "interestExpense": 7314000,
    "depreciationAndAmortization": 0,
    "ebitda": 702619000,
    "ebitdaratio": 0.3762933059,
    "operatingIncome": 695305000,
    "operatingIncomeRatio": 0.3723762339,
    "totalOtherIncomeExpensesNet": 0,
    "incomeBeforeTax": 695305000,
    "incomeBeforeTaxRatio": 0.3723762339,
    "incomeTaxExpense": 124280000,
    "netIncome": 571025000,
    "netIncomeRatio": 0.3058170716,
    "eps": 13.92,
    "epsdiluted": 13.85,
    "weightedAverageShsOut": 41021911,
    "weightedAverageShsOutDil": 41229242,
    "link": null,
    "finalLink": null
  },
  {
    "date": "2017-09-30",
    "symbol": "EG",
    "reportedCurrency": "USD",
    "cik": "0001095073",
    "fillingDate": "2017-09-30",
    "acceptedDate": "2017-09-30 00:00:00",
    "calendarYear": "2017",
    "period": "Q3",
    "revenue": 1725471000,
    "costOfRevenue": 2543195000,
    "grossProfit": -817724000,
    "grossProfitRatio": -0.4739134996,
    "researchAndDevelopmentExpenses": 0,
    "generalAndAdministrativeExpenses": 5932000,
    "sellingAndMarketingExpenses": 0,
    "sellingGeneralAndAdministrativeExpenses": 5932000,
    "otherExpenses": 80411000,
    "operatingExpenses": 86343000,
    "costAndExpenses": 2629538000,
    "interestIncome": 0,
    "interestExpense": 7266000,
    "depreciationAndAmortization": 0,
    "ebitda": -896801000,
    "ebitdaratio": -0.5197427253,
    "operatingIncome": -904067000,
    "operatingIncomeRatio": -0.5239537494,
    "totalOtherIncomeExpensesNet": 0,
    "incomeBeforeTax": -904067000,
    "incomeBeforeTaxRatio": -0.5239537494,
    "incomeTaxExpense": 264692999,
    "netIncome": -639374000,
    "netIncomeRatio": -0.3705504178,
    "eps": -15.73,
    "epsdiluted": -15.73,
    "weightedAverageShsOut": 40646790,
    "weightedAverageShsOutDil": 40646790,
    "link": null,
    "finalLink": null
  },
  {
    "date": "2017-06-30",
    "symbol": "EG",
    "reportedCurrency": "USD",
    "cik": "0001095073",
    "fillingDate": "2017-06-30",
    "acceptedDate": "2017-06-30 00:00:00",
    "calendarYear": "2017",
    "period": "Q2",
    "revenue": 1530611000,
    "costOfRevenue": 1161231000,
    "grossProfit": 369380000,
    "grossProfitRatio": 0.2413284629,
    "researchAndDevelopmentExpenses": 0,
    "generalAndAdministrativeExpenses": 6919000,
    "sellingAndMarketingExpenses": 0,
    "sellingGeneralAndAdministrativeExpenses": 6919000,
    "otherExpenses": 86928000,
    "operatingExpenses": 93847000,
    "costAndExpenses": 1255078000,
    "interestIncome": 0,
    "interestExpense": 8059000,
    "depreciationAndAmortization": 0,
    "ebitda": 283592000,
    "ebitdaratio": 0.1852802574,
    "operatingIncome": 275533000,
    "operatingIncomeRatio": 0.1800150397,
    "totalOtherIncomeExpensesNet": 0,
    "incomeBeforeTax": 275533000,
    "incomeBeforeTaxRatio": 0.1800150397,
    "incomeTaxExpense": 29859000,
    "netIncome": 245674000,
    "netIncomeRatio": 0.1605071439,
    "eps": 5.98,
    "epsdiluted": 5.95,
    "weightedAverageShsOut": 41082609,
    "weightedAverageShsOutDil": 41289748,
    "link": null,
    "finalLink": null
  },
  {
    "date": "2017-03-31",
    "symbol": "EG",
    "reportedCurrency": "USD",
    "cik": "0001095073",
    "fillingDate": "2017-03-31",
    "acceptedDate": "2017-03-31 00:00:00",
    "calendarYear": "2017",
    "period": "Q1",
    "revenue": 1484778000,
    "costOfRevenue": 1053057000,
    "grossProfit": 431721000,
    "grossProfitRatio": 0.29076468,
    "researchAndDevelopmentExpenses": 0,
    "generalAndAdministrativeExpenses": 8457000,
    "sellingAndMarketingExpenses": 0,
    "sellingGeneralAndAdministrativeExpenses": 8457000,
    "otherExpenses": 84851000,
    "operatingExpenses": 93308000,
    "costAndExpenses": 1146365000,
    "interestIncome": 0,
    "interestExpense": 8964000,
    "depreciationAndAmortization": 0,
    "ebitda": 347377000,
    "ebitdaratio": 0.2339588814,
    "operatingIncome": 338413000,
    "operatingIncomeRatio": 0.2279216152,
    "totalOtherIncomeExpensesNet": 0,
    "incomeBeforeTax": 338413000,
    "incomeBeforeTaxRatio": 0.2279216152,
    "incomeTaxExpense": 46770000,
    "netIncome": 291643000,
    "netIncomeRatio": 0.1964219567,
    "eps": 7.12,
    "epsdiluted": 7.07,
    "weightedAverageShsOut": 40961096,
    "weightedAverageShsOutDil": 41250778,
    "link": null,
    "finalLink": null
  },
  {
    "date": "2016-12-31",
    "symbol": "EG",
    "reportedCurrency": "USD",
    "cik": "0001095073",
    "fillingDate": "2016-12-31",
    "acceptedDate": "2016-12-31 00:00:00",
    "calendarYear": "2016",
    "period": "Q4",
    "revenue": 1613960000,
    "costOfRevenue": 1103535000,
    "grossProfit": 510425000,
    "grossProfitRatio": 0.3162562889,
    "researchAndDevelopmentExpenses": 0,
    "generalAndAdministrativeExpenses": 5828000,
    "sellingAndMarketingExpenses": 0,
    "sellingGeneralAndAdministrativeExpenses": 5828000,
    "otherExpenses": 89006000,
    "operatingExpenses": 94834000,
    "costAndExpenses": 1198369000,
    "interestIncome": 0,
    "interestExpense": 9034000,
    "depreciationAndAmortization": 0,
    "ebitda": 424625000,
    "ebitdaratio": 0.2630951201,
    "operatingIncome": 415591000,
    "operatingIncomeRatio": 0.2574977075,
    "totalOtherIncomeExpensesNet": 0,
    "incomeBeforeTax": 415591000,
    "incomeBeforeTaxRatio": 0.2574977075,
    "incomeTaxExpense": 42019000,
    "netIncome": 373572000,
    "netIncomeRatio": 0.2314629855,
    "eps": 9.14,
    "epsdiluted": 9.08,
    "weightedAverageShsOut": 40872210,
    "weightedAverageShsOutDil": 41142291,
    "link": null,
    "finalLink": null
  },
  {
    "date": "2016-09-30",
    "symbol": "EG",
    "reportedCurrency": "USD",
    "cik": "0001095073",
    "fillingDate": "2016-09-30",
    "acceptedDate": "2016-09-30 00:00:00",
    "calendarYear": "2016",
    "period": "Q3",
    "revenue": 1510456000,
    "costOfRevenue": 1095713000,
    "grossProfit": 414743000,
    "grossProfitRatio": 0.2745813185,
    "researchAndDevelopmentExpenses": 0,
    "generalAndAdministrativeExpenses": 6400000,
    "sellingAndMarketingExpenses": 0,
    "sellingGeneralAndAdministrativeExpenses": 6400000,
    "otherExpenses": 87456000,
    "operatingExpenses": 93856000,
    "costAndExpenses": 1189569000,
    "interestIncome": 0,
    "interestExpense": 8893000,
    "depreciationAndAmortization": 0,
    "ebitda": 329780000,
    "ebitdaratio": 0.2183314178,
    "operatingIncome": 320887000,
    "operatingIncomeRatio": 0.2124437918,
    "totalOtherIncomeExpensesNet": 0,
    "incomeBeforeTax": 320887000,
    "incomeBeforeTaxRatio": 0.2124437918,
    "incomeTaxExpense": 25493000,
    "netIncome": 295394000,
    "netIncomeRatio": 0.1955661072,
    "eps": 7.11,
    "epsdiluted": 7.06,
    "weightedAverageShsOut": 41546273,
    "weightedAverageShsOutDil": 41840510,
    "link": null,
    "finalLink": null
  },
  {
    "date": "2016-06-30",
    "symbol": "EG",
    "reportedCurrency": "USD",
    "cik": "0001095073",
    "fillingDate": "2016-06-30",
    "acceptedDate": "2016-06-30 00:00:00",
    "calendarYear": "2016",
    "period": "Q2",
    "revenue": 1427884000,
    "costOfRevenue": 1153318000,
    "grossProfit": 274566000,
    "grossProfitRatio": 0.1922887293,
    "researchAndDevelopmentExpenses": 0,
    "generalAndAdministrativeExpenses": 7117000,
    "sellingAndMarketingExpenses": 0,
    "sellingGeneralAndAdministrativeExpenses": 7117000,
    "otherExpenses": 81150000,
    "operatingExpenses": 88267000,
    "costAndExpenses": 1241585000,
    "interestIncome": 0,
    "interestExpense": 9073000,
    "depreciationAndAmortization": 0,
    "ebitda": 195372000,
    "ebitdaratio": 0.1368262408,
    "operatingIncome": 186299000,
    "operatingIncomeRatio": 0.1304720832,
    "totalOtherIncomeExpensesNet": 0,
    "incomeBeforeTax": 186299000,
    "incomeBeforeTaxRatio": 0.1304720832,
    "incomeTaxExpense": 30607000,
    "netIncome": 155692000,
    "netIncomeRatio": 0.1090368685,
    "eps": 3.7,
    "epsdiluted": 3.67,
    "weightedAverageShsOut": 42078919,
    "weightedAverageShsOutDil": 42422888,
    "link": null,
    "finalLink": null
  },
  {
    "date": "2016-03-31",
    "symbol": "EG",
    "reportedCurrency": "USD",
    "cik": "0001095073",
    "fillingDate": "2016-03-31",
    "acceptedDate": "2016-03-31 00:00:00",
    "calendarYear": "2016",
    "period": "Q1",
    "revenue": 1242046000,
    "costOfRevenue": 975755000,
    "grossProfit": 266291000,
    "grossProfitRatio": 0.2143970513,
    "researchAndDevelopmentExpenses": 0,
    "generalAndAdministrativeExpenses": 7886000,
    "sellingAndMarketingExpenses": 0,
    "sellingGeneralAndAdministrativeExpenses": 7886000,
    "otherExpenses": 81338000,
    "operatingExpenses": 89224000,
    "costAndExpenses": 1064979000,
    "interestIncome": 0,
    "interestExpense": 9228000,
    "depreciationAndAmortization": 0,
    "ebitda": 186295000,
    "ebitdaratio": 0.149990419,
    "operatingIncome": 177067000,
    "operatingIncomeRatio": 0.1425607425,
    "totalOtherIncomeExpensesNet": 0,
    "incomeBeforeTax": 177067000,
    "incomeBeforeTaxRatio": 0.1425607425,
    "incomeTaxExpense": 5381000,
    "netIncome": 171686000,
    "netIncomeRatio": 0.1382283748,
    "eps": 4.03,
    "epsdiluted": 4,
    "weightedAverageShsOut": 42601985,
    "weightedAverageShsOutDil": 42921500,
    "link": null,
    "finalLink": null
  },
  {
    "date": "2015-12-31",
    "symbol": "EG",
    "reportedCurrency": "USD",
    "cik": "0001095073",
    "fillingDate": "2015-12-31",
    "acceptedDate": "2015-12-31 00:00:00",
    "calendarYear": "2015",
    "period": "Q4",
    "revenue": 1561952000,
    "costOfRevenue": 1020596000,
    "grossProfit": 541356000,
    "grossProfitRatio": 0.3465893958,
    "researchAndDevelopmentExpenses": 0,
    "generalAndAdministrativeExpenses": 5942000,
    "sellingAndMarketingExpenses": 0,
    "sellingGeneralAndAdministrativeExpenses": 5942000,
    "otherExpenses": 79887000,
    "operatingExpenses": 85829000,
    "costAndExpenses": 1106425000,
    "interestIncome": 0,
    "interestExpense": 9185000,
    "depreciationAndAmortization": 0,
    "ebitda": 464712000,
    "ebitdaratio": 0.2975200262,
    "operatingIncome": 455527000,
    "operatingIncomeRatio": 0.2916395638,
    "totalOtherIncomeExpensesNet": 0,
    "incomeBeforeTax": 420434000,
    "incomeBeforeTaxRatio": 0.2691721641,
    "incomeTaxExpense": 63153000,
    "netIncome": 357281000,
    "netIncomeRatio": 0.2287400637,
    "eps": 8.32,
    "epsdiluted": 8.26,
    "weightedAverageShsOut": 42942428,
    "weightedAverageShsOutDil": 43254358,
    "link": null,
    "finalLink": null
  },
  {
    "date": "2015-09-30",
    "symbol": "EG",
    "reportedCurrency": "USD",
    "cik": "0001095073",
    "fillingDate": "2015-09-30",
    "acceptedDate": "2015-09-30 00:00:00",
    "calendarYear": "2015",
    "period": "Q3",
    "revenue": 1332119000,
    "costOfRevenue": 1166805000,
    "grossProfit": 165314000,
    "grossProfitRatio": 0.1240985227,
    "researchAndDevelopmentExpenses": 0,
    "generalAndAdministrativeExpenses": 5924000,
    "sellingAndMarketingExpenses": 0,
    "sellingGeneralAndAdministrativeExpenses": 5924000,
    "otherExpenses": 76970000,
    "operatingExpenses": 82894000,
    "costAndExpenses": 1249699000,
    "interestIncome": 0,
    "interestExpense": 8990000,
    "depreciationAndAmortization": 0,
    "ebitda": 91410000,
    "ebitdaratio": 0.0686199957,
    "operatingIncome": 82420000,
    "operatingIncomeRatio": 0.0618713493,
    "totalOtherIncomeExpensesNet": 0,
    "incomeBeforeTax": 82420000,
    "incomeBeforeTaxRatio": 0.0618713493,
    "incomeTaxExpense": -6133000,
    "netIncome": 88553000,
    "netIncomeRatio": 0.0664752924,
    "eps": 2.02,
    "epsdiluted": 2,
    "weightedAverageShsOut": 43838119,
    "weightedAverageShsOutDil": 44276500,
    "link": null,
    "finalLink": null
  },
  {
    "date": "2015-06-30",
    "symbol": "EG",
    "reportedCurrency": "USD",
    "cik": "0001095073",
    "fillingDate": "2015-06-30",
    "acceptedDate": "2015-06-30 00:00:00",
    "calendarYear": "2015",
    "period": "Q2",
    "revenue": 1390448000,
    "costOfRevenue": 1068704000,
    "grossProfit": 321744000,
    "grossProfitRatio": 0.2313959242,
    "researchAndDevelopmentExpenses": 0,
    "generalAndAdministrativeExpenses": 5925000,
    "sellingAndMarketingExpenses": 0,
    "sellingGeneralAndAdministrativeExpenses": 5925000,
    "otherExpenses": 70928000,
    "operatingExpenses": 76853000,
    "costAndExpenses": 1145557000,
    "interestIncome": 0,
    "interestExpense": 9026000,
    "depreciationAndAmortization": 0,
    "ebitda": 253917000,
    "ebitdaratio": 0.1826152434,
    "operatingIncome": 244891000,
    "operatingIncomeRatio": 0.1761238105,
    "totalOtherIncomeExpensesNet": 0,
    "incomeBeforeTax": 244891000,
    "incomeBeforeTaxRatio": 0.1761238105,
    "incomeTaxExpense": 35834000,
    "netIncome": 209057000,
    "netIncomeRatio": 0.1503522606,
    "eps": 4.72,
    "epsdiluted": 4.68,
    "weightedAverageShsOut": 44291737,
    "weightedAverageShsOutDil": 44670299,
    "link": null,
    "finalLink": null
  },
  {
    "date": "2015-03-31",
    "symbol": "EG",
    "reportedCurrency": "USD",
    "cik": "0001095073",
    "fillingDate": "2015-03-31",
    "acceptedDate": "2015-03-31 00:00:00",
    "calendarYear": "2015",
    "period": "Q1",
    "revenue": 1435588000,
    "costOfRevenue": 998249000,
    "grossProfit": 437339000,
    "grossProfitRatio": 0.3046410251,
    "researchAndDevelopmentExpenses": 0,
    "generalAndAdministrativeExpenses": 5463000,
    "sellingAndMarketingExpenses": 0,
    "sellingGeneralAndAdministrativeExpenses": 5463000,
    "otherExpenses": 67731000,
    "operatingExpenses": 73194000,
    "costAndExpenses": 1071443000,
    "interestIncome": 0,
    "interestExpense": 8990000,
    "depreciationAndAmortization": 0,
    "ebitda": 373135000,
    "ebitdaratio": 0.2599178873,
    "operatingIncome": 364145000,
    "operatingIncomeRatio": 0.2536556449,
    "totalOtherIncomeExpensesNet": 0,
    "incomeBeforeTax": 364145000,
    "incomeBeforeTaxRatio": 0.2536556449,
    "incomeTaxExpense": 41167000,
    "netIncome": 322978000,
    "netIncomeRatio": 0.2249795902,
    "eps": 7.26,
    "epsdiluted": 7.19,
    "weightedAverageShsOut": 44487328,
    "weightedAverageShsOutDil": 44920445,
    "link": null,
    "finalLink": null
  },
  {
    "date": "2014-12-31",
    "symbol": "EG",
    "reportedCurrency": "USD",
    "cik": "0001095073",
    "fillingDate": "2014-12-31",
    "acceptedDate": "2014-12-31 00:00:00",
    "calendarYear": "2014",
    "period": "Q4",
    "revenue": 1518433000,
    "costOfRevenue": 1029049000,
    "grossProfit": 489384000,
    "grossProfitRatio": 0.322295419,
    "researchAndDevelopmentExpenses": 0,
    "generalAndAdministrativeExpenses": 4619000,
    "sellingAndMarketingExpenses": 0,
    "sellingGeneralAndAdministrativeExpenses": 4619000,
    "otherExpenses": 77798000,
    "operatingExpenses": 82417000,
    "costAndExpenses": 1111466000,
    "interestIncome": 0,
    "interestExpense": 9563000,
    "depreciationAndAmortization": 0,
    "ebitda": 416530000,
    "ebitdaratio": 0.2743156926,
    "operatingIncome": 406967000,
    "operatingIncomeRatio": 0.2680177525,
    "totalOtherIncomeExpensesNet": 0,
    "incomeBeforeTax": 406967000,
    "incomeBeforeTaxRatio": 0.2680177525,
    "incomeTaxExpense": 49704000,
    "netIncome": 340123000,
    "netIncomeRatio": 0.2239960538,
    "eps": 7.54,
    "epsdiluted": 7.47,
    "weightedAverageShsOut": 45109151,
    "weightedAverageShsOutDil": 45531861,
    "link": null,
    "finalLink": null
  },
  {
    "date": "2014-09-30",
    "symbol": "EG",
    "reportedCurrency": "USD",
    "cik": "0001095073",
    "fillingDate": "2014-09-30",
    "acceptedDate": "2014-09-30 00:00:00",
    "calendarYear": "2014",
    "period": "Q3",
    "revenue": 1535880000,
    "costOfRevenue": 1128276000,
    "grossProfit": 407604000,
    "grossProfitRatio": 0.2653879209,
    "researchAndDevelopmentExpenses": 0,
    "generalAndAdministrativeExpenses": 9958000,
    "sellingAndMarketingExpenses": 0,
    "sellingGeneralAndAdministrativeExpenses": 9958000,
    "otherExpenses": 75537000,
    "operatingExpenses": 85495000,
    "costAndExpenses": 1213771000,
    "interestIncome": 0,
    "interestExpense": 12424000,
    "depreciationAndAmortization": 0,
    "ebitda": 334533000,
    "ebitdaratio": 0.2178119384,
    "operatingIncome": 322109000,
    "operatingIncomeRatio": 0.2097227648,
    "totalOtherIncomeExpensesNet": 0,
    "incomeBeforeTax": 322109000,
    "incomeBeforeTaxRatio": 0.2097227648,
    "incomeTaxExpense": 20856000,
    "netIncome": 274916000,
    "netIncomeRatio": 0.1789957549,
    "eps": 6.05,
    "epsdiluted": 6,
    "weightedAverageShsOut": 45440661,
    "weightedAverageShsOutDil": 45819333,
    "link": null,
    "finalLink": null
  },
  {
    "date": "2014-06-30",
    "symbol": "EG",
    "reportedCurrency": "USD",
    "cik": "0001095073",
    "fillingDate": "2014-06-30",
    "acceptedDate": "2014-06-30 00:00:00",
    "calendarYear": "2014",
    "period": "Q2",
    "revenue": 1452460000,
    "costOfRevenue": 1019384000,
    "grossProfit": 433076000,
    "grossProfitRatio": 0.2981672473,
    "researchAndDevelopmentExpenses": 0,
    "generalAndAdministrativeExpenses": 3899000,
    "sellingAndMarketingExpenses": 0,
    "sellingGeneralAndAdministrativeExpenses": 3899000,
    "otherExpenses": 67392000,
    "operatingExpenses": 71291000,
    "costAndExpenses": 1090675000,
    "interestIncome": 0,
    "interestExpense": 8978000,
    "depreciationAndAmortization": 0,
    "ebitda": 370763000,
    "ebitdaratio": 0.2552655495,
    "operatingIncome": 361785000,
    "operatingIncomeRatio": 0.2490843121,
    "totalOtherIncomeExpensesNet": 0,
    "incomeBeforeTax": 361785000,
    "incomeBeforeTaxRatio": 0.2490843121,
    "incomeTaxExpense": 63860000,
    "netIncome": 290184000,
    "netIncomeRatio": 0.199787946,
    "eps": 6.32,
    "epsdiluted": 6.26,
    "weightedAverageShsOut": 45915190,
    "weightedAverageShsOutDil": 46355272,
    "link": null,
    "finalLink": null
  },
  {
    "date": "2014-03-31",
    "symbol": "EG",
    "reportedCurrency": "USD",
    "cik": "0001095073",
    "fillingDate": "2014-03-31",
    "acceptedDate": "2014-03-31 00:00:00",
    "calendarYear": "2014",
    "period": "Q1",
    "revenue": 1283816000,
    "costOfRevenue": 865411000,
    "grossProfit": 418405000,
    "grossProfitRatio": 0.3259072951,
    "researchAndDevelopmentExpenses": 0,
    "generalAndAdministrativeExpenses": 4945000,
    "sellingAndMarketingExpenses": 0,
    "sellingGeneralAndAdministrativeExpenses": 4945000,
    "otherExpenses": 58206000,
    "operatingExpenses": 63151000,
    "costAndExpenses": 928562000,
    "interestIncome": 0,
    "interestExpense": 7568000,
    "depreciationAndAmortization": 0,
    "ebitda": 362822000,
    "ebitdaratio": 0.28261215,
    "operatingIncome": 355254000,
    "operatingIncomeRatio": 0.2767172243,
    "totalOtherIncomeExpensesNet": 0,
    "incomeBeforeTax": 355254000,
    "incomeBeforeTaxRatio": 0.2767172243,
    "incomeTaxExpense": 53232000,
    "netIncome": 293933000,
    "netIncomeRatio": 0.2289525913,
    "eps": 6.26,
    "epsdiluted": 6.21,
    "weightedAverageShsOut": 46954153,
    "weightedAverageShsOutDil": 47332206,
    "link": null,
    "finalLink": null
  },
  {
    "date": "2013-12-31",
    "symbol": "EG",
    "reportedCurrency": "USD",
    "cik": "0001095073",
    "fillingDate": "2013-12-31",
    "acceptedDate": "2013-12-31 00:00:00",
    "calendarYear": "2013",
    "period": "Q4",
    "revenue": 1517122000,
    "costOfRevenue": 979773000,
    "grossProfit": 537349000,
    "grossProfitRatio": 0.3541897092,
    "researchAndDevelopmentExpenses": 0,
    "generalAndAdministrativeExpenses": 8174000,
    "sellingAndMarketingExpenses": 0,
    "sellingGeneralAndAdministrativeExpenses": 8174000,
    "otherExpenses": 77057000,
    "operatingExpenses": 85231000,
    "costAndExpenses": 1065004000,
    "interestIncome": 0,
    "interestExpense": 7638000,
    "depreciationAndAmortization": 0,
    "ebitda": 459756000,
    "ebitdaratio": 0.3030448441,
    "operatingIncome": 452118000,
    "operatingIncomeRatio": 0.2980103116,
    "totalOtherIncomeExpensesNet": 0,
    "incomeBeforeTax": 452118000,
    "incomeBeforeTaxRatio": 0.2980103116,
    "incomeTaxExpense": 85370000,
    "netIncome": 364638000,
    "netIncomeRatio": 0.240348502,
    "eps": 7.62,
    "epsdiluted": 7.54,
    "weightedAverageShsOut": 47852756,
    "weightedAverageShsOutDil": 48360477,
    "link": null,
    "finalLink": null
  },
  {
    "date": "2013-09-30",
    "symbol": "EG",
    "reportedCurrency": "USD",
    "cik": "0001095073",
    "fillingDate": "2013-09-30",
    "acceptedDate": "2013-09-30 00:00:00",
    "calendarYear": "2013",
    "period": "Q3",
    "revenue": 1401498000,
    "costOfRevenue": 1018689000,
    "grossProfit": 382809000,
    "grossProfitRatio": 0.2731427373,
    "researchAndDevelopmentExpenses": 0,
    "generalAndAdministrativeExpenses": 4758000,
    "sellingAndMarketingExpenses": 0,
    "sellingGeneralAndAdministrativeExpenses": 4758000,
    "otherExpenses": 67497000,
    "operatingExpenses": 72255000,
    "costAndExpenses": 1090944000,
    "interestIncome": 7637000,
    "interestExpense": 7637000,
    "depreciationAndAmortization": 0,
    "ebitda": 318191000,
    "ebitdaratio": 0.2270363568,
    "operatingIncome": 310554000,
    "operatingIncomeRatio": 0.2215871874,
    "totalOtherIncomeExpensesNet": 0,
    "incomeBeforeTax": 310554000,
    "incomeBeforeTaxRatio": 0.2215871874,
    "incomeTaxExpense": 72027000,
    "netIncome": 234759000,
    "netIncomeRatio": 0.1675057688,
    "eps": 4.85,
    "epsdiluted": 4.81,
    "weightedAverageShsOut": 48403918,
    "weightedAverageShsOutDil": 48806445,
    "link": null,
    "finalLink": null
  },
  {
    "date": "2013-06-30",
    "symbol": "EG",
    "reportedCurrency": "USD",
    "cik": "0001095073",
    "fillingDate": "2013-06-30",
    "acceptedDate": "2013-06-30 00:00:00",
    "calendarYear": "2013",
    "period": "Q2",
    "revenue": 1354543000,
    "costOfRevenue": 953657000,
    "grossProfit": 400886000,
    "grossProfitRatio": 0.2959566437,
    "researchAndDevelopmentExpenses": 0,
    "generalAndAdministrativeExpenses": 6168000,
    "sellingAndMarketingExpenses": 0,
    "sellingGeneralAndAdministrativeExpenses": 6168000,
    "otherExpenses": 72263000,
    "operatingExpenses": 78431000,
    "costAndExpenses": 1032088000,
    "interestIncome": 17362000,
    "interestExpense": 17362000,
    "depreciationAndAmortization": 0,
    "ebitda": 339817000,
    "ebitdaratio": 0.2508720653,
    "operatingIncome": 322455000,
    "operatingIncomeRatio": 0.2380544582,
    "totalOtherIncomeExpensesNet": 0,
    "incomeBeforeTax": 322455000,
    "incomeBeforeTaxRatio": 0.2380544582,
    "incomeTaxExpense": 46813000,
    "netIncome": 275642000,
    "netIncomeRatio": 0.2034944627,
    "eps": 5.6,
    "epsdiluted": 5.56,
    "weightedAverageShsOut": 49221786,
    "weightedAverageShsOutDil": 49575899,
    "link": null,
    "finalLink": null
  },
  {
    "date": "2013-03-31",
    "symbol": "EG",
    "reportedCurrency": "USD",
    "cik": "0001095073",
    "fillingDate": "2013-03-31",
    "acceptedDate": "2013-03-31 00:00:00",
    "calendarYear": "2013",
    "period": "Q1",
    "revenue": 1367673000,
    "costOfRevenue": 825690000,
    "grossProfit": 541983000,
    "grossProfitRatio": 0.3962811286,
    "researchAndDevelopmentExpenses": 0,
    "generalAndAdministrativeExpenses": 5717000,
    "sellingAndMarketingExpenses": 0,
    "sellingGeneralAndAdministrativeExpenses": 5717000,
    "otherExpenses": 66427000,
    "operatingExpenses": 72144000,
    "costAndExpenses": 897834000,
    "interestIncome": 13481000,
    "interestExpense": 13481000,
    "depreciationAndAmortization": 0,
    "ebitda": 483320000,
    "ebitdaratio": 0.3533885658,
    "operatingIncome": 469839000,
    "operatingIncomeRatio": 0.3435316775,
    "totalOtherIncomeExpensesNet": 0,
    "incomeBeforeTax": 469839000,
    "incomeBeforeTaxRatio": 0.3435316775,
    "incomeTaxExpense": 85496000,
    "netIncome": 384343000,
    "netIncomeRatio": 0.2810196589,
    "eps": 7.56,
    "epsdiluted": 7.5,
    "weightedAverageShsOut": 50839021,
    "weightedAverageShsOutDil": 51245733,
    "link": null,
    "finalLink": null
  },
  {
    "date": "2012-12-31",
    "symbol": "EG",
    "reportedCurrency": "USD",
    "cik": "0001095073",
    "fillingDate": "2012-12-31",
    "acceptedDate": "2012-12-31 00:00:00",
    "calendarYear": "2012",
    "period": "Q4",
    "revenue": 1272650000,
    "costOfRevenue": 1159602000,
    "grossProfit": 113048000,
    "grossProfitRatio": 0.0888288217,
    "researchAndDevelopmentExpenses": 0,
    "generalAndAdministrativeExpenses": 7293000,
    "sellingAndMarketingExpenses": 0,
    "sellingGeneralAndAdministrativeExpenses": -717081000,
    "otherExpenses": 792031000,
    "operatingExpenses": 74950000,
    "costAndExpenses": 1234552000,
    "interestIncome": 0,
    "interestExpense": 13930000,
    "depreciationAndAmortization": 0,
    "ebitda": 52028000,
    "ebitdaratio": 0.040881625,
    "operatingIncome": 38098000,
    "operatingIncomeRatio": 0.0299359604,
    "totalOtherIncomeExpensesNet": 0,
    "incomeBeforeTax": 38098000,
    "incomeBeforeTaxRatio": 0.0299359604,
    "incomeTaxExpense": -20679000,
    "netIncome": 58777000,
    "netIncomeRatio": 0.0461847326,
    "eps": 1.14,
    "epsdiluted": 1.13,
    "weightedAverageShsOut": 51558772,
    "weightedAverageShsOutDil": 52015044,
    "link": null,
    "finalLink": null
  },
  {
    "date": "2012-09-30",
    "symbol": "EG",
    "reportedCurrency": "USD",
    "cik": "0001095073",
    "fillingDate": "2012-09-30",
    "acceptedDate": "2012-09-30 00:00:00",
    "calendarYear": "2012",
    "period": "Q3",
    "revenue": 1218981000,
    "costOfRevenue": 824736000,
    "grossProfit": 394245000,
    "grossProfitRatio": 0.3234217761,
    "researchAndDevelopmentExpenses": 0,
    "generalAndAdministrativeExpenses": 5947000,
    "sellingAndMarketingExpenses": 221082000,
    "sellingGeneralAndAdministrativeExpenses": 5947000,
    "otherExpenses": 69093000,
    "operatingExpenses": 75040000,
    "costAndExpenses": 899776000,
    "interestIncome": 0,
    "interestExpense": 13331000,
    "depreciationAndAmortization": 0,
    "ebitda": 332536000,
    "ebitdaratio": 0.2727983455,
    "operatingIncome": 319205000,
    "operatingIncomeRatio": 0.2618621619,
    "totalOtherIncomeExpensesNet": 0,
    "incomeBeforeTax": 319205000,
    "incomeBeforeTaxRatio": 0.2618621619,
    "incomeTaxExpense": 68283000,
    "netIncome": 250922000,
    "netIncomeRatio": 0.2058457023,
    "eps": 4.84,
    "epsdiluted": 4.82,
    "weightedAverageShsOut": 51843388,
    "weightedAverageShsOutDil": 52058506,
    "link": null,
    "finalLink": null
  },
  {
    "date": "2012-06-30",
    "symbol": "EG",
    "reportedCurrency": "USD",
    "cik": "0001095073",
    "fillingDate": "2012-06-30",
    "acceptedDate": "2012-06-30 00:00:00",
    "calendarYear": "2012",
    "period": "Q2",
    "revenue": 1182055000,
    "costOfRevenue": 873659000,
    "grossProfit": 308396000,
    "grossProfitRatio": 0.2608981816,
    "researchAndDevelopmentExpenses": 0,
    "generalAndAdministrativeExpenses": 6075000,
    "sellingAndMarketingExpenses": 265789000,
    "sellingGeneralAndAdministrativeExpenses": 6075000,
    "otherExpenses": 62919000,
    "operatingExpenses": 68994000,
    "costAndExpenses": 942653000,
    "interestIncome": 0,
    "interestExpense": 13244000,
    "depreciationAndAmortization": 0,
    "ebitda": 252646000,
    "ebitdaratio": 0.2137345555,
    "operatingIncome": 239402000,
    "operatingIncomeRatio": 0.2025303391,
    "totalOtherIncomeExpensesNet": 0,
    "incomeBeforeTax": 239402000,
    "incomeBeforeTaxRatio": 0.2025303391,
    "incomeTaxExpense": 24851000,
    "netIncome": 214551000,
    "netIncomeRatio": 0.1815067827,
    "eps": 4.1,
    "epsdiluted": 4.08,
    "weightedAverageShsOut": 52329512,
    "weightedAverageShsOutDil": 52586029,
    "link": null,
    "finalLink": null
  },
  {
    "date": "2012-03-31",
    "symbol": "EG",
    "reportedCurrency": "USD",
    "cik": "0001095073",
    "fillingDate": "2012-03-31",
    "acceptedDate": "2012-03-31 00:00:00",
    "calendarYear": "2012",
    "period": "Q1",
    "revenue": 1249124000,
    "costOfRevenue": 839969000,
    "grossProfit": 409155000,
    "grossProfitRatio": 0.3275535495,
    "researchAndDevelopmentExpenses": 0,
    "generalAndAdministrativeExpenses": 4661000,
    "sellingAndMarketingExpenses": 237503000,
    "sellingGeneralAndAdministrativeExpenses": 4661000,
    "otherExpenses": 61673000,
    "operatingExpenses": 66334000,
    "costAndExpenses": 906303000,
    "interestIncome": 0,
    "interestExpense": 13178000,
    "depreciationAndAmortization": 0,
    "ebitda": 355999000,
    "ebitdaratio": 0.2849989272,
    "operatingIncome": 342821000,
    "operatingIncomeRatio": 0.274449134,
    "totalOtherIncomeExpensesNet": 0,
    "incomeBeforeTax": 342821000,
    "incomeBeforeTaxRatio": 0.274449134,
    "incomeTaxExpense": 38117000,
    "netIncome": 304704000,
    "netIncomeRatio": 0.2439341491,
    "eps": 5.7,
    "epsdiluted": 5.68,
    "weightedAverageShsOut": 53456842,
    "weightedAverageShsOutDil": 53645070,
    "link": null,
    "finalLink": null
  },
  {
    "date": "2011-12-31",
    "symbol": "EG",
    "reportedCurrency": "USD",
    "cik": "0001095073",
    "fillingDate": "2011-12-31",
    "acceptedDate": "2011-12-31 00:00:00",
    "calendarYear": "2011",
    "period": "Q4",
    "revenue": 1285931000,
    "costOfRevenue": 1019928000,
    "grossProfit": 266003000,
    "grossProfitRatio": 0.2068563554,
    "researchAndDevelopmentExpenses": 0,
    "generalAndAdministrativeExpenses": 4539000,
    "sellingAndMarketingExpenses": 248721000,
    "sellingGeneralAndAdministrativeExpenses": 253260000,
    "otherExpenses": 55233000,
    "operatingExpenses": 308493000,
    "costAndExpenses": 1328421000,
    "interestIncome": 0,
    "interestExpense": 13120000,
    "depreciationAndAmortization": 0,
    "ebitda": -29370000,
    "ebitdaratio": -0.0228394836,
    "operatingIncome": -42490000,
    "operatingIncomeRatio": -0.0330422083,
    "totalOtherIncomeExpensesNet": 0,
    "incomeBeforeTax": -42490000,
    "incomeBeforeTaxRatio": -0.0330422083,
    "incomeTaxExpense": -83532000,
    "netIncome": 41042000,
    "netIncomeRatio": 0.0319161759,
    "eps": 0.77,
    "epsdiluted": 0.77,
    "weightedAverageShsOut": 53342000,
    "weightedAverageShsOutDil": 53400000,
    "link": null,
    "finalLink": null
  },
  {
    "date": "2011-09-30",
    "symbol": "EG",
    "reportedCurrency": "USD",
    "cik": "0001095073",
    "fillingDate": "2011-09-30",
    "acceptedDate": "2011-09-30 00:00:00",
    "calendarYear": "2011",
    "period": "Q3",
    "revenue": 1024794000,
    "costOfRevenue": 948680000,
    "grossProfit": 76114000,
    "grossProfitRatio": 0.0742724879,
    "researchAndDevelopmentExpenses": 0,
    "generalAndAdministrativeExpenses": 4204000,
    "sellingAndMarketingExpenses": 227969000,
    "sellingGeneralAndAdministrativeExpenses": 232173000,
    "otherExpenses": -165447000,
    "operatingExpenses": 66726000,
    "costAndExpenses": 1015406000,
    "interestIncome": 0,
    "interestExpense": 13085000,
    "depreciationAndAmortization": 0,
    "ebitda": 22473000,
    "ebitdaratio": 0.0219292853,
    "operatingIncome": 9388000,
    "operatingIncomeRatio": 0.0091608655,
    "totalOtherIncomeExpensesNet": 0,
    "incomeBeforeTax": 9388000,
    "incomeBeforeTaxRatio": 0.0091608655,
    "incomeTaxExpense": -53666000,
    "netIncome": 63054000,
    "netIncomeRatio": 0.0615284633,
    "eps": 1.16,
    "epsdiluted": 1.16,
    "weightedAverageShsOut": 54356897,
    "weightedAverageShsOutDil": 54356897,
    "link": null,
    "finalLink": null
  },
  {
    "date": "2011-06-30",
    "symbol": "EG",
    "reportedCurrency": "USD",
    "cik": "0001095073",
    "fillingDate": "2011-06-30",
    "acceptedDate": "2011-06-30 00:00:00",
    "calendarYear": "2011",
    "period": "Q2",
    "revenue": 1176791000,
    "costOfRevenue": 735789000,
    "grossProfit": 441002000,
    "grossProfitRatio": 0.3747496369,
    "researchAndDevelopmentExpenses": 0,
    "generalAndAdministrativeExpenses": 3790000,
    "sellingAndMarketingExpenses": 237374000,
    "sellingGeneralAndAdministrativeExpenses": 241164000,
    "otherExpenses": 59013000,
    "operatingExpenses": 300177000,
    "costAndExpenses": 1035966000,
    "interestIncome": 0,
    "interestExpense": 13116000,
    "depreciationAndAmortization": 0,
    "ebitda": 153941000,
    "ebitdaratio": 0.1308142227,
    "operatingIncome": 140825000,
    "operatingIncomeRatio": 0.1196686582,
    "totalOtherIncomeExpensesNet": 0,
    "incomeBeforeTax": 140825000,
    "incomeBeforeTaxRatio": 0.1196686582,
    "incomeTaxExpense": 9513000,
    "netIncome": 131312000,
    "netIncomeRatio": 0.1115848099,
    "eps": 2.42,
    "epsdiluted": 2.41,
    "weightedAverageShsOut": 54261157,
    "weightedAverageShsOutDil": 54486307,
    "link": null,
    "finalLink": null
  },
  {
    "date": "2011-03-31",
    "symbol": "EG",
    "reportedCurrency": "USD",
    "cik": "0001095073",
    "fillingDate": "2011-03-31",
    "acceptedDate": "2011-03-31 00:00:00",
    "calendarYear": "2011",
    "period": "Q1",
    "revenue": 1206445000,
    "costOfRevenue": 1249776000,
    "grossProfit": -43331000,
    "grossProfitRatio": -0.0359162664,
    "researchAndDevelopmentExpenses": 0,
    "generalAndAdministrativeExpenses": 3928000,
    "sellingAndMarketingExpenses": 236457000,
    "sellingGeneralAndAdministrativeExpenses": 240385000,
    "otherExpenses": 57954000,
    "operatingExpenses": 298339000,
    "costAndExpenses": 1548115000,
    "interestIncome": 0,
    "interestExpense": 12998000,
    "depreciationAndAmortization": 0,
    "ebitda": -328672000,
    "ebitdaratio": -0.2724301564,
    "operatingIncome": -341670000,
    "operatingIncomeRatio": -0.2832039587,
    "totalOtherIncomeExpensesNet": 0,
    "incomeBeforeTax": -341670000,
    "incomeBeforeTaxRatio": -0.2832039587,
    "incomeTaxExpense": -25776000,
    "netIncome": -315894000,
    "netIncomeRatio": -0.2618387079,
    "eps": -5.81,
    "epsdiluted": -5.81,
    "weightedAverageShsOut": 54370740,
    "weightedAverageShsOutDil": 54370740,
    "link": null,
    "finalLink": null
  },
  {
    "date": "2010-12-31",
    "symbol": "EG",
    "reportedCurrency": "USD",
    "cik": "0001095073",
    "fillingDate": "2010-12-31",
    "acceptedDate": "2010-12-31 00:00:00",
    "calendarYear": "2010",
    "period": "Q4",
    "revenue": 1258374000,
    "costOfRevenue": 720121000,
    "grossProfit": 538253000,
    "grossProfitRatio": 0.4277369049,
    "researchAndDevelopmentExpenses": 0,
    "generalAndAdministrativeExpenses": 2535000,
    "sellingAndMarketingExpenses": 245227000,
    "sellingGeneralAndAdministrativeExpenses": 247762000,
    "otherExpenses": 54264000,
    "operatingExpenses": 302026000,
    "costAndExpenses": 1022147000,
    "interestIncome": 0,
    "interestExpense": 13034000,
    "depreciationAndAmortization": 0,
    "ebitda": 249261000,
    "ebitdaratio": 0.1980818103,
    "operatingIncome": 236227000,
    "operatingIncomeRatio": 0.1877239994,
    "totalOtherIncomeExpensesNet": 0,
    "incomeBeforeTax": 236227000,
    "incomeBeforeTaxRatio": 0.1877239994,
    "incomeTaxExpense": -66306000,
    "netIncome": 302533000,
    "netIncomeRatio": 0.2404158064,
    "eps": 5.51,
    "epsdiluted": 5.51,
    "weightedAverageShsOut": 54413000,
    "weightedAverageShsOutDil": 54900000,
    "link": null,
    "finalLink": null
  },
  {
    "date": "2010-09-30",
    "symbol": "EG",
    "reportedCurrency": "USD",
    "cik": "0001095073",
    "fillingDate": "2010-09-30",
    "acceptedDate": "2010-09-30 00:00:00",
    "calendarYear": "2010",
    "period": "Q3",
    "revenue": 1178090000,
    "costOfRevenue": 674787000,
    "grossProfit": 503303000,
    "grossProfitRatio": 0.4272194824,
    "researchAndDevelopmentExpenses": 0,
    "generalAndAdministrativeExpenses": 3917000,
    "sellingAndMarketingExpenses": 237473000,
    "sellingGeneralAndAdministrativeExpenses": 241390000,
    "otherExpenses": 57475000,
    "operatingExpenses": 298865000,
    "costAndExpenses": 973652000,
    "interestIncome": 0,
    "interestExpense": 13138000,
    "depreciationAndAmortization": 0,
    "ebitda": 217576000,
    "ebitdaratio": 0.1846853806,
    "operatingIncome": 204438000,
    "operatingIncomeRatio": 0.1735334312,
    "totalOtherIncomeExpensesNet": 0,
    "incomeBeforeTax": 204438000,
    "incomeBeforeTaxRatio": 0.1735334312,
    "incomeTaxExpense": 30238000,
    "netIncome": 174200000,
    "netIncomeRatio": 0.1478664618,
    "eps": 3.12,
    "epsdiluted": 3.11,
    "weightedAverageShsOut": 55833333,
    "weightedAverageShsOutDil": 56012862,
    "link": null,
    "finalLink": null
  },
  {
    "date": "2010-06-30",
    "symbol": "EG",
    "reportedCurrency": "USD",
    "cik": "0001095073",
    "fillingDate": "2010-06-30",
    "acceptedDate": "2010-06-30 00:00:00",
    "calendarYear": "2010",
    "period": "Q2",
    "revenue": 1099431000,
    "costOfRevenue": 643948000,
    "grossProfit": 455483000,
    "grossProfitRatio": 0.4142897553,
    "researchAndDevelopmentExpenses": 0,
    "generalAndAdministrativeExpenses": 3887000,
    "sellingAndMarketingExpenses": 236493000,
    "sellingGeneralAndAdministrativeExpenses": 240380000,
    "otherExpenses": 54763000,
    "operatingExpenses": 295143000,
    "costAndExpenses": 939091000,
    "interestIncome": 0,
    "interestExpense": 13016000,
    "depreciationAndAmortization": 0,
    "ebitda": 173356000,
    "ebitdaratio": 0.1576779261,
    "operatingIncome": 160340000,
    "operatingIncomeRatio": 0.1458390749,
    "totalOtherIncomeExpensesNet": 0,
    "incomeBeforeTax": 160340000,
    "incomeBeforeTaxRatio": 0.1458390749,
    "incomeTaxExpense": 3667000,
    "netIncome": 156673000,
    "netIncomeRatio": 0.1425037133,
    "eps": 2.7,
    "epsdiluted": 2.7,
    "weightedAverageShsOut": 58027037,
    "weightedAverageShsOutDil": 58027037,
    "link": null,
    "finalLink": null
  },
  {
    "date": "2010-03-31",
    "symbol": "EG",
    "reportedCurrency": "USD",
    "cik": "0001095073",
    "fillingDate": "2010-03-31",
    "acceptedDate": "2010-03-31 00:00:00",
    "calendarYear": "2010",
    "period": "Q1",
    "revenue": 1169912000,
    "costOfRevenue": 906856000,
    "grossProfit": 263056000,
    "grossProfitRatio": 0.2248510999,
    "researchAndDevelopmentExpenses": 0,
    "generalAndAdministrativeExpenses": 4575000,
    "sellingAndMarketingExpenses": 212662000,
    "sellingGeneralAndAdministrativeExpenses": 217237000,
    "otherExpenses": 55586000,
    "operatingExpenses": 272823000,
    "costAndExpenses": 1179679000,
    "interestIncome": 0,
    "interestExpense": 16642000,
    "depreciationAndAmortization": 0,
    "ebitda": 6875000,
    "ebitdaratio": 0.0058765104,
    "operatingIncome": -9767000,
    "operatingIncomeRatio": -0.0083484912,
    "totalOtherIncomeExpensesNet": 0,
    "incomeBeforeTax": -9767000,
    "incomeBeforeTaxRatio": -0.0083484912,
    "incomeTaxExpense": 12885000,
    "netIncome": -22652000,
    "netIncomeRatio": -0.0193621401,
    "eps": -0.38,
    "epsdiluted": -0.38,
    "weightedAverageShsOut": 59610526,
    "weightedAverageShsOutDil": 59610526,
    "link": null,
    "finalLink": null
  },
  {
    "date": "2009-12-31",
    "symbol": "EG",
    "reportedCurrency": "USD",
    "cik": "0001095073",
    "fillingDate": "2009-12-31",
    "acceptedDate": "2009-12-31 00:00:00",
    "calendarYear": "2009",
    "period": "Q4",
    "revenue": 1181456000,
    "costOfRevenue": 650121000,
    "grossProfit": 531335000,
    "grossProfitRatio": 0.4497289785,
    "researchAndDevelopmentExpenses": 0,
    "generalAndAdministrativeExpenses": 0,
    "sellingAndMarketingExpenses": 243824000,
    "sellingGeneralAndAdministrativeExpenses": 243824000,
    "otherExpenses": 67823000,
    "operatingExpenses": 311647000,
    "costAndExpenses": 961768000,
    "interestIncome": 0,
    "interestExpense": 17447000,
    "depreciationAndAmortization": 0,
    "ebitda": 237135000,
    "ebitdaratio": 0.2007142035,
    "operatingIncome": 219688000,
    "operatingIncomeRatio": 0.1859468317,
    "totalOtherIncomeExpensesNet": 0,
    "incomeBeforeTax": 219688000,
    "incomeBeforeTaxRatio": 0.1859468317,
    "incomeTaxExpense": 22461000,
    "netIncome": 197227000,
    "netIncomeRatio": 0.1669355439,
    "eps": 3.29,
    "epsdiluted": 3.29,
    "weightedAverageShsOut": 59746000,
    "weightedAverageShsOutDil": 60000000,
    "link": null,
    "finalLink": null
  },
  {
    "date": "2009-09-30",
    "symbol": "EG",
    "reportedCurrency": "USD",
    "cik": "0001095073",
    "fillingDate": "2009-09-30",
    "acceptedDate": "2009-09-30 00:00:00",
    "calendarYear": "2009",
    "period": "Q3",
    "revenue": 1156508000,
    "costOfRevenue": 587247000,
    "grossProfit": 569261000,
    "grossProfitRatio": 0.4922240054,
    "researchAndDevelopmentExpenses": 0,
    "generalAndAdministrativeExpenses": 4433000,
    "sellingAndMarketingExpenses": 229257000,
    "sellingGeneralAndAdministrativeExpenses": 233690000,
    "otherExpenses": 61880000,
    "operatingExpenses": 295570000,
    "costAndExpenses": 882817000,
    "interestIncome": 0,
    "interestExpense": 17376000,
    "depreciationAndAmortization": 0,
    "ebitda": 291067000,
    "ebitdaratio": 0.2516774635,
    "operatingIncome": 273691000,
    "operatingIncomeRatio": 0.2366529241,
    "totalOtherIncomeExpensesNet": 0,
    "incomeBeforeTax": 273691000,
    "incomeBeforeTaxRatio": 0.2366529241,
    "incomeTaxExpense": 45073000,
    "netIncome": 228618000,
    "netIncomeRatio": 0.1976795664,
    "eps": 3.76,
    "epsdiluted": 3.75,
    "weightedAverageShsOut": 60802660,
    "weightedAverageShsOutDil": 60964800,
    "link": null,
    "finalLink": null
  },
  {
    "date": "2009-06-30",
    "symbol": "EG",
    "reportedCurrency": "USD",
    "cik": "0001095073",
    "fillingDate": "2009-06-30",
    "acceptedDate": "2009-06-30 00:00:00",
    "calendarYear": "2009",
    "period": "Q2",
    "revenue": 1171319000,
    "costOfRevenue": 566785000,
    "grossProfit": 604534000,
    "grossProfitRatio": 0.5161138853,
    "researchAndDevelopmentExpenses": 0,
    "generalAndAdministrativeExpenses": 4367000,
    "sellingAndMarketingExpenses": 229214000,
    "sellingGeneralAndAdministrativeExpenses": 233581000,
    "otherExpenses": 58086000,
    "operatingExpenses": 291667000,
    "costAndExpenses": 858452000,
    "interestIncome": 0,
    "interestExpense": 17116000,
    "depreciationAndAmortization": 0,
    "ebitda": 329983000,
    "ebitdaratio": 0.2817191559,
    "operatingIncome": 312867000,
    "operatingIncomeRatio": 0.2671065696,
    "totalOtherIncomeExpensesNet": 0,
    "incomeBeforeTax": 312867000,
    "incomeBeforeTaxRatio": 0.2671065696,
    "incomeTaxExpense": 40279000,
    "netIncome": 272588000,
    "netIncomeRatio": 0.2327188409,
    "eps": 4.44,
    "epsdiluted": 4.43,
    "weightedAverageShsOut": 61393694,
    "weightedAverageShsOutDil": 61532280,
    "link": null,
    "finalLink": null
  },
  {
    "date": "2009-03-31",
    "symbol": "EG",
    "reportedCurrency": "USD",
    "cik": "0001095073",
    "fillingDate": "2009-03-31",
    "acceptedDate": "2009-03-31 00:00:00",
    "calendarYear": "2009",
    "period": "Q1",
    "revenue": 989295000,
    "costOfRevenue": 569905000,
    "grossProfit": 419390000,
    "grossProfitRatio": 0.4239281509,
    "researchAndDevelopmentExpenses": 0,
    "generalAndAdministrativeExpenses": 0,
    "sellingAndMarketingExpenses": 226038000,
    "sellingGeneralAndAdministrativeExpenses": 226038000,
    "otherExpenses": 60277000,
    "operatingExpenses": 286315000,
    "costAndExpenses": 856220000,
    "interestIncome": 0,
    "interestExpense": 20142000,
    "depreciationAndAmortization": 0,
    "ebitda": 153217000,
    "ebitdaratio": 0.1548749362,
    "operatingIncome": 133075000,
    "operatingIncomeRatio": 0.1345149829,
    "totalOtherIncomeExpensesNet": 0,
    "incomeBeforeTax": 133075000,
    "incomeBeforeTaxRatio": 0.1345149829,
    "incomeTaxExpense": 24519000,
    "netIncome": 108556000,
    "netIncomeRatio": 0.1097306668,
    "eps": 1.77,
    "epsdiluted": 1.76,
    "weightedAverageShsOut": 61294000,
    "weightedAverageShsOutDil": 61432000,
    "link": null,
    "finalLink": null
  },
  {
    "date": "2008-12-31",
    "symbol": "EG",
    "reportedCurrency": "USD",
    "cik": "0001095073",
    "fillingDate": "2008-12-31",
    "acceptedDate": "2008-12-31 00:00:00",
    "calendarYear": "2008",
    "period": "Q4",
    "revenue": 722781000,
    "costOfRevenue": 475212000,
    "grossProfit": 247569000,
    "grossProfitRatio": 0.3425228389,
    "researchAndDevelopmentExpenses": 0,
    "generalAndAdministrativeExpenses": 0,
    "sellingAndMarketingExpenses": 240789000,
    "sellingGeneralAndAdministrativeExpenses": 240789000,
    "otherExpenses": 61837000,
    "operatingExpenses": 302626000,
    "costAndExpenses": 777838000,
    "interestIncome": 0,
    "interestExpense": 19795000,
    "depreciationAndAmortization": 0,
    "ebitda": -35262000,
    "ebitdaratio": -0.0487865619,
    "operatingIncome": -55057000,
    "operatingIncomeRatio": -0.0761738341,
    "totalOtherIncomeExpensesNet": 0,
    "incomeBeforeTax": -55057000,
    "incomeBeforeTaxRatio": -0.0761738341,
    "incomeTaxExpense": -38466000,
    "netIncome": -16591000,
    "netIncomeRatio": -0.0229543942,
    "eps": -0.27,
    "epsdiluted": -0.27,
    "weightedAverageShsOut": 61269000,
    "weightedAverageShsOutDil": 61300000,
    "link": null,
    "finalLink": null
  },
  {
    "date": "2008-09-30",
    "symbol": "EG",
    "reportedCurrency": "USD",
    "cik": "0001095073",
    "fillingDate": "2008-09-30",
    "acceptedDate": "2008-09-30 00:00:00",
    "calendarYear": "2008",
    "period": "Q3",
    "revenue": 809672000,
    "costOfRevenue": 813668000,
    "grossProfit": -3996000,
    "grossProfitRatio": -0.0049353318,
    "researchAndDevelopmentExpenses": 0,
    "generalAndAdministrativeExpenses": 0,
    "sellingAndMarketingExpenses": 218045000,
    "sellingGeneralAndAdministrativeExpenses": 218045000,
    "otherExpenses": 60130000,
    "operatingExpenses": 278175000,
    "costAndExpenses": 1091843000,
    "interestIncome": 0,
    "interestExpense": 19795000,
    "depreciationAndAmortization": 0,
    "ebitda": -262376000,
    "ebitdaratio": -0.3240522088,
    "operatingIncome": -282171000,
    "operatingIncomeRatio": -0.3485003804,
    "totalOtherIncomeExpensesNet": 0,
    "incomeBeforeTax": -282171000,
    "incomeBeforeTaxRatio": -0.3485003804,
    "incomeTaxExpense": -49044000,
    "netIncome": -233127000,
    "netIncomeRatio": -0.2879277041,
    "eps": -3.8,
    "epsdiluted": -3.78,
    "weightedAverageShsOut": 61396000,
    "weightedAverageShsOutDil": 61634000,
    "link": null,
    "finalLink": null
  },
  {
    "date": "2008-06-30",
    "symbol": "EG",
    "reportedCurrency": "USD",
    "cik": "0001095073",
    "fillingDate": "2008-06-30",
    "acceptedDate": "2008-06-30 00:00:00",
    "calendarYear": "2008",
    "period": "Q2",
    "revenue": 1078360000,
    "costOfRevenue": 604742000,
    "grossProfit": 473618000,
    "grossProfitRatio": 0.4392021217,
    "researchAndDevelopmentExpenses": 0,
    "generalAndAdministrativeExpenses": 0,
    "sellingAndMarketingExpenses": 244713000,
    "sellingGeneralAndAdministrativeExpenses": 244713000,
    "otherExpenses": 59522000,
    "operatingExpenses": 304235000,
    "costAndExpenses": 908977000,
    "interestIncome": 0,
    "interestExpense": 19794000,
    "depreciationAndAmortization": 0,
    "ebitda": 189177000,
    "ebitdaratio": 0.175430283,
    "operatingIncome": 169383000,
    "operatingIncomeRatio": 0.1570746318,
    "totalOtherIncomeExpensesNet": 0,
    "incomeBeforeTax": 169383000,
    "incomeBeforeTaxRatio": 0.1570746318,
    "incomeTaxExpense": 16356000,
    "netIncome": 153027000,
    "netIncomeRatio": 0.1419071553,
    "eps": 2.48,
    "epsdiluted": 2.46,
    "weightedAverageShsOut": 61658000,
    "weightedAverageShsOutDil": 62206098,
    "link": null,
    "finalLink": null
  },
  {
    "date": "2008-03-31",
    "symbol": "EG",
    "reportedCurrency": "USD",
    "cik": "0001095073",
    "fillingDate": "2008-03-31",
    "acceptedDate": "2008-03-31 00:00:00",
    "calendarYear": "2008",
    "period": "Q1",
    "revenue": 916766000,
    "costOfRevenue": 585594000,
    "grossProfit": 331172000,
    "grossProfitRatio": 0.3612394002,
    "researchAndDevelopmentExpenses": 0,
    "generalAndAdministrativeExpenses": 0,
    "sellingAndMarketingExpenses": 0,
    "sellingGeneralAndAdministrativeExpenses": 227147000,
    "otherExpenses": 19787000,
    "operatingExpenses": 246934000,
    "costAndExpenses": 832528000,
    "interestIncome": 0,
    "interestExpense": 19787000,
    "depreciationAndAmortization": 496000,
    "ebitda": 104521000,
    "ebitdaratio": 0.1140105545,
    "operatingIncome": 84238000,
    "operatingIncomeRatio": 0.0918860429,
    "totalOtherIncomeExpensesNet": 0,
    "incomeBeforeTax": 84238000,
    "incomeBeforeTaxRatio": 0.0918860429,
    "incomeTaxExpense": 6305000,
    "netIncome": 77933000,
    "netIncomeRatio": 0.0850086063,
    "eps": 1.25,
    "epsdiluted": 1.24,
    "weightedAverageShsOut": 62377000,
    "weightedAverageShsOutDil": 62860000,
    "link": null,
    "finalLink": null
  },
  {
    "date": "2007-12-31",
    "symbol": "EG",
    "reportedCurrency": "USD",
    "cik": "0001095073",
    "fillingDate": "2007-12-31",
    "acceptedDate": "2007-12-31 00:00:00",
    "calendarYear": "2007",
    "period": "Q4",
    "revenue": 1108985000,
    "costOfRevenue": 818703000,
    "grossProfit": 290282000,
    "grossProfitRatio": 0.2617546676,
    "researchAndDevelopmentExpenses": 0,
    "generalAndAdministrativeExpenses": 0,
    "sellingAndMarketingExpenses": 0,
    "sellingGeneralAndAdministrativeExpenses": 0,
    "otherExpenses": 284597000,
    "operatingExpenses": 284597000,
    "costAndExpenses": 1103300000,
    "interestIncome": 0,
    "interestExpense": 21485000,
    "depreciationAndAmortization": -1839000,
    "ebitda": 25331000,
    "ebitdaratio": 0.0228416074,
    "operatingIncome": 5685000,
    "operatingIncomeRatio": 0.0051263092,
    "totalOtherIncomeExpensesNet": 0,
    "incomeBeforeTax": 5685000,
    "incomeBeforeTaxRatio": 0.0051263092,
    "incomeTaxExpense": -6553000,
    "netIncome": 12238000,
    "netIncomeRatio": 0.0110353161,
    "eps": 0.19,
    "epsdiluted": 0.19,
    "weightedAverageShsOut": 62665000,
    "weightedAverageShsOutDil": 63100000,
    "link": null,
    "finalLink": null
  },
  {
    "date": "2007-09-30",
    "symbol": "EG",
    "reportedCurrency": "USD",
    "cik": "0001095073",
    "fillingDate": "2007-09-30",
    "acceptedDate": "2007-09-30 00:00:00",
    "calendarYear": "2007",
    "period": "Q3",
    "revenue": 1202010000,
    "costOfRevenue": 623556000,
    "grossProfit": 578454000,
    "grossProfitRatio": 0.4812389248,
    "researchAndDevelopmentExpenses": 0,
    "generalAndAdministrativeExpenses": 0,
    "sellingAndMarketingExpenses": 0,
    "sellingGeneralAndAdministrativeExpenses": 240135000,
    "otherExpenses": 26833000,
    "operatingExpenses": 266968000,
    "costAndExpenses": 890524000,
    "interestIncome": 0,
    "interestExpense": 23754000,
    "depreciationAndAmortization": -5845000,
    "ebitda": 332474000,
    "ebitdaratio": 0.2765983644,
    "operatingIncome": 311486000,
    "operatingIncomeRatio": 0.2591376112,
    "totalOtherIncomeExpensesNet": 0,
    "incomeBeforeTax": 311486000,
    "incomeBeforeTaxRatio": 0.2591376112,
    "incomeTaxExpense": 64899000,
    "netIncome": 246587000,
    "netIncomeRatio": 0.2051455479,
    "eps": 3.93,
    "epsdiluted": 3.9,
    "weightedAverageShsOut": 62751000,
    "weightedAverageShsOutDil": 63268000,
    "link": null,
    "finalLink": null
  },
  {
    "date": "2007-06-30",
    "symbol": "EG",
    "reportedCurrency": "USD",
    "cik": "0001095073",
    "fillingDate": "2007-06-30",
    "acceptedDate": "2007-06-30 00:00:00",
    "calendarYear": "2007",
    "period": "Q2",
    "revenue": 1268738000,
    "costOfRevenue": 656655000,
    "grossProfit": 612083000,
    "grossProfitRatio": 0.4824345137,
    "researchAndDevelopmentExpenses": 0,
    "generalAndAdministrativeExpenses": 0,
    "sellingAndMarketingExpenses": 0,
    "sellingGeneralAndAdministrativeExpenses": 234423000,
    "otherExpenses": 24243000,
    "operatingExpenses": 258666000,
    "costAndExpenses": 915321000,
    "interestIncome": 0,
    "interestExpense": 21479000,
    "depreciationAndAmortization": -2083000,
    "ebitda": 375577000,
    "ebitdaratio": 0.2960240806,
    "operatingIncome": 353417000,
    "operatingIncomeRatio": 0.2785579056,
    "totalOtherIncomeExpensesNet": 0,
    "incomeBeforeTax": 353417000,
    "incomeBeforeTaxRatio": 0.2785579056,
    "incomeTaxExpense": 70549000,
    "netIncome": 282868000,
    "netIncomeRatio": 0.2229522565,
    "eps": 4.5,
    "epsdiluted": 4.45,
    "weightedAverageShsOut": 62901000,
    "weightedAverageShsOutDil": 63518000,
    "link": null,
    "finalLink": null
  },
  {
    "date": "2007-03-31",
    "symbol": "EG",
    "reportedCurrency": "USD",
    "cik": "0001095073",
    "fillingDate": "2007-03-31",
    "acceptedDate": "2007-03-31 00:00:00",
    "calendarYear": "2007",
    "period": "Q1",
    "revenue": 1202314000,
    "costOfRevenue": 601828000,
    "grossProfit": 600486000,
    "grossProfitRatio": 0.4994419095,
    "researchAndDevelopmentExpenses": 0,
    "generalAndAdministrativeExpenses": 0,
    "sellingAndMarketingExpenses": 0,
    "sellingGeneralAndAdministrativeExpenses": 0,
    "otherExpenses": 243118000,
    "operatingExpenses": 243118000,
    "costAndExpenses": 844946000,
    "interestIncome": 0,
    "interestExpense": 17151000,
    "depreciationAndAmortization": 1337000,
    "ebitda": 375856000,
    "ebitdaratio": 0.3126105161,
    "operatingIncome": 357368000,
    "operatingIncomeRatio": 0.2972335014,
    "totalOtherIncomeExpensesNet": 0,
    "incomeBeforeTax": 357368000,
    "incomeBeforeTaxRatio": 0.2972335014,
    "incomeTaxExpense": 59786000,
    "netIncome": 297582000,
    "netIncomeRatio": 0.2475077226,
    "eps": 4.64,
    "epsdiluted": 4.59,
    "weightedAverageShsOut": 64172000,
    "weightedAverageShsOutDil": 64763000,
    "link": null,
    "finalLink": null
  },
  {
    "date": "2006-12-31",
    "symbol": "EG",
    "reportedCurrency": "USD",
    "cik": "0001095073",
    "fillingDate": "2006-12-31",
    "acceptedDate": "2006-12-31 00:00:00",
    "calendarYear": "2006",
    "period": "Q4",
    "revenue": 1172994000,
    "costOfRevenue": 686370000,
    "grossProfit": 486624000,
    "grossProfitRatio": 0.414856342,
    "researchAndDevelopmentExpenses": 0,
    "generalAndAdministrativeExpenses": 0,
    "sellingAndMarketingExpenses": 0,
    "sellingGeneralAndAdministrativeExpenses": 0,
    "otherExpenses": 240841000,
    "operatingExpenses": 240841000,
    "costAndExpenses": 927211000,
    "interestIncome": 0,
    "interestExpense": 17151000,
    "depreciationAndAmortization": 2605000,
    "ebitda": 265539000,
    "ebitdaratio": 0.226377117,
    "operatingIncome": 245783000,
    "operatingIncomeRatio": 0.2095347461,
    "totalOtherIncomeExpensesNet": 0,
    "incomeBeforeTax": 245783000,
    "incomeBeforeTaxRatio": 0.2095347461,
    "incomeTaxExpense": 39432000,
    "netIncome": 206351000,
    "netIncomeRatio": 0.1759182059,
    "eps": 3.15,
    "epsdiluted": 3.15,
    "weightedAverageShsOut": 64832000,
    "weightedAverageShsOutDil": 65500000,
    "link": null,
    "finalLink": null
  },
  {
    "date": "2006-09-30",
    "symbol": "EG",
    "reportedCurrency": "USD",
    "cik": "0001095073",
    "fillingDate": "2006-09-30",
    "acceptedDate": "2006-09-30 00:00:00",
    "calendarYear": "2006",
    "period": "Q3",
    "revenue": 1113889000,
    "costOfRevenue": 580788000,
    "grossProfit": 533101000,
    "grossProfitRatio": 0.4785943662,
    "researchAndDevelopmentExpenses": 0,
    "generalAndAdministrativeExpenses": 0,
    "sellingAndMarketingExpenses": 0,
    "sellingGeneralAndAdministrativeExpenses": 0,
    "otherExpenses": 233446000,
    "operatingExpenses": 233446000,
    "costAndExpenses": 814234000,
    "interestIncome": 0,
    "interestExpense": 17150000,
    "depreciationAndAmortization": 6053000,
    "ebitda": 322858000,
    "ebitdaratio": 0.2898475521,
    "operatingIncome": 299655000,
    "operatingIncomeRatio": 0.2690169308,
    "totalOtherIncomeExpensesNet": 0,
    "incomeBeforeTax": 299655000,
    "incomeBeforeTaxRatio": 0.2690169308,
    "incomeTaxExpense": 53977000,
    "netIncome": 245678000,
    "netIncomeRatio": 0.220558781,
    "eps": 3.8,
    "epsdiluted": 3.76,
    "weightedAverageShsOut": 64733000,
    "weightedAverageShsOutDil": 65375000,
    "link": null,
    "finalLink": null
  },
  {
    "date": "2006-06-30",
    "symbol": "EG",
    "reportedCurrency": "USD",
    "cik": "0001095073",
    "fillingDate": "2006-06-30",
    "acceptedDate": "2006-06-30 00:00:00",
    "calendarYear": "2006",
    "period": "Q2",
    "revenue": 1052728000,
    "costOfRevenue": 577282000,
    "grossProfit": 475446000,
    "grossProfitRatio": 0.4516323305,
    "researchAndDevelopmentExpenses": 0,
    "generalAndAdministrativeExpenses": 0,
    "sellingAndMarketingExpenses": 0,
    "sellingGeneralAndAdministrativeExpenses": 0,
    "otherExpenses": 223884000,
    "operatingExpenses": 223884000,
    "costAndExpenses": 801166000,
    "interestIncome": 0,
    "interestExpense": 17149000,
    "depreciationAndAmortization": 5948000,
    "ebitda": 274659000,
    "ebitdaratio": 0.2609021514,
    "operatingIncome": 251562000,
    "operatingIncomeRatio": 0.2389620111,
    "totalOtherIncomeExpensesNet": 0,
    "incomeBeforeTax": 251562000,
    "incomeBeforeTaxRatio": 0.2389620111,
    "incomeTaxExpense": 31159000,
    "netIncome": 220403000,
    "netIncomeRatio": 0.2093636723,
    "eps": 3.41,
    "epsdiluted": 3.38,
    "weightedAverageShsOut": 64708000,
    "weightedAverageShsOutDil": 65258000,
    "link": null,
    "finalLink": null
  },
  {
    "date": "2006-03-31",
    "symbol": "EG",
    "reportedCurrency": "USD",
    "cik": "0001095073",
    "fillingDate": "2006-03-31",
    "acceptedDate": "2006-03-31 00:00:00",
    "calendarYear": "2006",
    "period": "Q1",
    "revenue": 1177689000,
    "costOfRevenue": 727957000,
    "grossProfit": 449732000,
    "grossProfitRatio": 0.3818767094,
    "researchAndDevelopmentExpenses": 0,
    "generalAndAdministrativeExpenses": 0,
    "sellingAndMarketingExpenses": 0,
    "sellingGeneralAndAdministrativeExpenses": 0,
    "otherExpenses": 254982000,
    "operatingExpenses": 254982000,
    "costAndExpenses": 982939000,
    "interestIncome": 0,
    "interestExpense": 17148000,
    "depreciationAndAmortization": 7340000,
    "ebitda": 219238000,
    "ebitdaratio": 0.1861595039,
    "operatingIncome": 194750000,
    "operatingIncomeRatio": 0.1653662385,
    "totalOtherIncomeExpensesNet": 0,
    "incomeBeforeTax": 194750000,
    "incomeBeforeTaxRatio": 0.1653662385,
    "incomeTaxExpense": 26354000,
    "netIncome": 168396000,
    "netIncomeRatio": 0.1429885139,
    "eps": 2.61,
    "epsdiluted": 2.57,
    "weightedAverageShsOut": 64622000,
    "weightedAverageShsOutDil": 65437000,
    "link": null,
    "finalLink": null
  },
  {
    "date": "2005-12-31",
    "symbol": "EG",
    "reportedCurrency": "USD",
    "cik": "0001095073",
    "fillingDate": "2005-12-31",
    "acceptedDate": "2005-12-31 00:00:00",
    "calendarYear": "2005",
    "period": "Q4",
    "revenue": 1068628000,
    "costOfRevenue": 1078954000,
    "grossProfit": -10326000,
    "grossProfitRatio": -0.0096628574,
    "researchAndDevelopmentExpenses": 0,
    "generalAndAdministrativeExpenses": 0,
    "sellingAndMarketingExpenses": 0,
    "sellingGeneralAndAdministrativeExpenses": 0,
    "otherExpenses": 228523000,
    "operatingExpenses": 228523000,
    "costAndExpenses": 1307477000,
    "interestIncome": 0,
    "interestExpense": 17148000,
    "depreciationAndAmortization": 7795000,
    "ebitda": -213906000,
    "ebitdaratio": -0.2001688146,
    "operatingIncome": -238849000,
    "operatingIncomeRatio": -0.2235099586,
    "totalOtherIncomeExpensesNet": 0,
    "incomeBeforeTax": -238849000,
    "incomeBeforeTaxRatio": -0.2235099586,
    "incomeTaxExpense": -76652000,
    "netIncome": -162197000,
    "netIncomeRatio": -0.1517806009,
    "eps": -2.62,
    "epsdiluted": -2.62,
    "weightedAverageShsOut": 61800000,
    "weightedAverageShsOutDil": 61800000,
    "link": null,
    "finalLink": null
  },
  {
    "date": "2005-09-30",
    "symbol": "EG",
    "reportedCurrency": "USD",
    "cik": "0001095073",
    "fillingDate": "2005-09-30",
    "acceptedDate": "2005-09-30 00:00:00",
    "calendarYear": "2005",
    "period": "Q3",
    "revenue": 1103701000,
    "costOfRevenue": 1352267000,
    "grossProfit": -248566000,
    "grossProfitRatio": -0.2252113571,
    "researchAndDevelopmentExpenses": 0,
    "generalAndAdministrativeExpenses": 0,
    "sellingAndMarketingExpenses": 0,
    "sellingGeneralAndAdministrativeExpenses": 0,
    "otherExpenses": 222170000,
    "operatingExpenses": 222170000,
    "costAndExpenses": 1574437000,
    "interestIncome": 0,
    "interestExpense": 17147000,
    "depreciationAndAmortization": 8297000,
    "ebitda": -445292000,
    "ebitdaratio": -0.4034534715,
    "operatingIncome": -470736000,
    "operatingIncomeRatio": -0.4265068166,
    "totalOtherIncomeExpensesNet": 0,
    "incomeBeforeTax": -470736000,
    "incomeBeforeTaxRatio": -0.4265068166,
    "incomeTaxExpense": -52991000,
    "netIncome": -417745000,
    "netIncomeRatio": -0.3784947191,
    "eps": -7.41,
    "epsdiluted": -7.41,
    "weightedAverageShsOut": 56361000,
    "weightedAverageShsOutDil": 56361000,
    "link": null,
    "finalLink": null
  },
  {
    "date": "2005-06-30",
    "symbol": "EG",
    "reportedCurrency": "USD",
    "cik": "0001095073",
    "fillingDate": "2005-06-30",
    "acceptedDate": "2005-06-30 00:00:00",
    "calendarYear": "2005",
    "period": "Q2",
    "revenue": 1250952000,
    "costOfRevenue": 721927000,
    "grossProfit": 529025000,
    "grossProfitRatio": 0.4228979209,
    "researchAndDevelopmentExpenses": 0,
    "generalAndAdministrativeExpenses": 0,
    "sellingAndMarketingExpenses": 0,
    "sellingGeneralAndAdministrativeExpenses": 0,
    "otherExpenses": 293989000,
    "operatingExpenses": 293989000,
    "costAndExpenses": 1015916000,
    "interestIncome": 0,
    "interestExpense": 17169000,
    "depreciationAndAmortization": 3666000,
    "ebitda": 255773000,
    "ebitdaratio": 0.2044626812,
    "operatingIncome": 235036000,
    "operatingIncomeRatio": 0.1878857062,
    "totalOtherIncomeExpensesNet": 0,
    "incomeBeforeTax": 235036000,
    "incomeBeforeTaxRatio": 0.1878857062,
    "incomeTaxExpense": 40856000,
    "netIncome": 194180000,
    "netIncomeRatio": 0.15522578,
    "eps": 3.45,
    "epsdiluted": 3.4,
    "weightedAverageShsOut": 56266000,
    "weightedAverageShsOutDil": 57128000,
    "link": null,
    "finalLink": null
  },
  {
    "date": "2005-03-31",
    "symbol": "EG",
    "reportedCurrency": "USD",
    "cik": "0001095073",
    "fillingDate": "2005-03-31",
    "acceptedDate": "2005-03-31 00:00:00",
    "calendarYear": "2005",
    "period": "Q1",
    "revenue": 1136616000,
    "costOfRevenue": 698644000,
    "grossProfit": 437972000,
    "grossProfitRatio": 0.385329786,
    "researchAndDevelopmentExpenses": 0,
    "generalAndAdministrativeExpenses": 0,
    "sellingAndMarketingExpenses": 0,
    "sellingGeneralAndAdministrativeExpenses": 0,
    "otherExpenses": 244344000,
    "operatingExpenses": 244344000,
    "costAndExpenses": 942988000,
    "interestIncome": 0,
    "interestExpense": 21707000,
    "depreciationAndAmortization": 7702000,
    "ebitda": 222927000,
    "ebitdaratio": 0.196132203,
    "operatingIncome": 193628000,
    "operatingIncomeRatio": 0.1703548076,
    "totalOtherIncomeExpensesNet": 0,
    "incomeBeforeTax": 193628000,
    "incomeBeforeTaxRatio": 0.1703548076,
    "incomeTaxExpense": 26533000,
    "netIncome": 167095000,
    "netIncomeRatio": 0.1470109518,
    "eps": 2.98,
    "epsdiluted": 2.93,
    "weightedAverageShsOut": 56141000,
    "weightedAverageShsOutDil": 57076000,
    "link": null,
    "finalLink": null
  },
  {
    "date": "2004-12-31",
    "symbol": "EG",
    "reportedCurrency": "USD",
    "cik": "0001095073",
    "fillingDate": "2004-12-31",
    "acceptedDate": "2004-12-31 00:00:00",
    "calendarYear": "2004",
    "period": "Q4",
    "revenue": 1362212000,
    "costOfRevenue": 970932000,
    "grossProfit": 391280000,
    "grossProfitRatio": 0.2872386971,
    "researchAndDevelopmentExpenses": 0,
    "generalAndAdministrativeExpenses": 0,
    "sellingAndMarketingExpenses": 0,
    "sellingGeneralAndAdministrativeExpenses": 0,
    "otherExpenses": 311746000,
    "operatingExpenses": 311746000,
    "costAndExpenses": 1282678000,
    "interestIncome": 0,
    "interestExpense": 22303000,
    "depreciationAndAmortization": 6971000,
    "ebitda": 108808000,
    "ebitdaratio": 0.0798759664,
    "operatingIncome": 79534000,
    "operatingIncomeRatio": 0.0583859194,
    "totalOtherIncomeExpensesNet": 0,
    "incomeBeforeTax": 79534000,
    "incomeBeforeTaxRatio": 0.0583859194,
    "incomeTaxExpense": -13793000,
    "netIncome": 93327000,
    "netIncomeRatio": 0.0685113624,
    "eps": 1.64,
    "epsdiluted": 1.64,
    "weightedAverageShsOut": 55989616,
    "weightedAverageShsOutDil": 56900000,
    "link": null,
    "finalLink": null
  },
  {
    "date": "2004-09-30",
    "symbol": "EG",
    "reportedCurrency": "USD",
    "cik": "0001095073",
    "fillingDate": "2004-09-30",
    "acceptedDate": "2004-09-30 00:00:00",
    "calendarYear": "2004",
    "period": "Q3",
    "revenue": 1263594000,
    "costOfRevenue": 988319000,
    "grossProfit": 275275000,
    "grossProfitRatio": 0.2178508287,
    "researchAndDevelopmentExpenses": 0,
    "generalAndAdministrativeExpenses": 0,
    "sellingAndMarketingExpenses": 0,
    "sellingGeneralAndAdministrativeExpenses": 0,
    "otherExpenses": 267507000,
    "operatingExpenses": 267507000,
    "costAndExpenses": 1255826000,
    "interestIncome": 0,
    "interestExpense": 19439000,
    "depreciationAndAmortization": 4354000,
    "ebitda": 31222000,
    "ebitdaratio": 0.0247088859,
    "operatingIncome": 7768000,
    "operatingIncomeRatio": 0.0061475442,
    "totalOtherIncomeExpensesNet": 0,
    "incomeBeforeTax": 7768000,
    "incomeBeforeTaxRatio": 0.0061475442,
    "incomeTaxExpense": -3695000,
    "netIncome": 11463000,
    "netIncomeRatio": 0.009071743,
    "eps": 0.2,
    "epsdiluted": 0.2,
    "weightedAverageShsOut": 55991000,
    "weightedAverageShsOutDil": 56712000,
    "link": null,
    "finalLink": null
  },
  {
    "date": "2004-06-30",
    "symbol": "EG",
    "reportedCurrency": "USD",
    "cik": "0001095073",
    "fillingDate": "2004-06-30",
    "acceptedDate": "2004-06-30 00:00:00",
    "calendarYear": "2004",
    "period": "Q2",
    "revenue": 1264117000,
    "costOfRevenue": 703882000,
    "grossProfit": 560235000,
    "grossProfitRatio": 0.4431828699,
    "researchAndDevelopmentExpenses": 0,
    "generalAndAdministrativeExpenses": 0,
    "sellingAndMarketingExpenses": 0,
    "sellingGeneralAndAdministrativeExpenses": 0,
    "otherExpenses": 234204000,
    "operatingExpenses": 234204000,
    "costAndExpenses": 938086000,
    "interestIncome": 0,
    "interestExpense": 19318000,
    "depreciationAndAmortization": 7119000,
    "ebitda": 352468000,
    "ebitdaratio": 0.2788254568,
    "operatingIncome": 326031000,
    "operatingIncomeRatio": 0.2579120445,
    "totalOtherIncomeExpensesNet": 0,
    "incomeBeforeTax": 326031000,
    "incomeBeforeTaxRatio": 0.2579120445,
    "incomeTaxExpense": 62064000,
    "netIncome": 263967000,
    "netIncomeRatio": 0.2088153233,
    "eps": 4.72,
    "epsdiluted": 4.64,
    "weightedAverageShsOut": 55933000,
    "weightedAverageShsOutDil": 56860000,
    "link": null,
    "finalLink": null
  },
  {
    "date": "2004-03-31",
    "symbol": "EG",
    "reportedCurrency": "USD",
    "cik": "0001095073",
    "fillingDate": "2004-03-31",
    "acceptedDate": "2004-03-31 00:00:00",
    "calendarYear": "2004",
    "period": "Q1",
    "revenue": 1118762000,
    "costOfRevenue": 735126000,
    "grossProfit": 383636000,
    "grossProfitRatio": 0.3429111822,
    "researchAndDevelopmentExpenses": 0,
    "generalAndAdministrativeExpenses": 0,
    "sellingAndMarketingExpenses": 0,
    "sellingGeneralAndAdministrativeExpenses": 0,
    "otherExpenses": 237258000,
    "operatingExpenses": 237258000,
    "costAndExpenses": 972384000,
    "interestIncome": 0,
    "interestExpense": 14479000,
    "depreciationAndAmortization": 6479000,
    "ebitda": 167336000,
    "ebitdaratio": 0.1495724739,
    "operatingIncome": 146378000,
    "operatingIncomeRatio": 0.130839267,
    "totalOtherIncomeExpensesNet": 0,
    "incomeBeforeTax": 146378000,
    "incomeBeforeTaxRatio": 0.130839267,
    "incomeTaxExpense": 20277000,
    "netIncome": 126101000,
    "netIncomeRatio": 0.1127147686,
    "eps": 2.26,
    "epsdiluted": 2.22,
    "weightedAverageShsOut": 55771000,
    "weightedAverageShsOutDil": 56834000,
    "link": null,
    "finalLink": null
  },
  {
    "date": "2003-12-31",
    "symbol": "EG",
    "reportedCurrency": "USD",
    "cik": "0001095073",
    "fillingDate": "2003-12-31",
    "acceptedDate": "2003-12-31 00:00:00",
    "calendarYear": "2003",
    "period": "Q4",
    "revenue": 1212990000,
    "costOfRevenue": 791335000,
    "grossProfit": 421655000,
    "grossProfitRatio": 0.3476162211,
    "researchAndDevelopmentExpenses": 0,
    "generalAndAdministrativeExpenses": 0,
    "sellingAndMarketingExpenses": 0,
    "sellingGeneralAndAdministrativeExpenses": 0,
    "otherExpenses": 278353000,
    "operatingExpenses": 278353000,
    "costAndExpenses": 1069688000,
    "interestIncome": 0,
    "interestExpense": 10061000,
    "depreciationAndAmortization": 7826000,
    "ebitda": 161189000,
    "ebitdaratio": 0.1328856792,
    "operatingIncome": 143302000,
    "operatingIncomeRatio": 0.1181394735,
    "totalOtherIncomeExpensesNet": 0,
    "incomeBeforeTax": 143302000,
    "incomeBeforeTaxRatio": 0.1181394735,
    "incomeTaxExpense": 21522000,
    "netIncome": 121780000,
    "netIncomeRatio": 0.1003965408,
    "eps": 2.14,
    "epsdiluted": 2.14,
    "weightedAverageShsOut": 55550000,
    "weightedAverageShsOutDil": 56800000,
    "link": null,
    "finalLink": null
  },
  {
    "date": "2003-09-30",
    "symbol": "EG",
    "reportedCurrency": "USD",
    "cik": "0001095073",
    "fillingDate": "2003-09-30",
    "acceptedDate": "2003-09-30 00:00:00",
    "calendarYear": "2003",
    "period": "Q3",
    "revenue": 1120069000,
    "costOfRevenue": 761187000,
    "grossProfit": 358882000,
    "grossProfitRatio": 0.3204106176,
    "researchAndDevelopmentExpenses": 0,
    "generalAndAdministrativeExpenses": 0,
    "sellingAndMarketingExpenses": 0,
    "sellingGeneralAndAdministrativeExpenses": 0,
    "otherExpenses": 246857000,
    "operatingExpenses": 246857000,
    "costAndExpenses": 1008044000,
    "interestIncome": 0,
    "interestExpense": 10060000,
    "depreciationAndAmortization": 2468000,
    "ebitda": 128802000,
    "ebitdaratio": 0.1149947012,
    "operatingIncome": 112025000,
    "operatingIncomeRatio": 0.1000161597,
    "totalOtherIncomeExpensesNet": 0,
    "incomeBeforeTax": 112025000,
    "incomeBeforeTaxRatio": 0.1000161597,
    "incomeTaxExpense": 11699000,
    "netIncome": 100326000,
    "netIncomeRatio": 0.0895712675,
    "eps": 1.81,
    "epsdiluted": 1.77,
    "weightedAverageShsOut": 55499000,
    "weightedAverageShsOutDil": 56562000,
    "link": null,
    "finalLink": null
  },
  {
    "date": "2003-06-30",
    "symbol": "EG",
    "reportedCurrency": "USD",
    "cik": "0001095073",
    "fillingDate": "2003-06-30",
    "acceptedDate": "2003-06-30 00:00:00",
    "calendarYear": "2003",
    "period": "Q2",
    "revenue": 952774000,
    "costOfRevenue": 608962000,
    "grossProfit": 343812000,
    "grossProfitRatio": 0.3608536757,
    "researchAndDevelopmentExpenses": 0,
    "generalAndAdministrativeExpenses": 0,
    "sellingAndMarketingExpenses": 0,
    "sellingGeneralAndAdministrativeExpenses": 0,
    "otherExpenses": 218739000,
    "operatingExpenses": 218739000,
    "costAndExpenses": 827701000,
    "interestIncome": 0,
    "interestExpense": 10081000,
    "depreciationAndAmortization": 465000,
    "ebitda": 139868000,
    "ebitdaratio": 0.1468008153,
    "operatingIncome": 125073000,
    "operatingIncomeRatio": 0.1312724739,
    "totalOtherIncomeExpensesNet": 0,
    "incomeBeforeTax": 125073000,
    "incomeBeforeTaxRatio": 0.1312724739,
    "incomeTaxExpense": 15518000,
    "netIncome": 109555000,
    "netIncomeRatio": 0.1149852956,
    "eps": 2.03,
    "epsdiluted": 1.99,
    "weightedAverageShsOut": 54096000,
    "weightedAverageShsOutDil": 55091000,
    "link": null,
    "finalLink": null
  },
  {
    "date": "2003-03-31",
    "symbol": "EG",
    "reportedCurrency": "USD",
    "cik": "0001095073",
    "fillingDate": "2003-03-31",
    "acceptedDate": "2003-03-31 00:00:00",
    "calendarYear": "2003",
    "period": "Q1",
    "revenue": 821293000,
    "costOfRevenue": 533335000,
    "grossProfit": 287958000,
    "grossProfitRatio": 0.350615432,
    "researchAndDevelopmentExpenses": 0,
    "generalAndAdministrativeExpenses": 0,
    "sellingAndMarketingExpenses": 0,
    "sellingGeneralAndAdministrativeExpenses": 0,
    "otherExpenses": 177145000,
    "operatingExpenses": 177145000,
    "costAndExpenses": 710480000,
    "interestIncome": 0,
    "interestExpense": 10091000,
    "depreciationAndAmortization": -119000,
    "ebitda": 125034000,
    "ebitdaratio": 0.1522404306,
    "operatingIncome": 110813000,
    "operatingIncomeRatio": 0.1349250511,
    "totalOtherIncomeExpensesNet": 0,
    "incomeBeforeTax": 110813000,
    "incomeBeforeTaxRatio": 0.1349250511,
    "incomeTaxExpense": 16446000,
    "netIncome": 94367000,
    "netIncomeRatio": 0.1149005288,
    "eps": 1.85,
    "epsdiluted": 1.83,
    "weightedAverageShsOut": 50897000,
    "weightedAverageShsOutDil": 51521000,
    "link": null,
    "finalLink": null
  },
  {
    "date": "2002-12-31",
    "symbol": "EG",
    "reportedCurrency": "USD",
    "cik": "0001095073",
    "fillingDate": "2002-12-31",
    "acceptedDate": "2002-12-31 00:00:00",
    "calendarYear": "2002",
    "period": "Q4",
    "revenue": 806301000,
    "costOfRevenue": 553385000,
    "grossProfit": 252916000,
    "grossProfitRatio": 0.3136744218,
    "researchAndDevelopmentExpenses": 0,
    "generalAndAdministrativeExpenses": 0,
    "sellingAndMarketingExpenses": 0,
    "sellingGeneralAndAdministrativeExpenses": 0,
    "otherExpenses": 195096000,
    "operatingExpenses": 195096000,
    "costAndExpenses": 748481000,
    "interestIncome": 0,
    "interestExpense": 10503000,
    "depreciationAndAmortization": -1691000,
    "ebitda": 66632000,
    "ebitdaratio": 0.0826391137,
    "operatingIncome": 57820000,
    "operatingIncomeRatio": 0.0717101926,
    "totalOtherIncomeExpensesNet": 0,
    "incomeBeforeTax": 57820000,
    "incomeBeforeTaxRatio": 0.0717101926,
    "incomeTaxExpense": 2255000,
    "netIncome": 55565000,
    "netIncomeRatio": 0.0689134703,
    "eps": 1.08,
    "epsdiluted": 1.08,
    "weightedAverageShsOut": 50883000,
    "weightedAverageShsOutDil": 51600000,
    "link": null,
    "finalLink": null
  },
  {
    "date": "2002-09-30",
    "symbol": "EG",
    "reportedCurrency": "USD",
    "cik": "0001095073",
    "fillingDate": "2002-09-30",
    "acceptedDate": "2002-09-30 00:00:00",
    "calendarYear": "2002",
    "period": "Q3",
    "revenue": 623002000,
    "costOfRevenue": 409381000,
    "grossProfit": 213621000,
    "grossProfitRatio": 0.34288975,
    "researchAndDevelopmentExpenses": 0,
    "generalAndAdministrativeExpenses": 0,
    "sellingAndMarketingExpenses": 0,
    "sellingGeneralAndAdministrativeExpenses": 0,
    "otherExpenses": 138652000,
    "operatingExpenses": 138652000,
    "costAndExpenses": 548033000,
    "interestIncome": 0,
    "interestExpense": 10696000,
    "depreciationAndAmortization": -1659000,
    "ebitda": 84006000,
    "ebitdaratio": 0.1348406586,
    "operatingIncome": 74969000,
    "operatingIncomeRatio": 0.1203350872,
    "totalOtherIncomeExpensesNet": 0,
    "incomeBeforeTax": 74969000,
    "incomeBeforeTaxRatio": 0.1203350872,
    "incomeTaxExpense": 13699000,
    "netIncome": 61270000,
    "netIncomeRatio": 0.0983463938,
    "eps": 1.2,
    "epsdiluted": 1.19,
    "weightedAverageShsOut": 50977000,
    "weightedAverageShsOutDil": 51627000,
    "link": null,
    "finalLink": null
  },
  {
    "date": "2002-06-30",
    "symbol": "EG",
    "reportedCurrency": "USD",
    "cik": "0001095073",
    "fillingDate": "2002-06-30",
    "acceptedDate": "2002-06-30 00:00:00",
    "calendarYear": "2002",
    "period": "Q2",
    "revenue": 554354000,
    "costOfRevenue": 369901000,
    "grossProfit": 184453000,
    "grossProfitRatio": 0.3327350393,
    "researchAndDevelopmentExpenses": 0,
    "generalAndAdministrativeExpenses": 0,
    "sellingAndMarketingExpenses": 0,
    "sellingGeneralAndAdministrativeExpenses": 0,
    "otherExpenses": 130901000,
    "operatingExpenses": 130901000,
    "costAndExpenses": 500802000,
    "interestIncome": 0,
    "interestExpense": 10581000,
    "depreciationAndAmortization": -2116000,
    "ebitda": 62017000,
    "ebitdaratio": 0.111872558,
    "operatingIncome": 53552000,
    "operatingIncomeRatio": 0.096602532,
    "totalOtherIncomeExpensesNet": 0,
    "incomeBeforeTax": 53552000,
    "incomeBeforeTaxRatio": 0.096602532,
    "incomeTaxExpense": 145000,
    "netIncome": 53407000,
    "netIncomeRatio": 0.0963409662,
    "eps": 1.04,
    "epsdiluted": 1.02,
    "weightedAverageShsOut": 51301000,
    "weightedAverageShsOutDil": 52177000,
    "link": null,
    "finalLink": null
  },
  {
    "date": "2002-03-31",
    "symbol": "EG",
    "reportedCurrency": "USD",
    "cik": "0001095073",
    "fillingDate": "2002-03-31",
    "acceptedDate": "2002-03-31 00:00:00",
    "calendarYear": "2002",
    "period": "Q1",
    "revenue": 573980000,
    "costOfRevenue": 366631000,
    "grossProfit": 207349000,
    "grossProfitRatio": 0.3612477787,
    "researchAndDevelopmentExpenses": 0,
    "generalAndAdministrativeExpenses": 0,
    "sellingAndMarketingExpenses": 0,
    "sellingGeneralAndAdministrativeExpenses": 0,
    "otherExpenses": 131646000,
    "operatingExpenses": 131646000,
    "costAndExpenses": 498277000,
    "interestIncome": 0,
    "interestExpense": 10637000,
    "depreciationAndAmortization": -1870000,
    "ebitda": 84470000,
    "ebitdaratio": 0.1471654065,
    "operatingIncome": 75703000,
    "operatingIncomeRatio": 0.1318913551,
    "totalOtherIncomeExpensesNet": 0,
    "incomeBeforeTax": 75703000,
    "incomeBeforeTaxRatio": 0.1318913551,
    "incomeTaxExpense": 14642000,
    "netIncome": 61061000,
    "netIncomeRatio": 0.1063817555,
    "eps": 1.27,
    "epsdiluted": 1.24,
    "weightedAverageShsOut": 48108000,
    "weightedAverageShsOutDil": 49087000,
    "link": null,
    "finalLink": null
  },
  {
    "date": "2001-12-31",
    "symbol": "EG",
    "reportedCurrency": "USD",
    "cik": "0001095073",
    "fillingDate": "2001-12-31",
    "acceptedDate": "2001-12-31 00:00:00",
    "calendarYear": "2001",
    "period": "Q4",
    "revenue": 480728000,
    "costOfRevenue": 321924000,
    "grossProfit": 158804000,
    "grossProfitRatio": 0.33034065,
    "researchAndDevelopmentExpenses": 0,
    "generalAndAdministrativeExpenses": 0,
    "sellingAndMarketingExpenses": 0,
    "sellingGeneralAndAdministrativeExpenses": 0,
    "otherExpenses": 118754000,
    "operatingExpenses": 118754000,
    "costAndExpenses": 440678000,
    "interestIncome": 0,
    "interestExpense": 10738000,
    "depreciationAndAmortization": 6272000,
    "ebitda": 57060000,
    "ebitdaratio": 0.1186949793,
    "operatingIncome": 40050000,
    "operatingIncomeRatio": 0.0833111448,
    "totalOtherIncomeExpensesNet": 0,
    "incomeBeforeTax": 40050000,
    "incomeBeforeTaxRatio": 0.0833111448,
    "incomeTaxExpense": 4688000,
    "netIncome": 35362000,
    "netIncomeRatio": 0.0735592684,
    "eps": 0.75,
    "epsdiluted": 0.75,
    "weightedAverageShsOut": 46267000,
    "weightedAverageShsOutDil": 47300000,
    "link": null,
    "finalLink": null
  },
  {
    "date": "2001-09-30",
    "symbol": "EG",
    "reportedCurrency": "USD",
    "cik": "0001095073",
    "fillingDate": "2001-09-30",
    "acceptedDate": "2001-09-30 00:00:00",
    "calendarYear": "2001",
    "period": "Q3",
    "revenue": 424091000,
    "costOfRevenue": 381810000,
    "grossProfit": 42281000,
    "grossProfitRatio": 0.0996979422,
    "researchAndDevelopmentExpenses": 0,
    "generalAndAdministrativeExpenses": 0,
    "sellingAndMarketingExpenses": 0,
    "sellingGeneralAndAdministrativeExpenses": 0,
    "otherExpenses": 120998000,
    "operatingExpenses": 120998000,
    "costAndExpenses": 502808000,
    "interestIncome": 0,
    "interestExpense": 11300000,
    "depreciationAndAmortization": -2197000,
    "ebitda": -69614000,
    "ebitdaratio": -0.1641487322,
    "operatingIncome": -78717000,
    "operatingIncomeRatio": -0.185613465,
    "totalOtherIncomeExpensesNet": 0,
    "incomeBeforeTax": -78717000,
    "incomeBeforeTaxRatio": -0.185613465,
    "incomeTaxExpense": -34952000,
    "netIncome": -43765000,
    "netIncomeRatio": -0.1031971912,
    "eps": -0.95,
    "epsdiluted": -0.95,
    "weightedAverageShsOut": 46228000,
    "weightedAverageShsOutDil": 46228000,
    "link": null,
    "finalLink": null
  },
  {
    "date": "2001-06-30",
    "symbol": "EG",
    "reportedCurrency": "USD",
    "cik": "0001095073",
    "fillingDate": "2001-06-30",
    "acceptedDate": "2001-06-30 00:00:00",
    "calendarYear": "2001",
    "period": "Q2",
    "revenue": 484991000,
    "costOfRevenue": 308095000,
    "grossProfit": 176896000,
    "grossProfitRatio": 0.364740789,
    "researchAndDevelopmentExpenses": 0,
    "generalAndAdministrativeExpenses": 0,
    "sellingAndMarketingExpenses": 0,
    "sellingGeneralAndAdministrativeExpenses": 0,
    "otherExpenses": -282051000,
    "operatingExpenses": -282051000,
    "costAndExpenses": 26044000,
    "interestIncome": 0,
    "interestExpense": 11545000,
    "depreciationAndAmortization": -3961000,
    "ebitda": 7584000,
    "ebitdaratio": 0.0156374036,
    "operatingIncome": 458947000,
    "operatingIncomeRatio": 0.9463000344,
    "totalOtherIncomeExpensesNet": -389069000,
    "incomeBeforeTax": 69878000,
    "incomeBeforeTaxRatio": 0.1440810242,
    "incomeTaxExpense": 12587000,
    "netIncome": 57291000,
    "netIncomeRatio": 0.1181279653,
    "eps": 1.24,
    "epsdiluted": 1.22,
    "weightedAverageShsOut": 46141000,
    "weightedAverageShsOutDil": 47088000,
    "link": null,
    "finalLink": null
  },
  {
    "date": "2001-03-31",
    "symbol": "EG",
    "reportedCurrency": "USD",
    "cik": "0001095073",
    "fillingDate": "2001-03-31",
    "acceptedDate": "2001-03-31 00:00:00",
    "calendarYear": "2001",
    "period": "Q1",
    "revenue": 409732000,
    "costOfRevenue": 256222000,
    "grossProfit": 153510000,
    "grossProfitRatio": 0.3746595335,
    "researchAndDevelopmentExpenses": 0,
    "generalAndAdministrativeExpenses": 0,
    "sellingAndMarketingExpenses": 0,
    "sellingGeneralAndAdministrativeExpenses": 0,
    "otherExpenses": 94378000,
    "operatingExpenses": 94378000,
    "costAndExpenses": 350600000,
    "interestIncome": 0,
    "interestExpense": 12421000,
    "depreciationAndAmortization": 38000,
    "ebitda": 71591000,
    "ebitdaratio": 0.1747264065,
    "operatingIncome": 59132000,
    "operatingIncomeRatio": 0.1443187254,
    "totalOtherIncomeExpensesNet": 0,
    "incomeBeforeTax": 59132000,
    "incomeBeforeTaxRatio": 0.1443187254,
    "incomeTaxExpense": 9002000,
    "netIncome": 50130000,
    "netIncomeRatio": 0.1223482667,
    "eps": 1.09,
    "epsdiluted": 1.07,
    "weightedAverageShsOut": 46059000,
    "weightedAverageShsOutDil": 47004000,
    "link": null,
    "finalLink": null
  },
  {
    "date": "2000-12-31",
    "symbol": "EG",
    "reportedCurrency": "USD",
    "cik": "0001095073",
    "fillingDate": "2000-12-31",
    "acceptedDate": "2000-12-31 00:00:00",
    "calendarYear": "2000",
    "period": "Q4",
    "revenue": 1894213000,
    "costOfRevenue": 248696000,
    "grossProfit": 1645517000,
    "grossProfitRatio": 0.868707479,
    "researchAndDevelopmentExpenses": 0,
    "generalAndAdministrativeExpenses": 0,
    "sellingAndMarketingExpenses": 0,
    "sellingGeneralAndAdministrativeExpenses": 0,
    "otherExpenses": 1583899000,
    "operatingExpenses": 1583899000,
    "costAndExpenses": 1832595000,
    "interestIncome": 0,
    "interestExpense": 12762000,
    "depreciationAndAmortization": 7593000,
    "ebitda": 81973000,
    "ebitdaratio": 0.0432754922,
    "operatingIncome": 61618000,
    "operatingIncomeRatio": 0.0325296046,
    "totalOtherIncomeExpensesNet": 0,
    "incomeBeforeTax": 61618000,
    "incomeBeforeTaxRatio": 0.0325296046,
    "incomeTaxExpense": 10212000,
    "netIncome": 51406000,
    "netIncomeRatio": 0.0271384475,
    "eps": 1.1,
    "epsdiluted": 1.1,
    "weightedAverageShsOut": 45948000,
    "weightedAverageShsOutDil": 46900000,
    "link": null,
    "finalLink": null
  },
  {
    "date": "2000-09-30",
    "symbol": "EG",
    "reportedCurrency": "USD",
    "cik": "0001095073",
    "fillingDate": "2000-09-30",
    "acceptedDate": "2000-09-30 00:00:00",
    "calendarYear": "2000",
    "period": "Q3",
    "revenue": 370603000,
    "costOfRevenue": 232779000,
    "grossProfit": 137824000,
    "grossProfitRatio": 0.3718912151,
    "researchAndDevelopmentExpenses": 0,
    "generalAndAdministrativeExpenses": 0,
    "sellingAndMarketingExpenses": 0,
    "sellingGeneralAndAdministrativeExpenses": 0,
    "otherExpenses": 77794000,
    "operatingExpenses": 77794000,
    "costAndExpenses": 310573000,
    "interestIncome": 0,
    "interestExpense": 11931000,
    "depreciationAndAmortization": -2410000,
    "ebitda": 69551000,
    "ebitdaratio": 0.1876698246,
    "operatingIncome": 60030000,
    "operatingIncomeRatio": 0.1619792608,
    "totalOtherIncomeExpensesNet": 0,
    "incomeBeforeTax": 60030000,
    "incomeBeforeTaxRatio": 0.1619792608,
    "incomeTaxExpense": 12343000,
    "netIncome": 47687000,
    "netIncomeRatio": 0.1286740798,
    "eps": 1.04,
    "epsdiluted": 1.03,
    "weightedAverageShsOut": 45834000,
    "weightedAverageShsOutDil": 46414000,
    "link": null,
    "finalLink": null
  },
  {
    "date": "2000-06-30",
    "symbol": "EG",
    "reportedCurrency": "USD",
    "cik": "0001095073",
    "fillingDate": "2000-06-30",
    "acceptedDate": "2000-06-30 00:00:00",
    "calendarYear": "2000",
    "period": "Q2",
    "revenue": 351648000,
    "costOfRevenue": 246697000,
    "grossProfit": 104951000,
    "grossProfitRatio": 0.2984547047,
    "researchAndDevelopmentExpenses": 0,
    "generalAndAdministrativeExpenses": 0,
    "sellingAndMarketingExpenses": 0,
    "sellingGeneralAndAdministrativeExpenses": 0,
    "otherExpenses": 57882000,
    "operatingExpenses": 57882000,
    "costAndExpenses": 304579000,
    "interestIncome": 0,
    "interestExpense": 11610000,
    "depreciationAndAmortization": -5077000,
    "ebitda": 53602000,
    "ebitdaratio": 0.1524308399,
    "operatingIncome": 47069000,
    "operatingIncomeRatio": 0.1338526026,
    "totalOtherIncomeExpensesNet": 0,
    "incomeBeforeTax": 47069000,
    "incomeBeforeTaxRatio": 0.1338526026,
    "incomeTaxExpense": 8340000,
    "netIncome": 38729000,
    "netIncomeRatio": 0.1101357039,
    "eps": 0.85,
    "epsdiluted": 0.84,
    "weightedAverageShsOut": 45820000,
    "weightedAverageShsOutDil": 46125000,
    "link": null,
    "finalLink": null
  },
  {
    "date": "2000-03-31",
    "symbol": "EG",
    "reportedCurrency": "USD",
    "cik": "0001095073",
    "fillingDate": "2000-03-31",
    "acceptedDate": "2000-03-31 00:00:00",
    "calendarYear": "2000",
    "period": "Q1",
    "revenue": 339843000,
    "costOfRevenue": 208065000,
    "grossProfit": 131778000,
    "grossProfitRatio": 0.3877614075,
    "researchAndDevelopmentExpenses": 0,
    "generalAndAdministrativeExpenses": 0,
    "sellingAndMarketingExpenses": 0,
    "sellingGeneralAndAdministrativeExpenses": 0,
    "otherExpenses": 68741000,
    "operatingExpenses": 68741000,
    "costAndExpenses": 276806000,
    "interestIncome": 0,
    "interestExpense": 3083000,
    "depreciationAndAmortization": 6000,
    "ebitda": 66126000,
    "ebitdaratio": 0.1945780846,
    "operatingIncome": 63037000,
    "operatingIncomeRatio": 0.1854885933,
    "totalOtherIncomeExpensesNet": 0,
    "incomeBeforeTax": 63037000,
    "incomeBeforeTaxRatio": 0.1854885933,
    "incomeTaxExpense": 14479000,
    "netIncome": 48558000,
    "netIncomeRatio": 0.1428836257,
    "eps": 1.06,
    "epsdiluted": 1.06,
    "weightedAverageShsOut": 45889000,
    "weightedAverageShsOutDil": 46005000,
    "link": null,
    "finalLink": null
  },
  {
    "date": "1999-12-31",
    "symbol": "EG",
    "reportedCurrency": "USD",
    "cik": "0001095073",
    "fillingDate": "1999-12-31",
    "acceptedDate": "1999-12-31 00:00:00",
    "calendarYear": "1999",
    "period": "Q4",
    "revenue": 1664810000,
    "costOfRevenue": -202237000,
    "grossProfit": 1867047000,
    "grossProfitRatio": 1.121477526,
    "researchAndDevelopmentExpenses": 0,
    "generalAndAdministrativeExpenses": 0,
    "sellingAndMarketingExpenses": 0,
    "sellingGeneralAndAdministrativeExpenses": 0,
    "otherExpenses": 2386265000,
    "operatingExpenses": 2386265000,
    "costAndExpenses": 2184028000,
    "interestIncome": 0,
    "interestExpense": 0,
    "depreciationAndAmortization": 0,
    "ebitda": -519218000,
    "ebitdaratio": -0.3118782324,
    "operatingIncome": -519218000,
    "operatingIncomeRatio": -0.3118782324,
    "totalOtherIncomeExpensesNet": 715800000,
    "incomeBeforeTax": 196582000,
    "incomeBeforeTaxRatio": 0.1180807419,
    "incomeTaxExpense": 10121000,
    "netIncome": 39561000,
    "netIncomeRatio": 0.0237630721,
    "eps": 3.96,
    "epsdiluted": 3.84,
    "weightedAverageShsOut": 47135174,
    "weightedAverageShsOutDil": 48618000,
    "link": null,
    "finalLink": null
  },
  {
    "date": "1999-09-30",
    "symbol": "EG",
    "reportedCurrency": "USD",
    "cik": "0001095073",
    "fillingDate": "1999-09-30",
    "acceptedDate": "1999-09-30 00:00:00",
    "calendarYear": "1999",
    "period": "Q3",
    "revenue": 341900000,
    "costOfRevenue": 12100000,
    "grossProfit": 329800000,
    "grossProfitRatio": 0.964609535,
    "researchAndDevelopmentExpenses": 0,
    "generalAndAdministrativeExpenses": 0,
    "sellingAndMarketingExpenses": 0,
    "sellingGeneralAndAdministrativeExpenses": 0,
    "otherExpenses": 500000,
    "operatingExpenses": 500000,
    "costAndExpenses": 12600000,
    "interestIncome": 0,
    "interestExpense": 500000,
    "depreciationAndAmortization": 0,
    "ebitda": 500000,
    "ebitdaratio": 0.0014624159,
    "operatingIncome": 329300000,
    "operatingIncomeRatio": 0.963147119,
    "totalOtherIncomeExpensesNet": -281300000,
    "incomeBeforeTax": 48000000,
    "incomeBeforeTaxRatio": 0.1403919275,
    "incomeTaxExpense": 8800000,
    "netIncome": 39200000,
    "netIncomeRatio": 0.1146534074,
    "eps": 1.97,
    "epsdiluted": 1.94,
    "weightedAverageShsOut": 48395062,
    "weightedAverageShsOutDil": 49000000,
    "link": null,
    "finalLink": null
  },
  {
    "date": "1999-06-30",
    "symbol": "EG",
    "reportedCurrency": "USD",
    "cik": "0001095073",
    "fillingDate": "1999-06-30",
    "acceptedDate": "1999-06-30 00:00:00",
    "calendarYear": "1999",
    "period": "Q2",
    "revenue": 330700000,
    "costOfRevenue": 87000000,
    "grossProfit": 243700000,
    "grossProfitRatio": 0.7369216813,
    "researchAndDevelopmentExpenses": 0,
    "generalAndAdministrativeExpenses": 0,
    "sellingAndMarketingExpenses": 0,
    "sellingGeneralAndAdministrativeExpenses": 0,
    "otherExpenses": 0,
    "operatingExpenses": 0,
    "costAndExpenses": 87000000,
    "interestIncome": 0,
    "interestExpense": 0,
    "depreciationAndAmortization": 0,
    "ebitda": 243700000,
    "ebitdaratio": 0.7369216813,
    "operatingIncome": 243700000,
    "operatingIncomeRatio": 0.7369216813,
    "totalOtherIncomeExpensesNet": -196800000,
    "incomeBeforeTax": 46900000,
    "incomeBeforeTaxRatio": 0.141820381,
    "incomeTaxExpense": 8800000,
    "netIncome": 38100000,
    "netIncomeRatio": 0.1152101603,
    "eps": 1.92,
    "epsdiluted": 1.91,
    "weightedAverageShsOut": 48679000,
    "weightedAverageShsOutDil": 48897000,
    "link": null,
    "finalLink": null
  },
  {
    "date": "1999-03-31",
    "symbol": "EG",
    "reportedCurrency": "USD",
    "cik": "0001095073",
    "fillingDate": "1999-03-31",
    "acceptedDate": "1999-03-31 00:00:00",
    "calendarYear": "1999",
    "period": "Q1",
    "revenue": 294100000,
    "costOfRevenue": 73200000,
    "grossProfit": 220900000,
    "grossProfitRatio": 0.7511050663,
    "researchAndDevelopmentExpenses": 0,
    "generalAndAdministrativeExpenses": 0,
    "sellingAndMarketingExpenses": 0,
    "sellingGeneralAndAdministrativeExpenses": 0,
    "otherExpenses": 0,
    "operatingExpenses": 0,
    "costAndExpenses": 73200000,
    "interestIncome": 0,
    "interestExpense": 0,
    "depreciationAndAmortization": 0,
    "ebitda": 220900000,
    "ebitdaratio": 0.7511050663,
    "operatingIncome": 220900000,
    "operatingIncomeRatio": 0.7511050663,
    "totalOtherIncomeExpensesNet": -168900000,
    "incomeBeforeTax": 52000000,
    "incomeBeforeTaxRatio": 0.1768106086,
    "incomeTaxExpense": 10800000,
    "netIncome": 41200000,
    "netIncomeRatio": 0.1400884053,
    "eps": 2.03,
    "epsdiluted": 2.02,
    "weightedAverageShsOut": 49803000,
    "weightedAverageShsOutDil": 50026000,
    "link": null,
    "finalLink": null
  },
  {
    "date": "1998-12-31",
    "symbol": "EG",
    "reportedCurrency": "USD",
    "cik": "0001095073",
    "fillingDate": "1998-12-31",
    "acceptedDate": "1998-12-31 00:00:00",
    "calendarYear": "1998",
    "period": "Q4",
    "revenue": 354500000,
    "costOfRevenue": 90100000,
    "grossProfit": 264400000,
    "grossProfitRatio": 0.7458392102,
    "researchAndDevelopmentExpenses": 0,
    "generalAndAdministrativeExpenses": 0,
    "sellingAndMarketingExpenses": 0,
    "sellingGeneralAndAdministrativeExpenses": 0,
    "otherExpenses": 0,
    "operatingExpenses": 0,
    "costAndExpenses": 90100000,
    "interestIncome": 0,
    "interestExpense": 0,
    "depreciationAndAmortization": 0,
    "ebitda": 264400000,
    "ebitdaratio": 0.7458392102,
    "operatingIncome": 264400000,
    "operatingIncomeRatio": 0.7458392102,
    "totalOtherIncomeExpensesNet": -214400000,
    "incomeBeforeTax": 50000000,
    "incomeBeforeTaxRatio": 0.1410437236,
    "incomeTaxExpense": 10300000,
    "netIncome": 39700000,
    "netIncomeRatio": 0.1119887165,
    "eps": 1.94,
    "epsdiluted": 1.93,
    "weightedAverageShsOut": 50291181,
    "weightedAverageShsOutDil": 50465000,
    "link": null,
    "finalLink": null
  },
  {
    "date": "1998-09-30",
    "symbol": "EG",
    "reportedCurrency": "USD",
    "cik": "0001095073",
    "fillingDate": "1998-09-30",
    "acceptedDate": "1998-09-30 00:00:00",
    "calendarYear": "1998",
    "period": "Q3",
    "revenue": 327400000,
    "costOfRevenue": 12000000,
    "grossProfit": 315400000,
    "grossProfitRatio": 0.963347587,
    "researchAndDevelopmentExpenses": 0,
    "generalAndAdministrativeExpenses": 0,
    "sellingAndMarketingExpenses": 0,
    "sellingGeneralAndAdministrativeExpenses": 0,
    "otherExpenses": 0,
    "operatingExpenses": 0,
    "costAndExpenses": 12000000,
    "interestIncome": 0,
    "interestExpense": 0,
    "depreciationAndAmortization": 0,
    "ebitda": 315400000,
    "ebitdaratio": 0.963347587,
    "operatingIncome": 315400000,
    "operatingIncomeRatio": 0.963347587,
    "totalOtherIncomeExpensesNet": -261800000,
    "incomeBeforeTax": 53600000,
    "incomeBeforeTaxRatio": 0.1637141112,
    "incomeTaxExpense": 11500000,
    "netIncome": 42100000,
    "netIncomeRatio": 0.1285888821,
    "eps": 2.06,
    "epsdiluted": 2.06,
    "weightedAverageShsOut": 50722892,
    "weightedAverageShsOutDil": 50722892,
    "link": null,
    "finalLink": null
  },
  {
    "date": "1998-06-30",
    "symbol": "EG",
    "reportedCurrency": "USD",
    "cik": "0001095073",
    "fillingDate": "1998-06-30",
    "acceptedDate": "1998-06-30 00:00:00",
    "calendarYear": "1998",
    "period": "Q2",
    "revenue": 330400000,
    "costOfRevenue": 12400000,
    "grossProfit": 318000000,
    "grossProfitRatio": 0.9624697337,
    "researchAndDevelopmentExpenses": 0,
    "generalAndAdministrativeExpenses": 0,
    "sellingAndMarketingExpenses": 0,
    "sellingGeneralAndAdministrativeExpenses": 0,
    "otherExpenses": 0,
    "operatingExpenses": 0,
    "costAndExpenses": 12400000,
    "interestIncome": 0,
    "interestExpense": 0,
    "depreciationAndAmortization": 0,
    "ebitda": 318000000,
    "ebitdaratio": 0.9624697337,
    "operatingIncome": 318000000,
    "operatingIncomeRatio": 0.9624697337,
    "totalOtherIncomeExpensesNet": -261000000,
    "incomeBeforeTax": 57000000,
    "incomeBeforeTaxRatio": 0.1725181598,
    "incomeTaxExpense": 13500000,
    "netIncome": 43500000,
    "netIncomeRatio": 0.1316585956,
    "eps": 2.16,
    "epsdiluted": 2.16,
    "weightedAverageShsOut": 50581395,
    "weightedAverageShsOutDil": 50581395,
    "link": null,
    "finalLink": null
  },
  {
    "date": "1998-03-31",
    "symbol": "EG",
    "reportedCurrency": "USD",
    "cik": "0001095073",
    "fillingDate": "1998-03-31",
    "acceptedDate": "1998-03-31 00:00:00",
    "calendarYear": "1998",
    "period": "Q1",
    "revenue": 302900000,
    "costOfRevenue": 72200000,
    "grossProfit": 230700000,
    "grossProfitRatio": 0.7616375041,
    "researchAndDevelopmentExpenses": 0,
    "generalAndAdministrativeExpenses": 0,
    "sellingAndMarketingExpenses": 0,
    "sellingGeneralAndAdministrativeExpenses": 0,
    "otherExpenses": 0,
    "operatingExpenses": 0,
    "costAndExpenses": 72200000,
    "interestIncome": 0,
    "interestExpense": 0,
    "depreciationAndAmortization": 0,
    "ebitda": 230700000,
    "ebitdaratio": 0.7616375041,
    "operatingIncome": 230700000,
    "operatingIncomeRatio": 0.7616375041,
    "totalOtherIncomeExpensesNet": -178700000,
    "incomeBeforeTax": 52000000,
    "incomeBeforeTaxRatio": 0.1716738197,
    "incomeTaxExpense": 12200000,
    "netIncome": 39800000,
    "netIncomeRatio": 0.1313965005,
    "eps": 2.01,
    "epsdiluted": 2,
    "weightedAverageShsOut": 50481000,
    "weightedAverageShsOutDil": 50800000,
    "link": null,
    "finalLink": null
  },
  {
    "date": "1997-12-31",
    "symbol": "EG",
    "reportedCurrency": "USD",
    "cik": "0001095073",
    "fillingDate": "1997-12-31",
    "acceptedDate": "1997-12-31 00:00:00",
    "calendarYear": "1997",
    "period": "Q4",
    "revenue": 360900000,
    "costOfRevenue": 96900000,
    "grossProfit": 264000000,
    "grossProfitRatio": 0.7315045719,
    "researchAndDevelopmentExpenses": 0,
    "generalAndAdministrativeExpenses": 0,
    "sellingAndMarketingExpenses": 0,
    "sellingGeneralAndAdministrativeExpenses": 0,
    "otherExpenses": 0,
    "operatingExpenses": 0,
    "costAndExpenses": 96900000,
    "interestIncome": 0,
    "interestExpense": 0,
    "depreciationAndAmortization": 0,
    "ebitda": 264000000,
    "ebitdaratio": 0.7315045719,
    "operatingIncome": 264000000,
    "operatingIncomeRatio": 0.7315045719,
    "totalOtherIncomeExpensesNet": -214000000,
    "incomeBeforeTax": 50000000,
    "incomeBeforeTaxRatio": 0.1385425326,
    "incomeTaxExpense": 12200000,
    "netIncome": 37800000,
    "netIncomeRatio": 0.1047381546,
    "eps": 1.95,
    "epsdiluted": 1.95,
    "weightedAverageShsOut": 50466000,
    "weightedAverageShsOutDil": 50466000,
    "link": null,
    "finalLink": null
  },
  {
    "date": "1997-09-30",
    "symbol": "EG",
    "reportedCurrency": "USD",
    "cik": "0001095073",
    "fillingDate": "1997-09-30",
    "acceptedDate": "1997-09-30 00:00:00",
    "calendarYear": "1997",
    "period": "Q3",
    "revenue": 331700000,
    "costOfRevenue": 76700000,
    "grossProfit": 255000000,
    "grossProfitRatio": 0.7687669581,
    "researchAndDevelopmentExpenses": 0,
    "generalAndAdministrativeExpenses": 0,
    "sellingAndMarketingExpenses": 0,
    "sellingGeneralAndAdministrativeExpenses": 0,
    "otherExpenses": 0,
    "operatingExpenses": 0,
    "costAndExpenses": 76700000,
    "interestIncome": 0,
    "interestExpense": 0,
    "depreciationAndAmortization": 0,
    "ebitda": 255000000,
    "ebitdaratio": 0.7687669581,
    "operatingIncome": 255000000,
    "operatingIncomeRatio": 0.7687669581,
    "totalOtherIncomeExpensesNet": -204200000,
    "incomeBeforeTax": 50800000,
    "incomeBeforeTaxRatio": 0.1531504371,
    "incomeTaxExpense": 12400000,
    "netIncome": 38400000,
    "netIncomeRatio": 0.1157672596,
    "eps": 1.95,
    "epsdiluted": 1.95,
    "weightedAverageShsOut": 50466000,
    "weightedAverageShsOutDil": 50466000,
    "link": null,
    "finalLink": null
  },
  {
    "date": "1997-06-30",
    "symbol": "EG",
    "reportedCurrency": "USD",
    "cik": "0001095073",
    "fillingDate": "1997-06-30",
    "acceptedDate": "1997-06-30 00:00:00",
    "calendarYear": "1997",
    "period": "Q2",
    "revenue": 319100000,
    "costOfRevenue": 78200000,
    "grossProfit": 240900000,
    "grossProfitRatio": 0.7549357568,
    "researchAndDevelopmentExpenses": 0,
    "generalAndAdministrativeExpenses": 0,
    "sellingAndMarketingExpenses": 0,
    "sellingGeneralAndAdministrativeExpenses": 0,
    "otherExpenses": 0,
    "operatingExpenses": 0,
    "costAndExpenses": 78200000,
    "interestIncome": 0,
    "interestExpense": 0,
    "depreciationAndAmortization": 0,
    "ebitda": 240900000,
    "ebitdaratio": 0.7549357568,
    "operatingIncome": 240900000,
    "operatingIncomeRatio": 0.7549357568,
    "totalOtherIncomeExpensesNet": -180300000,
    "incomeBeforeTax": 60600000,
    "incomeBeforeTaxRatio": 0.1899091194,
    "incomeTaxExpense": 16300000,
    "netIncome": 44300000,
    "netIncomeRatio": 0.1388279536,
    "eps": 2.3,
    "epsdiluted": 2.3,
    "weightedAverageShsOut": 50469000,
    "weightedAverageShsOutDil": 50469000,
    "link": null,
    "finalLink": null
  },
  {
    "date": "1997-03-31",
    "symbol": "EG",
    "reportedCurrency": "USD",
    "cik": "0001095073",
    "fillingDate": "1997-03-31",
    "acceptedDate": "1997-03-31 00:00:00",
    "calendarYear": "1997",
    "period": "Q1",
    "revenue": 287500000,
    "costOfRevenue": 74800000,
    "grossProfit": 212700000,
    "grossProfitRatio": 0.739826087,
    "researchAndDevelopmentExpenses": 0,
    "generalAndAdministrativeExpenses": 0,
    "sellingAndMarketingExpenses": 0,
    "sellingGeneralAndAdministrativeExpenses": 0,
    "otherExpenses": 0,
    "operatingExpenses": 0,
    "costAndExpenses": 74800000,
    "interestIncome": 0,
    "interestExpense": 0,
    "depreciationAndAmortization": 0,
    "ebitda": 212700000,
    "ebitdaratio": 0.739826087,
    "operatingIncome": 212700000,
    "operatingIncomeRatio": 0.739826087,
    "totalOtherIncomeExpensesNet": -166700000,
    "incomeBeforeTax": 46000000,
    "incomeBeforeTaxRatio": 0.16,
    "incomeTaxExpense": 11500000,
    "netIncome": 34500000,
    "netIncomeRatio": 0.12,
    "eps": 1.81,
    "epsdiluted": 1.81,
    "weightedAverageShsOut": 50490000,
    "weightedAverageShsOutDil": 50490000,
    "link": null,
    "finalLink": null
  },
  {
    "date": "1996-12-31",
    "symbol": "EG",
    "reportedCurrency": "USD",
    "cik": "0001095073",
    "fillingDate": "1996-12-31",
    "acceptedDate": "1996-12-31 00:00:00",
    "calendarYear": "1996",
    "period": "Q4",
    "revenue": 353200000,
    "costOfRevenue": 0,
    "grossProfit": 353200000,
    "grossProfitRatio": 1,
    "researchAndDevelopmentExpenses": 0,
    "generalAndAdministrativeExpenses": 0,
    "sellingAndMarketingExpenses": 0,
    "sellingGeneralAndAdministrativeExpenses": 0,
    "otherExpenses": 0,
    "operatingExpenses": 0,
    "costAndExpenses": 0,
    "interestIncome": 0,
    "interestExpense": 0,
    "depreciationAndAmortization": 0,
    "ebitda": 353200000,
    "ebitdaratio": 1,
    "operatingIncome": 353200000,
    "operatingIncomeRatio": 1,
    "totalOtherIncomeExpensesNet": -311800000,
    "incomeBeforeTax": 41400000,
    "incomeBeforeTaxRatio": 0.117214043,
    "incomeTaxExpense": 9100000,
    "netIncome": 32300000,
    "netIncomeRatio": 0.0914496036,
    "eps": 1.71,
    "epsdiluted": 1.71,
    "weightedAverageShsOut": 50434783,
    "weightedAverageShsOutDil": 50434783,
    "link": null,
    "finalLink": null
  },
  {
    "date": "1996-09-30",
    "symbol": "EG",
    "reportedCurrency": "USD",
    "cik": "0001095073",
    "fillingDate": "1996-09-30",
    "acceptedDate": "1996-09-30 00:00:00",
    "calendarYear": "1996",
    "period": "Q3",
    "revenue": 288300000,
    "costOfRevenue": 0,
    "grossProfit": 288300000,
    "grossProfitRatio": 1,
    "researchAndDevelopmentExpenses": 0,
    "generalAndAdministrativeExpenses": 0,
    "sellingAndMarketingExpenses": 0,
    "sellingGeneralAndAdministrativeExpenses": 0,
    "otherExpenses": 0,
    "operatingExpenses": 0,
    "costAndExpenses": 0,
    "interestIncome": 0,
    "interestExpense": 0,
    "depreciationAndAmortization": 0,
    "ebitda": 288300000,
    "ebitdaratio": 1,
    "operatingIncome": 288300000,
    "operatingIncomeRatio": 1,
    "totalOtherIncomeExpensesNet": -259000000,
    "incomeBeforeTax": 29300000,
    "incomeBeforeTaxRatio": 0.1016302463,
    "incomeTaxExpense": 6100000,
    "netIncome": 23200000,
    "netIncomeRatio": 0.0804717308,
    "eps": 1.31,
    "epsdiluted": 1.31,
    "weightedAverageShsOut": 50434783,
    "weightedAverageShsOutDil": 50434783,
    "link": null,
    "finalLink": null
  },
  {
    "date": "1996-06-30",
    "symbol": "EG",
    "reportedCurrency": "USD",
    "cik": "0001095073",
    "fillingDate": "1996-06-30",
    "acceptedDate": "1996-06-30 00:00:00",
    "calendarYear": "1996",
    "period": "Q2",
    "revenue": 269400000,
    "costOfRevenue": 14000000,
    "grossProfit": 255400000,
    "grossProfitRatio": 0.9480326652,
    "researchAndDevelopmentExpenses": 0,
    "generalAndAdministrativeExpenses": 0,
    "sellingAndMarketingExpenses": 0,
    "sellingGeneralAndAdministrativeExpenses": 0,
    "otherExpenses": 0,
    "operatingExpenses": 0,
    "costAndExpenses": 14000000,
    "interestIncome": 0,
    "interestExpense": 0,
    "depreciationAndAmortization": 0,
    "ebitda": 255400000,
    "ebitdaratio": 0.9480326652,
    "operatingIncome": 255400000,
    "operatingIncomeRatio": 0.9480326652,
    "totalOtherIncomeExpensesNet": -217400000,
    "incomeBeforeTax": 38000000,
    "incomeBeforeTaxRatio": 0.1410541945,
    "incomeTaxExpense": 9300000,
    "netIncome": 28700000,
    "netIncomeRatio": 0.1065330364,
    "eps": 1.57,
    "epsdiluted": 1.57,
    "weightedAverageShsOut": 50350877,
    "weightedAverageShsOutDil": 50350877,
    "link": null,
    "finalLink": null
  },
  {
    "date": "1996-03-31",
    "symbol": "EG",
    "reportedCurrency": "USD",
    "cik": "0001095073",
    "fillingDate": "1996-03-31",
    "acceptedDate": "1996-03-31 00:00:00",
    "calendarYear": "1996",
    "period": "Q1",
    "revenue": 258500000,
    "costOfRevenue": 13900000,
    "grossProfit": 244600000,
    "grossProfitRatio": 0.9462282398,
    "researchAndDevelopmentExpenses": 0,
    "generalAndAdministrativeExpenses": 0,
    "sellingAndMarketingExpenses": 0,
    "sellingGeneralAndAdministrativeExpenses": 0,
    "otherExpenses": 0,
    "operatingExpenses": 0,
    "costAndExpenses": 13900000,
    "interestIncome": 0,
    "interestExpense": 0,
    "depreciationAndAmortization": 0,
    "ebitda": 244600000,
    "ebitdaratio": 0.9462282398,
    "operatingIncome": 244600000,
    "operatingIncomeRatio": 0.9462282398,
    "totalOtherIncomeExpensesNet": -209600000,
    "incomeBeforeTax": 35000000,
    "incomeBeforeTaxRatio": 0.1353965184,
    "incomeTaxExpense": 7200000,
    "netIncome": 27800000,
    "netIncomeRatio": 0.1075435203,
    "eps": 1.5,
    "epsdiluted": 1.5,
    "weightedAverageShsOut": 50545455,
    "weightedAverageShsOutDil": 50545455,
    "link": null,
    "finalLink": null
  }
]