[
  {
    "date": "2025-06-30",
    "symbol": "EIX",
    "reportedCurrency": "USD",
    "cik": "0000827052",
    "fillingDate": "2025-07-31",
    "acceptedDate": "2025-07-31 16:08:38",
    "calendarYear": "2025",
    "period": "Q2",
    "revenue": 4543000000,
    "costOfRevenue": 2737000000,
    "grossProfit": 1806000000,
    "grossProfitRatio": 0.3975346687,
    "researchAndDevelopmentExpenses": 0,
    "generalAndAdministrativeExpenses": 36000000,
    "sellingAndMarketingExpenses": 0,
    "sellingGeneralAndAdministrativeExpenses": 36000000,
    "otherExpenses": 995000000,
    "operatingExpenses": 1031000000,
    "costAndExpenses": 3768000000,
    "interestIncome": 39000000,
    "interestExpense": 504000000,
    "depreciationAndAmortization": 826000000,
    "ebitda": 1714000000,
    "ebitdaratio": 0.3772837332,
    "operatingIncome": 775000000,
    "operatingIncomeRatio": 0.1705921197,
    "totalOtherIncomeExpensesNet": -391000000,
    "incomeBeforeTax": 384000000,
    "incomeBeforeTaxRatio": 0.0845256438,
    "incomeTaxExpense": -14000000,
    "netIncome": 398000000,
    "netIncomeRatio": 0.0876073079,
    "eps": 0.89,
    "epsdiluted": 0.89,
    "weightedAverageShsOut": 385000000,
    "weightedAverageShsOutDil": 385000000,
    "link": "https://www.sec.gov/Archives/edgar/data/827052/000082705225000074/0000827052-25-000074-index.htm",
    "finalLink": "https://www.sec.gov/Archives/edgar/data/92103/000082705225000074/eix-20250630.htm"
  },
  {
    "date": "2025-03-31",
    "symbol": "EIX",
    "reportedCurrency": "USD",
    "cik": "0000827052",
    "fillingDate": "2025-04-29",
    "acceptedDate": "2025-04-29 16:07:49",
    "calendarYear": "2025",
    "period": "Q1",
    "revenue": 3811000000,
    "costOfRevenue": 2030000000,
    "grossProfit": 1781000000,
    "grossProfitRatio": 0.4673314091,
    "researchAndDevelopmentExpenses": 0,
    "generalAndAdministrativeExpenses": -1269000000,
    "sellingAndMarketingExpenses": 0,
    "sellingGeneralAndAdministrativeExpenses": -1269000000,
    "otherExpenses": 916000000,
    "operatingExpenses": -353000000,
    "costAndExpenses": 1677000000,
    "interestIncome": 45000000,
    "interestExpense": 301000000,
    "depreciationAndAmortization": 742000000,
    "ebitda": 2983000000,
    "ebitdaratio": 0.7827341905,
    "operatingIncome": 2134000000,
    "operatingIncomeRatio": 0.5599580163,
    "totalOtherIncomeExpensesNet": -194000000,
    "incomeBeforeTax": 1940000000,
    "incomeBeforeTaxRatio": 0.5090527421,
    "incomeTaxExpense": 448000000,
    "netIncome": 1492000000,
    "netIncomeRatio": 0.3914982944,
    "eps": 3.73,
    "epsdiluted": 3.72,
    "weightedAverageShsOut": 385000000,
    "weightedAverageShsOutDil": 385000000,
    "link": "https://www.sec.gov/Archives/edgar/data/827052/000082705225000043/0000827052-25-000043-index.htm",
    "finalLink": "https://www.sec.gov/Archives/edgar/data/92103/000082705225000043/eix-20250331.htm"
  },
  {
    "date": "2024-12-31",
    "symbol": "EIX",
    "reportedCurrency": "USD",
    "cik": "0000827052",
    "fillingDate": "2025-02-27",
    "acceptedDate": "2025-02-27 16:09:50",
    "calendarYear": "2024",
    "period": "Q4",
    "revenue": 3984000000,
    "costOfRevenue": 2246000000,
    "grossProfit": 1738000000,
    "grossProfitRatio": 0.4362449799,
    "researchAndDevelopmentExpenses": 0,
    "generalAndAdministrativeExpenses": 73000000,
    "sellingAndMarketingExpenses": 0,
    "sellingGeneralAndAdministrativeExpenses": 73000000,
    "otherExpenses": 875000000,
    "operatingExpenses": 948000000,
    "costAndExpenses": 3194000000,
    "interestIncome": 54000000,
    "interestExpense": 468000000,
    "depreciationAndAmortization": 756000000,
    "ebitda": 1635000000,
    "ebitdaratio": 0.4103915663,
    "operatingIncome": 790000000,
    "operatingIncomeRatio": 0.1982931727,
    "totalOtherIncomeExpensesNet": -379000000,
    "incomeBeforeTax": 411000000,
    "incomeBeforeTaxRatio": 0.1031626506,
    "incomeTaxExpense": 3000000,
    "netIncome": 408000000,
    "netIncomeRatio": 0.1024096386,
    "eps": 0.88,
    "epsdiluted": 0.88,
    "weightedAverageShsOut": 386000000,
    "weightedAverageShsOutDil": 388000000,
    "link": "https://www.sec.gov/Archives/edgar/data/827052/000082705225000022/0000827052-25-000022-index.htm",
    "finalLink": "https://www.sec.gov/Archives/edgar/data/92103/000082705225000022/eix-20241231.htm"
  },
  {
    "date": "2024-09-30",
    "symbol": "EIX",
    "reportedCurrency": "USD",
    "cik": "0000827052",
    "fillingDate": "2024-10-29",
    "acceptedDate": "2024-10-29 16:07:56",
    "calendarYear": "2024",
    "period": "Q3",
    "revenue": 5201000000,
    "costOfRevenue": 3291000000,
    "grossProfit": 1910000000,
    "grossProfitRatio": 0.3672370698,
    "researchAndDevelopmentExpenses": 0,
    "generalAndAdministrativeExpenses": 37000000,
    "sellingAndMarketingExpenses": 0,
    "sellingGeneralAndAdministrativeExpenses": 37000000,
    "otherExpenses": 878000000,
    "operatingExpenses": 915000000,
    "costAndExpenses": 4206000000,
    "interestIncome": 65000000,
    "interestExpense": 477000000,
    "depreciationAndAmortization": 729000000,
    "ebitda": 1851000000,
    "ebitdaratio": 0.3558930975,
    "operatingIncome": 995000000,
    "operatingIncomeRatio": 0.1913093636,
    "totalOtherIncomeExpensesNet": -350000000,
    "incomeBeforeTax": 645000000,
    "incomeBeforeTaxRatio": 0.1240146126,
    "incomeTaxExpense": 68000000,
    "netIncome": 577000000,
    "netIncomeRatio": 0.1109402038,
    "eps": 1.33,
    "epsdiluted": 1.32,
    "weightedAverageShsOut": 387000000,
    "weightedAverageShsOutDil": 390000000,
    "link": "https://www.sec.gov/Archives/edgar/data/827052/000082705224000075/0000827052-24-000075-index.htm",
    "finalLink": "https://www.sec.gov/Archives/edgar/data/92103/000082705224000075/eix-20240930x10q.htm"
  },
  {
    "date": "2024-06-30",
    "symbol": "EIX",
    "reportedCurrency": "USD",
    "cik": "0000827052",
    "fillingDate": "2024-07-25",
    "acceptedDate": "2024-07-25 16:09:01",
    "calendarYear": "2024",
    "period": "Q2",
    "revenue": 4336000000,
    "costOfRevenue": 2519000000,
    "grossProfit": 1817000000,
    "grossProfitRatio": 0.4190498155,
    "researchAndDevelopmentExpenses": 0,
    "generalAndAdministrativeExpenses": 37000000,
    "sellingAndMarketingExpenses": 0,
    "sellingGeneralAndAdministrativeExpenses": 37000000,
    "otherExpenses": 880000000,
    "operatingExpenses": 917000000,
    "costAndExpenses": 3436000000,
    "interestIncome": 73000000,
    "interestExpense": 480000000,
    "depreciationAndAmortization": 747000000,
    "ebitda": 1795000000,
    "ebitdaratio": 0.4139760148,
    "operatingIncome": 900000000,
    "operatingIncomeRatio": 0.2075645756,
    "totalOtherIncomeExpensesNet": -332000000,
    "incomeBeforeTax": 568000000,
    "incomeBeforeTaxRatio": 0.13099631,
    "incomeTaxExpense": 59000000,
    "netIncome": 460000000,
    "netIncomeRatio": 0.1060885609,
    "eps": 1.14,
    "epsdiluted": 1.13,
    "weightedAverageShsOut": 385000000,
    "weightedAverageShsOutDil": 388000000,
    "link": "https://www.sec.gov/Archives/edgar/data/827052/000082705224000055/0000827052-24-000055-index.htm",
    "finalLink": "https://www.sec.gov/Archives/edgar/data/92103/000082705224000055/eix-20240630x10q.htm"
  },
  {
    "date": "2024-03-31",
    "symbol": "EIX",
    "reportedCurrency": "USD",
    "cik": "0000827052",
    "fillingDate": "2024-04-30",
    "acceptedDate": "2024-04-30 16:10:18",
    "calendarYear": "2024",
    "period": "Q1",
    "revenue": 4078000000,
    "costOfRevenue": 2325000000,
    "grossProfit": 1753000000,
    "grossProfitRatio": 0.4298675821,
    "researchAndDevelopmentExpenses": 0,
    "generalAndAdministrativeExpenses": 651000000,
    "sellingAndMarketingExpenses": 0,
    "sellingGeneralAndAdministrativeExpenses": 651000000,
    "otherExpenses": 857000000,
    "operatingExpenses": 1508000000,
    "costAndExpenses": 3833000000,
    "interestIncome": 67000000,
    "interestExpense": 444000000,
    "depreciationAndAmortization": 707000000,
    "ebitda": 1090000000,
    "ebitdaratio": 0.2672878862,
    "operatingIncome": 245000000,
    "operatingIncomeRatio": 0.0600784698,
    "totalOtherIncomeExpensesNet": -306000000,
    "incomeBeforeTax": -61000000,
    "incomeBeforeTaxRatio": -0.0149583129,
    "incomeTaxExpense": -113000000,
    "netIncome": 52000000,
    "netIncomeRatio": 0.0127513487,
    "eps": -0.03,
    "epsdiluted": -0.03,
    "weightedAverageShsOut": 385000000,
    "weightedAverageShsOutDil": 385000000,
    "link": "https://www.sec.gov/Archives/edgar/data/827052/000082705224000035/0000827052-24-000035-index.htm",
    "finalLink": "https://www.sec.gov/Archives/edgar/data/92103/000082705224000035/eix-20240331x10q.htm"
  },
  {
    "date": "2023-12-31",
    "symbol": "EIX",
    "reportedCurrency": "USD",
    "cik": "0000827052",
    "fillingDate": "2024-02-22",
    "acceptedDate": "2024-02-22 16:09:02",
    "calendarYear": "2023",
    "period": "Q4",
    "revenue": 3706000000,
    "costOfRevenue": 1964000000,
    "grossProfit": 1742000000,
    "grossProfitRatio": 0.4700485699,
    "researchAndDevelopmentExpenses": 0,
    "generalAndAdministrativeExpenses": 143000000,
    "sellingAndMarketingExpenses": 0,
    "sellingGeneralAndAdministrativeExpenses": 143000000,
    "otherExpenses": 808000000,
    "operatingExpenses": 951000000,
    "costAndExpenses": 2915000000,
    "interestIncome": 68000000,
    "interestExpense": 426000000,
    "depreciationAndAmortization": 687000000,
    "ebitda": 1601000000,
    "ebitdaratio": 0.4320021587,
    "operatingIncome": 791000000,
    "operatingIncomeRatio": 0.2134376686,
    "totalOtherIncomeExpensesNet": -303000000,
    "incomeBeforeTax": 488000000,
    "incomeBeforeTaxRatio": 0.1316783594,
    "incomeTaxExpense": 67000000,
    "netIncome": 421000000,
    "netIncomeRatio": 0.1135995683,
    "eps": 0.98,
    "epsdiluted": 0.98,
    "weightedAverageShsOut": 383924912,
    "weightedAverageShsOutDil": 383924912,
    "link": "https://www.sec.gov/Archives/edgar/data/827052/000082705224000013/0000827052-24-000013-index.htm",
    "finalLink": "https://www.sec.gov/Archives/edgar/data/92103/000082705224000013/eix-20231231x10k.htm"
  },
  {
    "date": "2023-09-30",
    "symbol": "EIX",
    "reportedCurrency": "USD",
    "cik": "0000827052",
    "fillingDate": "2023-11-01",
    "acceptedDate": "2023-11-01 16:11:14",
    "calendarYear": "2023",
    "period": "Q3",
    "revenue": 4702000000,
    "costOfRevenue": 2870000000,
    "grossProfit": 1832000000,
    "grossProfitRatio": 0.3896214377,
    "researchAndDevelopmentExpenses": 0,
    "generalAndAdministrativeExpenses": 536000000,
    "sellingAndMarketingExpenses": 0,
    "sellingGeneralAndAdministrativeExpenses": 536000000,
    "otherExpenses": 804000000,
    "operatingExpenses": 1340000000,
    "costAndExpenses": 4210000000,
    "interestIncome": 70000000,
    "interestExpense": 433000000,
    "depreciationAndAmortization": 663000000,
    "ebitda": 1287000000,
    "ebitdaratio": 0.2737133135,
    "operatingIncome": 492000000,
    "operatingIncomeRatio": 0.104636325,
    "totalOtherIncomeExpensesNet": -303000000,
    "incomeBeforeTax": 189000000,
    "incomeBeforeTaxRatio": 0.0401956614,
    "incomeTaxExpense": -23000000,
    "netIncome": 212000000,
    "netIncomeRatio": 0.0450871969,
    "eps": 0.4,
    "epsdiluted": 0.4,
    "weightedAverageShsOut": 383000000,
    "weightedAverageShsOutDil": 385000000,
    "link": "https://www.sec.gov/Archives/edgar/data/827052/000082705223000084/0000827052-23-000084-index.htm",
    "finalLink": "https://www.sec.gov/Archives/edgar/data/92103/000082705223000084/eix-20230930x10q.htm"
  },
  {
    "date": "2023-06-30",
    "symbol": "EIX",
    "reportedCurrency": "USD",
    "cik": "0000827052",
    "fillingDate": "2023-07-27",
    "acceptedDate": "2023-07-27 16:09:08",
    "calendarYear": "2023",
    "period": "Q2",
    "revenue": 3964000000,
    "costOfRevenue": 2388000000,
    "grossProfit": 1576000000,
    "grossProfitRatio": 0.3975782038,
    "researchAndDevelopmentExpenses": 0,
    "generalAndAdministrativeExpenses": 53000000,
    "sellingAndMarketingExpenses": 0,
    "sellingGeneralAndAdministrativeExpenses": 53000000,
    "otherExpenses": 799000000,
    "operatingExpenses": 852000000,
    "costAndExpenses": 3240000000,
    "interestIncome": 67000000,
    "interestExpense": 392000000,
    "depreciationAndAmortization": 695000000,
    "ebitda": 1547000000,
    "ebitdaratio": 0.3902623613,
    "operatingIncome": 724000000,
    "operatingIncomeRatio": 0.1826437941,
    "totalOtherIncomeExpensesNet": -264000000,
    "incomeBeforeTax": 460000000,
    "incomeBeforeTaxRatio": 0.1160443996,
    "incomeTaxExpense": 51000000,
    "netIncome": 380000000,
    "netIncomeRatio": 0.0958627649,
    "eps": 0.92,
    "epsdiluted": 0.92,
    "weightedAverageShsOut": 383000000,
    "weightedAverageShsOutDil": 385000000,
    "link": "https://www.sec.gov/Archives/edgar/data/827052/000082705223000065/0000827052-23-000065-index.htm",
    "finalLink": "https://www.sec.gov/Archives/edgar/data/92103/000082705223000065/eix-20230630x10q.htm"
  },
  {
    "date": "2023-03-31",
    "symbol": "EIX",
    "reportedCurrency": "USD",
    "cik": "0000827052",
    "fillingDate": "2023-05-02",
    "acceptedDate": "2023-05-02 16:08:52",
    "calendarYear": "2023",
    "period": "Q1",
    "revenue": 3966000000,
    "costOfRevenue": 2402000000,
    "grossProfit": 1564000000,
    "grossProfitRatio": 0.3943519919,
    "researchAndDevelopmentExpenses": 0,
    "generalAndAdministrativeExpenses": 148000000,
    "sellingAndMarketingExpenses": 0,
    "sellingGeneralAndAdministrativeExpenses": 148000000,
    "otherExpenses": 796000000,
    "operatingExpenses": 944000000,
    "costAndExpenses": 3346000000,
    "interestIncome": 62000000,
    "interestExpense": 361000000,
    "depreciationAndAmortization": 676000000,
    "ebitda": 1415000000,
    "ebitdaratio": 0.3567826525,
    "operatingIncome": 620000000,
    "operatingIncomeRatio": 0.1563287948,
    "totalOtherIncomeExpensesNet": -242000000,
    "incomeBeforeTax": 378000000,
    "incomeBeforeTaxRatio": 0.0953101362,
    "incomeTaxExpense": 13000000,
    "netIncome": 365000000,
    "netIncomeRatio": 0.0920322743,
    "eps": 0.81,
    "epsdiluted": 0.81,
    "weightedAverageShsOut": 383000000,
    "weightedAverageShsOutDil": 384000000,
    "link": "https://www.sec.gov/Archives/edgar/data/827052/000082705223000037/0000827052-23-000037-index.htm",
    "finalLink": "https://www.sec.gov/Archives/edgar/data/92103/000082705223000037/eix-20230331x10q.htm"
  },
  {
    "date": "2022-12-31",
    "symbol": "EIX",
    "reportedCurrency": "USD",
    "cik": "0000827052",
    "fillingDate": "2023-02-23",
    "acceptedDate": "2023-02-23 16:10:08",
    "calendarYear": "2022",
    "period": "Q4",
    "revenue": 4016000000,
    "costOfRevenue": 2446000000,
    "grossProfit": 1570000000,
    "grossProfitRatio": 0.390936255,
    "researchAndDevelopmentExpenses": 0,
    "generalAndAdministrativeExpenses": 51000000,
    "sellingAndMarketingExpenses": 0,
    "sellingGeneralAndAdministrativeExpenses": 51000000,
    "otherExpenses": 755000000,
    "operatingExpenses": 806000000,
    "costAndExpenses": 3252000000,
    "interestIncome": 57000000,
    "interestExpense": 350000000,
    "depreciationAndAmortization": 656000000,
    "ebitda": 1549000000,
    "ebitdaratio": 0.3857071713,
    "operatingIncome": 764000000,
    "operatingIncomeRatio": 0.1902390438,
    "totalOtherIncomeExpensesNet": -221000000,
    "incomeBeforeTax": 543000000,
    "incomeBeforeTaxRatio": 0.1352091633,
    "incomeTaxExpense": 73000000,
    "netIncome": 470000000,
    "netIncomeRatio": 0.1170318725,
    "eps": 1.09,
    "epsdiluted": 1.08,
    "weightedAverageShsOut": 382208498,
    "weightedAverageShsOutDil": 384259259,
    "link": "https://www.sec.gov/Archives/edgar/data/827052/000082705223000010/0000827052-23-000010-index.htm",
    "finalLink": "https://www.sec.gov/Archives/edgar/data/92103/000082705223000010/eix-20221231x10k.htm"
  },
  {
    "date": "2022-09-30",
    "symbol": "EIX",
    "reportedCurrency": "USD",
    "cik": "0000827052",
    "fillingDate": "2022-11-01",
    "acceptedDate": "2022-11-01 16:08:19",
    "calendarYear": "2022",
    "period": "Q3",
    "revenue": 5228000000,
    "costOfRevenue": 3464000000,
    "grossProfit": 1764000000,
    "grossProfitRatio": 0.337413925,
    "researchAndDevelopmentExpenses": 0,
    "generalAndAdministrativeExpenses": 943000000,
    "sellingAndMarketingExpenses": 0,
    "sellingGeneralAndAdministrativeExpenses": 943000000,
    "otherExpenses": 865000000,
    "operatingExpenses": 1808000000,
    "costAndExpenses": 5272000000,
    "interestIncome": 25000000,
    "interestExpense": 302000000,
    "depreciationAndAmortization": 761000000,
    "ebitda": 802000000,
    "ebitdaratio": 0.1534047437,
    "operatingIncome": -44000000,
    "operatingIncomeRatio": -0.0084162204,
    "totalOtherIncomeExpensesNet": -217000000,
    "incomeBeforeTax": -261000000,
    "incomeBeforeTaxRatio": -0.0499234889,
    "incomeTaxExpense": -187000000,
    "netIncome": -74000000,
    "netIncomeRatio": -0.0141545524,
    "eps": -0.19,
    "epsdiluted": -0.19,
    "weightedAverageShsOut": 382000000,
    "weightedAverageShsOutDil": 383000000,
    "link": "https://www.sec.gov/Archives/edgar/data/827052/000082705222000076/0000827052-22-000076-index.htm",
    "finalLink": "https://www.sec.gov/Archives/edgar/data/92103/000082705222000076/eix-20220930x10q.htm"
  },
  {
    "date": "2022-06-30",
    "symbol": "EIX",
    "reportedCurrency": "USD",
    "cik": "0000827052",
    "fillingDate": "2022-07-28",
    "acceptedDate": "2022-07-28 16:08:38",
    "calendarYear": "2022",
    "period": "Q2",
    "revenue": 4008000000,
    "costOfRevenue": 2665000000,
    "grossProfit": 1343000000,
    "grossProfitRatio": 0.3350798403,
    "researchAndDevelopmentExpenses": 0,
    "generalAndAdministrativeExpenses": 55000000,
    "sellingAndMarketingExpenses": 0,
    "sellingGeneralAndAdministrativeExpenses": 55000000,
    "otherExpenses": 784000000,
    "operatingExpenses": 839000000,
    "costAndExpenses": 3504000000,
    "interestIncome": 17000000,
    "interestExpense": 271000000,
    "depreciationAndAmortization": 601000000,
    "ebitda": 1171000000,
    "ebitdaratio": 0.2921656687,
    "operatingIncome": 504000000,
    "operatingIncomeRatio": 0.125748503,
    "totalOtherIncomeExpensesNet": -205000000,
    "incomeBeforeTax": 299000000,
    "incomeBeforeTaxRatio": 0.0746007984,
    "incomeTaxExpense": 7000000,
    "netIncome": 267000000,
    "netIncomeRatio": 0.0666167665,
    "eps": 0.63,
    "epsdiluted": 0.63,
    "weightedAverageShsOut": 381000000,
    "weightedAverageShsOutDil": 383000000,
    "link": "https://www.sec.gov/Archives/edgar/data/827052/000082705222000053/0000827052-22-000053-index.htm",
    "finalLink": "https://www.sec.gov/Archives/edgar/data/92103/000082705222000053/eix-20220630x10q.htm"
  },
  {
    "date": "2022-03-31",
    "symbol": "EIX",
    "reportedCurrency": "USD",
    "cik": "0000827052",
    "fillingDate": "2022-05-03",
    "acceptedDate": "2022-05-03 16:07:49",
    "calendarYear": "2022",
    "period": "Q1",
    "revenue": 3968000000,
    "costOfRevenue": 2524000000,
    "grossProfit": 1444000000,
    "grossProfitRatio": 0.3639112903,
    "researchAndDevelopmentExpenses": 0,
    "generalAndAdministrativeExpenses": 478000000,
    "sellingAndMarketingExpenses": 0,
    "sellingGeneralAndAdministrativeExpenses": 478000000,
    "otherExpenses": 707000000,
    "operatingExpenses": 1185000000,
    "costAndExpenses": 3709000000,
    "interestIncome": 2000000,
    "interestExpense": 246000000,
    "depreciationAndAmortization": 624000000,
    "ebitda": 951000000,
    "ebitdaratio": 0.2396673387,
    "operatingIncome": 259000000,
    "operatingIncomeRatio": 0.0652721774,
    "totalOtherIncomeExpensesNet": -178000000,
    "incomeBeforeTax": 81000000,
    "incomeBeforeTaxRatio": 0.0204133065,
    "incomeTaxExpense": -55000000,
    "netIncome": 136000000,
    "netIncomeRatio": 0.0342741935,
    "eps": 0.36,
    "epsdiluted": 0.36,
    "weightedAverageShsOut": 381000000,
    "weightedAverageShsOutDil": 382000000,
    "link": "https://www.sec.gov/Archives/edgar/data/827052/000082705222000031/0000827052-22-000031-index.htm",
    "finalLink": "https://www.sec.gov/Archives/edgar/data/92103/000082705222000031/eix-20220331x10q.htm"
  },
  {
    "date": "2021-12-31",
    "symbol": "EIX",
    "reportedCurrency": "USD",
    "cik": "0000827052",
    "fillingDate": "2022-02-24",
    "acceptedDate": "2022-02-24 16:10:36",
    "calendarYear": "2021",
    "period": "Q4",
    "revenue": 3331000000,
    "costOfRevenue": 1984000000,
    "grossProfit": 1347000000,
    "grossProfitRatio": 0.4043830681,
    "researchAndDevelopmentExpenses": 0,
    "generalAndAdministrativeExpenses": 54000000,
    "sellingAndMarketingExpenses": 0,
    "sellingGeneralAndAdministrativeExpenses": 54000000,
    "otherExpenses": 672000000,
    "operatingExpenses": 726000000,
    "costAndExpenses": 2710000000,
    "interestIncome": 1000000,
    "interestExpense": 231000000,
    "depreciationAndAmortization": 571000000,
    "ebitda": 1234000000,
    "ebitdaratio": 0.3704593215,
    "operatingIncome": 621000000,
    "operatingIncomeRatio": 0.1864305014,
    "totalOtherIncomeExpensesNet": -189000000,
    "incomeBeforeTax": 432000000,
    "incomeBeforeTaxRatio": 0.1296907835,
    "incomeTaxExpense": -139000000,
    "netIncome": 571000000,
    "netIncomeRatio": 0.171419994,
    "eps": 1.38,
    "epsdiluted": 1.37,
    "weightedAverageShsOut": 380000000,
    "weightedAverageShsOutDil": 381000000,
    "link": "https://www.sec.gov/Archives/edgar/data/827052/000082705222000006/0000827052-22-000006-index.htm",
    "finalLink": "https://www.sec.gov/Archives/edgar/data/92103/000082705222000006/eix-20211231x10k.htm"
  },
  {
    "date": "2021-09-30",
    "symbol": "EIX",
    "reportedCurrency": "USD",
    "cik": "0000827052",
    "fillingDate": "2021-11-02",
    "acceptedDate": "2021-11-02 16:10:04",
    "calendarYear": "2021",
    "period": "Q3",
    "revenue": 5299000000,
    "costOfRevenue": 3310000000,
    "grossProfit": 1989000000,
    "grossProfitRatio": 0.3753538403,
    "researchAndDevelopmentExpenses": 0,
    "generalAndAdministrativeExpenses": 1327000000,
    "sellingAndMarketingExpenses": 0,
    "sellingGeneralAndAdministrativeExpenses": 1327000000,
    "otherExpenses": 790000000,
    "operatingExpenses": 2117000000,
    "costAndExpenses": 5427000000,
    "interestIncome": 1000000,
    "interestExpense": 245000000,
    "depreciationAndAmortization": 619000000,
    "ebitda": 538000000,
    "ebitdaratio": 0.1015285903,
    "operatingIncome": -128000000,
    "operatingIncomeRatio": -0.024155501,
    "totalOtherIncomeExpensesNet": -198000000,
    "incomeBeforeTax": -326000000,
    "incomeBeforeTaxRatio": -0.0615210417,
    "incomeTaxExpense": -29000000,
    "netIncome": -297000000,
    "netIncomeRatio": -0.056048311,
    "eps": -0.78,
    "epsdiluted": -0.78,
    "weightedAverageShsOut": 378888888,
    "weightedAverageShsOutDil": 380000000,
    "link": "https://www.sec.gov/Archives/edgar/data/827052/000082705221000063/0000827052-21-000063-index.htm",
    "finalLink": "https://www.sec.gov/Archives/edgar/data/92103/000082705221000063/eix-20210930x10q.htm"
  },
  {
    "date": "2021-06-30",
    "symbol": "EIX",
    "reportedCurrency": "USD",
    "cik": "0000827052",
    "fillingDate": "2021-07-29",
    "acceptedDate": "2021-07-29 16:09:46",
    "calendarYear": "2021",
    "period": "Q2",
    "revenue": 3315000000,
    "costOfRevenue": 2037000000,
    "grossProfit": 1278000000,
    "grossProfitRatio": 0.385520362,
    "researchAndDevelopmentExpenses": 0,
    "generalAndAdministrativeExpenses": 54000000,
    "sellingAndMarketingExpenses": 0,
    "sellingGeneralAndAdministrativeExpenses": 54000000,
    "otherExpenses": 639000000,
    "operatingExpenses": 693000000,
    "costAndExpenses": 2730000000,
    "interestIncome": 1000000,
    "interestExpense": 232000000,
    "depreciationAndAmortization": 548000000,
    "ebitda": 1209000000,
    "ebitdaratio": 0.3647058824,
    "operatingIncome": 585000000,
    "operatingIncomeRatio": 0.1764705882,
    "totalOtherIncomeExpensesNet": -156000000,
    "incomeBeforeTax": 429000000,
    "incomeBeforeTaxRatio": 0.1294117647,
    "incomeTaxExpense": 68000000,
    "netIncome": 318000000,
    "netIncomeRatio": 0.0959276018,
    "eps": 0.84,
    "epsdiluted": 0.84,
    "weightedAverageShsOut": 380000000,
    "weightedAverageShsOutDil": 380000000,
    "link": "https://www.sec.gov/Archives/edgar/data/827052/000082705221000051/0000827052-21-000051-index.htm",
    "finalLink": "https://www.sec.gov/Archives/edgar/data/92103/000082705221000051/eix-20210630x10q.htm"
  },
  {
    "date": "2021-03-31",
    "symbol": "EIX",
    "reportedCurrency": "USD",
    "cik": "0000827052",
    "fillingDate": "2021-04-27",
    "acceptedDate": "2021-04-27 16:08:48",
    "calendarYear": "2021",
    "period": "Q1",
    "revenue": 2960000000,
    "costOfRevenue": 1857000000,
    "grossProfit": 1103000000,
    "grossProfitRatio": 0.3726351351,
    "researchAndDevelopmentExpenses": 0,
    "generalAndAdministrativeExpenses": 56000000,
    "sellingAndMarketingExpenses": 0,
    "sellingGeneralAndAdministrativeExpenses": 56000000,
    "otherExpenses": 651000000,
    "operatingExpenses": 707000000,
    "costAndExpenses": 2561000000,
    "interestIncome": 0,
    "interestExpense": 217000000,
    "depreciationAndAmortization": 542000000,
    "ebitda": 1013000000,
    "ebitdaratio": 0.3422297297,
    "operatingIncome": 399000000,
    "operatingIncomeRatio": 0.1347972973,
    "totalOtherIncomeExpensesNet": -145000000,
    "incomeBeforeTax": 254000000,
    "incomeBeforeTaxRatio": 0.0858108108,
    "incomeTaxExpense": -36000000,
    "netIncome": 290000000,
    "netIncomeRatio": 0.097972973,
    "eps": 0.68,
    "epsdiluted": 0.68,
    "weightedAverageShsOut": 379000000,
    "weightedAverageShsOutDil": 380000000,
    "link": "https://www.sec.gov/Archives/edgar/data/827052/000082705221000033/0000827052-21-000033-index.htm",
    "finalLink": "https://www.sec.gov/Archives/edgar/data/92103/000082705221000033/eix-20210331x10q.htm"
  },
  {
    "date": "2020-12-31",
    "symbol": "EIX",
    "reportedCurrency": "USD",
    "cik": "0000827052",
    "fillingDate": "2021-02-25",
    "acceptedDate": "2021-02-25 16:10:55",
    "calendarYear": "2020",
    "period": "Q4",
    "revenue": 3157000000,
    "costOfRevenue": 1843000000,
    "grossProfit": 1314000000,
    "grossProfitRatio": 0.4162179284,
    "researchAndDevelopmentExpenses": 0,
    "generalAndAdministrativeExpenses": 109000000,
    "sellingAndMarketingExpenses": 0,
    "sellingGeneralAndAdministrativeExpenses": 109000000,
    "otherExpenses": 411000000,
    "operatingExpenses": 520000000,
    "costAndExpenses": 2363000000,
    "interestIncome": 0,
    "interestExpense": 226000000,
    "depreciationAndAmortization": 517000000,
    "ebitda": 1345000000,
    "ebitdaratio": 0.4260373773,
    "operatingIncome": 794000000,
    "operatingIncomeRatio": 0.251504593,
    "totalOtherIncomeExpensesNet": -192000000,
    "incomeBeforeTax": 602000000,
    "incomeBeforeTaxRatio": 0.1906873614,
    "incomeTaxExpense": 50000000,
    "netIncome": 526000000,
    "netIncomeRatio": 0.1666138739,
    "eps": 1.39,
    "epsdiluted": 1.39,
    "weightedAverageShsOut": 378000000,
    "weightedAverageShsOutDil": 379000000,
    "link": "https://www.sec.gov/Archives/edgar/data/827052/000082705221000019/0000827052-21-000019-index.htm",
    "finalLink": "https://www.sec.gov/Archives/edgar/data/92103/000082705221000019/eix-20201231.htm"
  },
  {
    "date": "2020-09-30",
    "symbol": "EIX",
    "reportedCurrency": "USD",
    "cik": "0000827052",
    "fillingDate": "2020-10-27",
    "acceptedDate": "2020-10-27 16:08:44",
    "calendarYear": "2020",
    "period": "Q3",
    "revenue": 4644000000,
    "costOfRevenue": 3065000000,
    "grossProfit": 1579000000,
    "grossProfitRatio": 0.3400086133,
    "researchAndDevelopmentExpenses": 0,
    "generalAndAdministrativeExpenses": 1382000000,
    "sellingAndMarketingExpenses": 0,
    "sellingGeneralAndAdministrativeExpenses": 1382000000,
    "otherExpenses": 576000000,
    "operatingExpenses": 1958000000,
    "costAndExpenses": 5023000000,
    "interestIncome": 3000000,
    "interestExpense": 222000000,
    "depreciationAndAmortization": 507000000,
    "ebitda": 212000000,
    "ebitdaratio": 0.0456503015,
    "operatingIncome": -379000000,
    "operatingIncomeRatio": -0.0816106804,
    "totalOtherIncomeExpensesNet": -138000000,
    "incomeBeforeTax": -517000000,
    "incomeBeforeTaxRatio": -0.1113264427,
    "incomeTaxExpense": -275000000,
    "netIncome": -242000000,
    "netIncomeRatio": -0.0521102498,
    "eps": -0.64,
    "epsdiluted": -0.64,
    "weightedAverageShsOut": 378000000,
    "weightedAverageShsOutDil": 378000000,
    "link": "https://www.sec.gov/Archives/edgar/data/827052/000082705220000134/0000827052-20-000134-index.htm",
    "finalLink": "https://www.sec.gov/Archives/edgar/data/92103/000082705220000134/eix-20200930.htm"
  },
  {
    "date": "2020-06-30",
    "symbol": "EIX",
    "reportedCurrency": "USD",
    "cik": "0000827052",
    "fillingDate": "2020-07-30",
    "acceptedDate": "2020-07-30 06:21:10",
    "calendarYear": "2020",
    "period": "Q2",
    "revenue": 2987000000,
    "costOfRevenue": 1830000000,
    "grossProfit": 1157000000,
    "grossProfitRatio": 0.3873451624,
    "researchAndDevelopmentExpenses": 0,
    "generalAndAdministrativeExpenses": 83000000,
    "sellingAndMarketingExpenses": 0,
    "sellingGeneralAndAdministrativeExpenses": 83000000,
    "otherExpenses": 574000000,
    "operatingExpenses": 657000000,
    "costAndExpenses": 2487000000,
    "interestIncome": 6000000,
    "interestExpense": 229000000,
    "depreciationAndAmortization": 504000000,
    "ebitda": 1085000000,
    "ebitdaratio": 0.3632407097,
    "operatingIncome": 500000000,
    "operatingIncomeRatio": 0.1673920321,
    "totalOtherIncomeExpensesNet": -148000000,
    "incomeBeforeTax": 352000000,
    "incomeBeforeTaxRatio": 0.1178439906,
    "incomeTaxExpense": 4000000,
    "netIncome": 318000000,
    "netIncomeRatio": 0.1064613324,
    "eps": 0.85,
    "epsdiluted": 0.85,
    "weightedAverageShsOut": 375000000,
    "weightedAverageShsOutDil": 376000000,
    "link": "https://www.sec.gov/Archives/edgar/data/827052/000082705220000119/0000827052-20-000119-index.htm",
    "finalLink": "https://www.sec.gov/Archives/edgar/data/92103/000082705220000119/eix-20200630.htm"
  },
  {
    "date": "2020-03-31",
    "symbol": "EIX",
    "reportedCurrency": "USD",
    "cik": "0000827052",
    "fillingDate": "2020-04-30",
    "acceptedDate": "2020-04-30 16:09:22",
    "calendarYear": "2020",
    "period": "Q1",
    "revenue": 2790000000,
    "costOfRevenue": 1809000000,
    "grossProfit": 981000000,
    "grossProfitRatio": 0.3516129032,
    "researchAndDevelopmentExpenses": 0,
    "generalAndAdministrativeExpenses": 84000000,
    "sellingAndMarketingExpenses": 0,
    "sellingGeneralAndAdministrativeExpenses": 84000000,
    "otherExpenses": 595000000,
    "operatingExpenses": 679000000,
    "costAndExpenses": 2488000000,
    "interestIncome": 10000000,
    "interestExpense": 225000000,
    "depreciationAndAmortization": 501000000,
    "ebitda": 855000000,
    "ebitdaratio": 0.3064516129,
    "operatingIncome": 302000000,
    "operatingIncomeRatio": 0.1082437276,
    "totalOtherIncomeExpensesNet": -173000000,
    "incomeBeforeTax": 129000000,
    "incomeBeforeTaxRatio": 0.0462365591,
    "incomeTaxExpense": -84000000,
    "netIncome": 213000000,
    "netIncomeRatio": 0.076344086,
    "eps": 0.5,
    "epsdiluted": 0.5,
    "weightedAverageShsOut": 363000000,
    "weightedAverageShsOutDil": 364000000,
    "link": "https://www.sec.gov/Archives/edgar/data/827052/000082705220000091/0000827052-20-000091-index.htm",
    "finalLink": "https://www.sec.gov/Archives/edgar/data/92103/000082705220000091/eix-sceq110q2020.htm"
  },
  {
    "date": "2019-12-31",
    "symbol": "EIX",
    "reportedCurrency": "USD",
    "cik": "0000827052",
    "fillingDate": "2020-02-27",
    "acceptedDate": "2020-02-27 16:13:21",
    "calendarYear": "2019",
    "period": "Q4",
    "revenue": 2970000000,
    "costOfRevenue": 1751000000,
    "grossProfit": 1219000000,
    "grossProfitRatio": 0.4104377104,
    "researchAndDevelopmentExpenses": 0,
    "generalAndAdministrativeExpenses": 391000000,
    "sellingAndMarketingExpenses": 0,
    "sellingGeneralAndAdministrativeExpenses": 391000000,
    "otherExpenses": 601000000,
    "operatingExpenses": 992000000,
    "costAndExpenses": 2683000000,
    "interestIncome": 8000000,
    "interestExpense": 222000000,
    "depreciationAndAmortization": 487000000,
    "ebitda": 816000000,
    "ebitdaratio": 0.2747474747,
    "operatingIncome": 287000000,
    "operatingIncomeRatio": 0.0966329966,
    "totalOtherIncomeExpensesNet": -180000000,
    "incomeBeforeTax": 107000000,
    "incomeBeforeTaxRatio": 0.036026936,
    "incomeTaxExpense": -66000000,
    "netIncome": 173000000,
    "netIncomeRatio": 0.0582491582,
    "eps": 0.4,
    "epsdiluted": 0.4,
    "weightedAverageShsOut": 360000000,
    "weightedAverageShsOutDil": 361000000,
    "link": "https://www.sec.gov/Archives/edgar/data/827052/000082705220000026/0000827052-20-000026-index.htm",
    "finalLink": "https://www.sec.gov/Archives/edgar/data/92103/000082705220000026/eix-sceq4201910k.htm"
  },
  {
    "date": "2019-09-30",
    "symbol": "EIX",
    "reportedCurrency": "USD",
    "cik": "0000827052",
    "fillingDate": "2019-10-29",
    "acceptedDate": "2019-10-29 17:12:13",
    "calendarYear": "2019",
    "period": "Q3",
    "revenue": 3741000000,
    "costOfRevenue": 2549000000,
    "grossProfit": 1192000000,
    "grossProfitRatio": 0.318631382,
    "researchAndDevelopmentExpenses": 0,
    "generalAndAdministrativeExpenses": 67000000,
    "sellingAndMarketingExpenses": 0,
    "sellingGeneralAndAdministrativeExpenses": 67000000,
    "otherExpenses": 556000000,
    "operatingExpenses": 623000000,
    "costAndExpenses": 3105000000,
    "interestIncome": 13000000,
    "interestExpense": 214000000,
    "depreciationAndAmortization": 479000000,
    "ebitda": 1173000000,
    "ebitdaratio": 0.3135525261,
    "operatingIncome": 636000000,
    "operatingIncomeRatio": 0.1700080192,
    "totalOtherIncomeExpensesNet": -156000000,
    "incomeBeforeTax": 480000000,
    "incomeBeforeTaxRatio": 0.1283079391,
    "incomeTaxExpense": -22000000,
    "netIncome": 502000000,
    "netIncomeRatio": 0.1341887196,
    "eps": 1.36,
    "epsdiluted": 1.35,
    "weightedAverageShsOut": 347000000,
    "weightedAverageShsOutDil": 349000000,
    "link": "https://www.sec.gov/Archives/edgar/data/827052/000082705219000166/0000827052-19-000166-index.htm",
    "finalLink": "https://www.sec.gov/Archives/edgar/data/92103/000082705219000166/eix-sceq310q2019.htm"
  },
  {
    "date": "2019-06-30",
    "symbol": "EIX",
    "reportedCurrency": "USD",
    "cik": "0000827052",
    "fillingDate": "2019-07-25",
    "acceptedDate": "2019-07-25 16:12:32",
    "calendarYear": "2019",
    "period": "Q2",
    "revenue": 2812000000,
    "costOfRevenue": 1730000000,
    "grossProfit": 1082000000,
    "grossProfitRatio": 0.3847795164,
    "researchAndDevelopmentExpenses": 0,
    "generalAndAdministrativeExpenses": 0,
    "sellingAndMarketingExpenses": 0,
    "sellingGeneralAndAdministrativeExpenses": 0,
    "otherExpenses": 582000000,
    "operatingExpenses": 582000000,
    "costAndExpenses": 2312000000,
    "interestIncome": 6000000,
    "interestExpense": 211000000,
    "depreciationAndAmortization": 339000000,
    "ebitda": 894000000,
    "ebitdaratio": 0.3179231863,
    "operatingIncome": 500000000,
    "operatingIncomeRatio": 0.1778093883,
    "totalOtherIncomeExpensesNet": -156000000,
    "incomeBeforeTax": 344000000,
    "incomeBeforeTaxRatio": 0.1223328592,
    "incomeTaxExpense": -78000000,
    "netIncome": 422000000,
    "netIncomeRatio": 0.1500711238,
    "eps": 1.2,
    "epsdiluted": 1.2,
    "weightedAverageShsOut": 326000000,
    "weightedAverageShsOutDil": 327000000,
    "link": "https://www.sec.gov/Archives/edgar/data/827052/000082705219000135/0000827052-19-000135-index.htm",
    "finalLink": "https://www.sec.gov/Archives/edgar/data/92103/000082705219000135/eix-sceq210q2019.htm"
  },
  {
    "date": "2019-03-31",
    "symbol": "EIX",
    "reportedCurrency": "USD",
    "cik": "0000827052",
    "fillingDate": "2019-04-30",
    "acceptedDate": "2019-04-30 16:13:35",
    "calendarYear": "2019",
    "period": "Q1",
    "revenue": 2824000000,
    "costOfRevenue": 1887000000,
    "grossProfit": 937000000,
    "grossProfitRatio": 0.3317988669,
    "researchAndDevelopmentExpenses": 0,
    "generalAndAdministrativeExpenses": 0,
    "sellingAndMarketingExpenses": 0,
    "sellingGeneralAndAdministrativeExpenses": 0,
    "otherExpenses": 585000000,
    "operatingExpenses": 585000000,
    "costAndExpenses": 2472000000,
    "interestIncome": 11000000,
    "interestExpense": 194000000,
    "depreciationAndAmortization": 498000000,
    "ebitda": 888000000,
    "ebitdaratio": 0.3144475921,
    "operatingIncome": 352000000,
    "operatingIncomeRatio": 0.1246458924,
    "totalOtherIncomeExpensesNet": -156000000,
    "incomeBeforeTax": 196000000,
    "incomeBeforeTaxRatio": 0.0694050992,
    "incomeTaxExpense": -112000000,
    "netIncome": 308000000,
    "netIncomeRatio": 0.1090651558,
    "eps": 0.85,
    "epsdiluted": 0.85,
    "weightedAverageShsOut": 326000000,
    "weightedAverageShsOutDil": 327000000,
    "link": "https://www.sec.gov/Archives/edgar/data/827052/000082705219000108/0000827052-19-000108-index.htm",
    "finalLink": "https://www.sec.gov/Archives/edgar/data/92103/000082705219000108/eix-sceq110q2019.htm"
  },
  {
    "date": "2018-12-31",
    "symbol": "EIX",
    "reportedCurrency": "USD",
    "cik": "0000827052",
    "fillingDate": "2019-02-28",
    "acceptedDate": "2019-02-28 16:12:51",
    "calendarYear": "2018",
    "period": "Q4",
    "revenue": 3009000000,
    "costOfRevenue": 1791000000,
    "grossProfit": 1218000000,
    "grossProfitRatio": 0.4047856431,
    "researchAndDevelopmentExpenses": 0,
    "generalAndAdministrativeExpenses": 2669000000,
    "sellingAndMarketingExpenses": 0,
    "sellingGeneralAndAdministrativeExpenses": 2667000000,
    "otherExpenses": 592000000,
    "operatingExpenses": 3259000000,
    "costAndExpenses": 5050000000,
    "interestIncome": 10000000,
    "interestExpense": 196000000,
    "depreciationAndAmortization": 308000000,
    "ebitda": -1540000000,
    "ebitdaratio": -0.5117979395,
    "operatingIncome": -2041000000,
    "operatingIncomeRatio": -0.678298438,
    "totalOtherIncomeExpensesNet": -175000000,
    "incomeBeforeTax": -2216000000,
    "incomeBeforeTaxRatio": -0.7364572948,
    "incomeTaxExpense": -782000000,
    "netIncome": -1400000000,
    "netIncomeRatio": -0.4652708541,
    "eps": -4.29,
    "epsdiluted": -4.29,
    "weightedAverageShsOut": 326000000,
    "weightedAverageShsOutDil": 326000000,
    "link": "https://www.sec.gov/Archives/edgar/data/827052/000082705219000034/0000827052-19-000034-index.htm",
    "finalLink": "https://www.sec.gov/Archives/edgar/data/92103/000082705219000034/eix-sceq4201810k.htm"
  },
  {
    "date": "2018-09-30",
    "symbol": "EIX",
    "reportedCurrency": "USD",
    "cik": "0000827052",
    "fillingDate": "2018-10-30",
    "acceptedDate": "2018-10-30 16:06:57",
    "calendarYear": "2018",
    "period": "Q3",
    "revenue": 4269000000,
    "costOfRevenue": 2980000000,
    "grossProfit": 1289000000,
    "grossProfitRatio": 0.3019442492,
    "researchAndDevelopmentExpenses": 0,
    "generalAndAdministrativeExpenses": 0,
    "sellingAndMarketingExpenses": 0,
    "sellingGeneralAndAdministrativeExpenses": -26000000,
    "otherExpenses": 576000000,
    "operatingExpenses": 550000000,
    "costAndExpenses": 3530000000,
    "interestIncome": 10000000,
    "interestExpense": 188000000,
    "depreciationAndAmortization": 565000000,
    "ebitda": 1380000000,
    "ebitdaratio": 0.3232607168,
    "operatingIncome": 739000000,
    "operatingIncomeRatio": 0.1731084563,
    "totalOtherIncomeExpensesNet": -112000000,
    "incomeBeforeTax": 627000000,
    "incomeBeforeTaxRatio": 0.1468728039,
    "incomeTaxExpense": 83000000,
    "netIncome": 544000000,
    "netIncomeRatio": 0.1274303115,
    "eps": 1.57,
    "epsdiluted": 1.57,
    "weightedAverageShsOut": 326000000,
    "weightedAverageShsOutDil": 327000000,
    "link": "https://www.sec.gov/Archives/edgar/data/827052/000082705218000151/0000827052-18-000151-index.htm",
    "finalLink": "https://www.sec.gov/Archives/edgar/data/92103/000082705218000151/eix-sce2018q310q.htm"
  },
  {
    "date": "2018-06-30",
    "symbol": "EIX",
    "reportedCurrency": "USD",
    "cik": "0000827052",
    "fillingDate": "2018-07-26",
    "acceptedDate": "2018-07-26 16:08:36",
    "calendarYear": "2018",
    "period": "Q2",
    "revenue": 2815000000,
    "costOfRevenue": 1831000000,
    "grossProfit": 984000000,
    "grossProfitRatio": 0.3495559503,
    "researchAndDevelopmentExpenses": 0,
    "generalAndAdministrativeExpenses": 0,
    "sellingAndMarketingExpenses": 0,
    "sellingGeneralAndAdministrativeExpenses": -27000000,
    "otherExpenses": 591000000,
    "operatingExpenses": 564000000,
    "costAndExpenses": 2395000000,
    "interestIncome": 5000000,
    "interestExpense": 180000000,
    "depreciationAndAmortization": 595000000,
    "ebitda": 1064000000,
    "ebitdaratio": 0.3779751332,
    "operatingIncome": 420000000,
    "operatingIncomeRatio": 0.1492007105,
    "totalOtherIncomeExpensesNet": -131000000,
    "incomeBeforeTax": 289000000,
    "incomeBeforeTaxRatio": 0.1026642984,
    "incomeTaxExpense": -9000000,
    "netIncome": 306000000,
    "netIncomeRatio": 0.1087033748,
    "eps": 0.85,
    "epsdiluted": 0.84,
    "weightedAverageShsOut": 326000000,
    "weightedAverageShsOutDil": 327000000,
    "link": "https://www.sec.gov/Archives/edgar/data/827052/000082705218000136/0000827052-18-000136-index.htm",
    "finalLink": "https://www.sec.gov/Archives/edgar/data/92103/000082705218000136/eix-sce2018q210q.htm"
  },
  {
    "date": "2018-03-31",
    "symbol": "EIX",
    "reportedCurrency": "USD",
    "cik": "0000827052",
    "fillingDate": "2018-05-01",
    "acceptedDate": "2018-05-01 16:09:58",
    "calendarYear": "2018",
    "period": "Q1",
    "revenue": 2564000000,
    "costOfRevenue": 1601000000,
    "grossProfit": 963000000,
    "grossProfitRatio": 0.3755850234,
    "researchAndDevelopmentExpenses": 0,
    "generalAndAdministrativeExpenses": 0,
    "sellingAndMarketingExpenses": 0,
    "sellingGeneralAndAdministrativeExpenses": -26000000,
    "otherExpenses": 659000000,
    "operatingExpenses": 633000000,
    "costAndExpenses": 2234000000,
    "interestIncome": 4000000,
    "interestExpense": 170000000,
    "depreciationAndAmortization": 479000000,
    "ebitda": 860000000,
    "ebitdaratio": 0.3354134165,
    "operatingIncome": 330000000,
    "operatingIncomeRatio": 0.1287051482,
    "totalOtherIncomeExpensesNet": -119000000,
    "incomeBeforeTax": 211000000,
    "incomeBeforeTaxRatio": 0.0822932917,
    "incomeTaxExpense": -31000000,
    "netIncome": 248000000,
    "netIncomeRatio": 0.096723869,
    "eps": 0.67,
    "epsdiluted": 0.67,
    "weightedAverageShsOut": 326000000,
    "weightedAverageShsOutDil": 327000000,
    "link": "https://www.sec.gov/Archives/edgar/data/827052/000082705218000115/0000827052-18-000115-index.htm",
    "finalLink": "https://www.sec.gov/Archives/edgar/data/92103/000082705218000115/eix-sce2018q110q.htm"
  },
  {
    "date": "2017-12-31",
    "symbol": "EIX",
    "reportedCurrency": "USD",
    "cik": "0000827052",
    "fillingDate": "2018-02-22",
    "acceptedDate": "2018-02-22 16:11:02",
    "calendarYear": "2017",
    "period": "Q4",
    "revenue": 3220000000,
    "costOfRevenue": 1922000000,
    "grossProfit": 1298000000,
    "grossProfitRatio": 0.4031055901,
    "researchAndDevelopmentExpenses": 0,
    "generalAndAdministrativeExpenses": 12000000,
    "sellingAndMarketingExpenses": 0,
    "sellingGeneralAndAdministrativeExpenses": 0,
    "otherExpenses": 1314000000,
    "operatingExpenses": 1314000000,
    "costAndExpenses": 3236000000,
    "interestIncome": 2000000,
    "interestExpense": 166000000,
    "depreciationAndAmortization": 524000000,
    "ebitda": 520000000,
    "ebitdaratio": 0.1614906832,
    "operatingIncome": -16000000,
    "operatingIncomeRatio": -0.0049689441,
    "totalOtherIncomeExpensesNet": -132000000,
    "incomeBeforeTax": -170000000,
    "incomeBeforeTaxRatio": -0.0527950311,
    "incomeTaxExpense": 364000000,
    "netIncome": -515000000,
    "netIncomeRatio": -0.1599378882,
    "eps": -1.58,
    "epsdiluted": -1.57,
    "weightedAverageShsOut": 326000000,
    "weightedAverageShsOutDil": 328000000,
    "link": "https://www.sec.gov/Archives/edgar/data/827052/000082705218000046/0000827052-18-000046-index.htm",
    "finalLink": "https://www.sec.gov/Archives/edgar/data/92103/000082705218000046/eix-sce201710k.htm"
  },
  {
    "date": "2017-09-30",
    "symbol": "EIX",
    "reportedCurrency": "USD",
    "cik": "0000827052",
    "fillingDate": "2017-10-30",
    "acceptedDate": "2017-10-30 16:07:44",
    "calendarYear": "2017",
    "period": "Q3",
    "revenue": 3672000000,
    "costOfRevenue": 2496000000,
    "grossProfit": 1176000000,
    "grossProfitRatio": 0.3202614379,
    "researchAndDevelopmentExpenses": 0,
    "generalAndAdministrativeExpenses": 12000000,
    "sellingAndMarketingExpenses": 0,
    "sellingGeneralAndAdministrativeExpenses": -9000000,
    "otherExpenses": 624000000,
    "operatingExpenses": 615000000,
    "costAndExpenses": 3119000000,
    "interestIncome": 3000000,
    "interestExpense": 162000000,
    "depreciationAndAmortization": 539000000,
    "ebitda": 1133000000,
    "ebitdaratio": 0.3085511983,
    "operatingIncome": 553000000,
    "operatingIncomeRatio": 0.1505991285,
    "totalOtherIncomeExpensesNet": -121000000,
    "incomeBeforeTax": 432000000,
    "incomeBeforeTaxRatio": 0.1176470588,
    "incomeTaxExpense": -69000000,
    "netIncome": 502000000,
    "netIncomeRatio": 0.1367102397,
    "eps": 1.44,
    "epsdiluted": 1.43,
    "weightedAverageShsOut": 326000000,
    "weightedAverageShsOutDil": 328000000,
    "link": "https://www.sec.gov/Archives/edgar/data/827052/000082705217000196/0000827052-17-000196-index.htm",
    "finalLink": "https://www.sec.gov/Archives/edgar/data/92103/000082705217000196/eix-sce2017q310q.htm"
  },
  {
    "date": "2017-06-30",
    "symbol": "EIX",
    "reportedCurrency": "USD",
    "cik": "0000827052",
    "fillingDate": "2017-07-27",
    "acceptedDate": "2017-07-27 16:05:56",
    "calendarYear": "2017",
    "period": "Q2",
    "revenue": 2965000000,
    "costOfRevenue": 1882000000,
    "grossProfit": 1083000000,
    "grossProfitRatio": 0.3652613828,
    "researchAndDevelopmentExpenses": 0,
    "generalAndAdministrativeExpenses": 0,
    "sellingAndMarketingExpenses": 0,
    "sellingGeneralAndAdministrativeExpenses": -9000000,
    "otherExpenses": 623000000,
    "operatingExpenses": 614000000,
    "costAndExpenses": 2495000000,
    "interestIncome": 2000000,
    "interestExpense": 159000000,
    "depreciationAndAmortization": 522000000,
    "ebitda": 1016000000,
    "ebitdaratio": 0.3426644182,
    "operatingIncome": 470000000,
    "operatingIncomeRatio": 0.1585160202,
    "totalOtherIncomeExpensesNet": -135000000,
    "incomeBeforeTax": 335000000,
    "incomeBeforeTaxRatio": 0.1129848229,
    "incomeTaxExpense": 26000000,
    "netIncome": 309000000,
    "netIncomeRatio": 0.1042158516,
    "eps": 0.85,
    "epsdiluted": 0.85,
    "weightedAverageShsOut": 326000000,
    "weightedAverageShsOutDil": 329000000,
    "link": "https://www.sec.gov/Archives/edgar/data/827052/000082705217000163/0000827052-17-000163-index.htm",
    "finalLink": "https://www.sec.gov/Archives/edgar/data/92103/000082705217000163/eix-sce2017q210q.htm"
  },
  {
    "date": "2017-03-31",
    "symbol": "EIX",
    "reportedCurrency": "USD",
    "cik": "0000827052",
    "fillingDate": "2017-05-01",
    "acceptedDate": "2017-05-01 16:07:08",
    "calendarYear": "2017",
    "period": "Q1",
    "revenue": 2463000000,
    "costOfRevenue": 1380000000,
    "grossProfit": 1083000000,
    "grossProfitRatio": 0.4397076736,
    "researchAndDevelopmentExpenses": 0,
    "generalAndAdministrativeExpenses": 0,
    "sellingAndMarketingExpenses": 0,
    "sellingGeneralAndAdministrativeExpenses": -9000000,
    "otherExpenses": 613000000,
    "operatingExpenses": 604000000,
    "costAndExpenses": 1992000000,
    "interestIncome": 0,
    "interestExpense": 152000000,
    "depreciationAndAmortization": 520000000,
    "ebitda": 1024000000,
    "ebitdaratio": 0.4157531466,
    "operatingIncome": 471000000,
    "operatingIncomeRatio": 0.1912302071,
    "totalOtherIncomeExpensesNet": -119000000,
    "incomeBeforeTax": 352000000,
    "incomeBeforeTaxRatio": 0.1429151441,
    "incomeTaxExpense": -40000000,
    "netIncome": 393000000,
    "netIncomeRatio": 0.1595615104,
    "eps": 1.11,
    "epsdiluted": 1.1,
    "weightedAverageShsOut": 326000000,
    "weightedAverageShsOutDil": 329000000,
    "link": "https://www.sec.gov/Archives/edgar/data/827052/000082705217000128/0000827052-17-000128-index.htm",
    "finalLink": "https://www.sec.gov/Archives/edgar/data/92103/000082705217000128/eix-sce2017q110q.htm"
  },
  {
    "date": "2016-12-31",
    "symbol": "EIX",
    "reportedCurrency": "USD",
    "cik": "0000827052",
    "fillingDate": "2017-02-21",
    "acceptedDate": "2017-02-21 16:06:50",
    "calendarYear": "2016",
    "period": "Q4",
    "revenue": 2884000000,
    "costOfRevenue": 1730000000,
    "grossProfit": 1154000000,
    "grossProfitRatio": 0.4001386963,
    "researchAndDevelopmentExpenses": 0,
    "generalAndAdministrativeExpenses": 0,
    "sellingAndMarketingExpenses": 0,
    "sellingGeneralAndAdministrativeExpenses": 0,
    "otherExpenses": 588000000,
    "operatingExpenses": 588000000,
    "costAndExpenses": 2317000000,
    "interestIncome": 0,
    "interestExpense": 150000000,
    "depreciationAndAmortization": 523000000,
    "ebitda": 1101000000,
    "ebitdaratio": 0.3817614424,
    "operatingIncome": 567000000,
    "operatingIncomeRatio": 0.1966019417,
    "totalOtherIncomeExpensesNet": -139000000,
    "incomeBeforeTax": 426000000,
    "incomeBeforeTaxRatio": 0.1477115118,
    "incomeTaxExpense": 63000000,
    "netIncome": 377000000,
    "netIncomeRatio": 0.1307212205,
    "eps": 1.06,
    "epsdiluted": 1.05,
    "weightedAverageShsOut": 326000000,
    "weightedAverageShsOutDil": 330000000,
    "link": "https://www.sec.gov/Archives/edgar/data/827052/000082705217000033/0000827052-17-000033-index.htm",
    "finalLink": "https://www.sec.gov/Archives/edgar/data/92103/000082705217000033/eix-sce201610k.htm"
  },
  {
    "date": "2016-09-30",
    "symbol": "EIX",
    "reportedCurrency": "USD",
    "cik": "0000827052",
    "fillingDate": "2016-11-01",
    "acceptedDate": "2016-11-01 16:05:19",
    "calendarYear": "2016",
    "period": "Q3",
    "revenue": 3767000000,
    "costOfRevenue": 2459000000,
    "grossProfit": 1308000000,
    "grossProfitRatio": 0.3472259092,
    "researchAndDevelopmentExpenses": 0,
    "generalAndAdministrativeExpenses": 0,
    "sellingAndMarketingExpenses": 0,
    "sellingGeneralAndAdministrativeExpenses": 0,
    "otherExpenses": 613000000,
    "operatingExpenses": 613000000,
    "costAndExpenses": 3072000000,
    "interestIncome": 1000000,
    "interestExpense": 147000000,
    "depreciationAndAmortization": 550000000,
    "ebitda": 1268000000,
    "ebitdaratio": 0.3366073799,
    "operatingIncome": 695000000,
    "operatingIncomeRatio": 0.1844969472,
    "totalOtherIncomeExpensesNet": -124000000,
    "incomeBeforeTax": 571000000,
    "incomeBeforeTaxRatio": 0.1515795062,
    "incomeTaxExpense": 122000000,
    "netIncome": 452000000,
    "netIncomeRatio": 0.1199893815,
    "eps": 1.29,
    "epsdiluted": 1.27,
    "weightedAverageShsOut": 326000000,
    "weightedAverageShsOutDil": 330000000,
    "link": "https://www.sec.gov/Archives/edgar/data/827052/000082705216000398/0000827052-16-000398-index.htm",
    "finalLink": "https://www.sec.gov/Archives/edgar/data/92103/000082705216000398/eix-sce2016q310q.htm"
  },
  {
    "date": "2016-06-30",
    "symbol": "EIX",
    "reportedCurrency": "USD",
    "cik": "0000827052",
    "fillingDate": "2016-07-28",
    "acceptedDate": "2016-07-28 16:07:25",
    "calendarYear": "2016",
    "period": "Q2",
    "revenue": 2777000000,
    "costOfRevenue": 1785000000,
    "grossProfit": 992000000,
    "grossProfitRatio": 0.3572200216,
    "researchAndDevelopmentExpenses": 0,
    "generalAndAdministrativeExpenses": 0,
    "sellingAndMarketingExpenses": 0,
    "sellingGeneralAndAdministrativeExpenses": 0,
    "otherExpenses": 611000000,
    "operatingExpenses": 611000000,
    "costAndExpenses": 2396000000,
    "interestIncome": 2000000,
    "interestExpense": 144000000,
    "depreciationAndAmortization": 526000000,
    "ebitda": 929000000,
    "ebitdaratio": 0.3345336694,
    "operatingIncome": 381000000,
    "operatingIncomeRatio": 0.1371984156,
    "totalOtherIncomeExpensesNet": -122000000,
    "incomeBeforeTax": 259000000,
    "incomeBeforeTaxRatio": 0.0932661145,
    "incomeTaxExpense": -47000000,
    "netIncome": 311000000,
    "netIncomeRatio": 0.1119913576,
    "eps": 0.86,
    "epsdiluted": 0.85,
    "weightedAverageShsOut": 326000000,
    "weightedAverageShsOutDil": 330000000,
    "link": "https://www.sec.gov/Archives/edgar/data/827052/000082705216000363/0000827052-16-000363-index.htm",
    "finalLink": "https://www.sec.gov/Archives/edgar/data/92103/000082705216000363/eix-sce2016q210q.htm"
  },
  {
    "date": "2016-03-31",
    "symbol": "EIX",
    "reportedCurrency": "USD",
    "cik": "0000827052",
    "fillingDate": "2016-05-02",
    "acceptedDate": "2016-05-02 16:05:12",
    "calendarYear": "2016",
    "period": "Q1",
    "revenue": 2440000000,
    "costOfRevenue": 1423000000,
    "grossProfit": 1017000000,
    "grossProfitRatio": 0.4168032787,
    "researchAndDevelopmentExpenses": 0,
    "generalAndAdministrativeExpenses": 0,
    "sellingAndMarketingExpenses": 0,
    "sellingGeneralAndAdministrativeExpenses": 0,
    "otherExpenses": 569000000,
    "operatingExpenses": 569000000,
    "costAndExpenses": 1992000000,
    "interestIncome": 0,
    "interestExpense": 140000000,
    "depreciationAndAmortization": 499000000,
    "ebitda": 972000000,
    "ebitdaratio": 0.3983606557,
    "operatingIncome": 448000000,
    "operatingIncomeRatio": 0.1836065574,
    "totalOtherIncomeExpensesNet": -115000000,
    "incomeBeforeTax": 333000000,
    "incomeBeforeTaxRatio": 0.1364754098,
    "incomeTaxExpense": 38000000,
    "netIncome": 311000000,
    "netIncomeRatio": 0.1274590164,
    "eps": 0.86,
    "epsdiluted": 0.85,
    "weightedAverageShsOut": 326000000,
    "weightedAverageShsOutDil": 329000000,
    "link": "https://www.sec.gov/Archives/edgar/data/827052/000082705216000321/0000827052-16-000321-index.htm",
    "finalLink": "https://www.sec.gov/Archives/edgar/data/92103/000082705216000321/eix-sce2016q110q.htm"
  },
  {
    "date": "2015-12-31",
    "symbol": "EIX",
    "reportedCurrency": "USD",
    "cik": "0000827052",
    "fillingDate": "2016-02-23",
    "acceptedDate": "2016-02-23 16:05:48",
    "calendarYear": "2015",
    "period": "Q4",
    "revenue": 2341000000,
    "costOfRevenue": 1448000000,
    "grossProfit": 893000000,
    "grossProfitRatio": 0.3814609141,
    "researchAndDevelopmentExpenses": 0,
    "generalAndAdministrativeExpenses": 0,
    "sellingAndMarketingExpenses": 0,
    "sellingGeneralAndAdministrativeExpenses": 0,
    "otherExpenses": 554000000,
    "operatingExpenses": 554000000,
    "costAndExpenses": 2003000000,
    "interestIncome": 0,
    "interestExpense": 136000000,
    "depreciationAndAmortization": 490000000,
    "ebitda": 869000000,
    "ebitdaratio": 0.3712088851,
    "operatingIncome": 338000000,
    "operatingIncomeRatio": 0.1443827424,
    "totalOtherIncomeExpensesNet": -94000000,
    "incomeBeforeTax": 244000000,
    "incomeBeforeTaxRatio": 0.104228962,
    "incomeTaxExpense": 291000000,
    "netIncome": -50000000,
    "netIncomeRatio": -0.0213583938,
    "eps": -0.15,
    "epsdiluted": -0.15,
    "weightedAverageShsOut": 326000000,
    "weightedAverageShsOutDil": 328000000,
    "link": "https://www.sec.gov/Archives/edgar/data/827052/000082705216000222/0000827052-16-000222-index.htm",
    "finalLink": "https://www.sec.gov/Archives/edgar/data/92103/000082705216000222/eix-sce201510k.htm"
  },
  {
    "date": "2015-09-30",
    "symbol": "EIX",
    "reportedCurrency": "USD",
    "cik": "0000827052",
    "fillingDate": "2015-10-27",
    "acceptedDate": "2015-10-27 16:04:05",
    "calendarYear": "2015",
    "period": "Q3",
    "revenue": 3763000000,
    "costOfRevenue": 2565000000,
    "grossProfit": 1198000000,
    "grossProfitRatio": 0.3183630082,
    "researchAndDevelopmentExpenses": 0,
    "generalAndAdministrativeExpenses": 0,
    "sellingAndMarketingExpenses": 0,
    "sellingGeneralAndAdministrativeExpenses": 0,
    "otherExpenses": 590000000,
    "operatingExpenses": 590000000,
    "costAndExpenses": 3155000000,
    "interestIncome": 1000000,
    "interestExpense": 138000000,
    "depreciationAndAmortization": 528000000,
    "ebitda": 1153000000,
    "ebitdaratio": 0.3064044645,
    "operatingIncome": 608000000,
    "operatingIncomeRatio": 0.1615732129,
    "totalOtherIncomeExpensesNet": -121000000,
    "incomeBeforeTax": 487000000,
    "incomeBeforeTaxRatio": 0.1294180175,
    "incomeTaxExpense": 82000000,
    "netIncome": 449000000,
    "netIncomeRatio": 0.1193196917,
    "eps": 1.29,
    "epsdiluted": 1.28,
    "weightedAverageShsOut": 326000000,
    "weightedAverageShsOutDil": 328000000,
    "link": "https://www.sec.gov/Archives/edgar/data/827052/000082705215000180/0000827052-15-000180-index.htm",
    "finalLink": "https://www.sec.gov/Archives/edgar/data/92103/000082705215000180/eix-sce2015q310q.htm"
  },
  {
    "date": "2015-06-30",
    "symbol": "EIX",
    "reportedCurrency": "USD",
    "cik": "0000827052",
    "fillingDate": "2015-07-30",
    "acceptedDate": "2015-07-30 16:04:34",
    "calendarYear": "2015",
    "period": "Q2",
    "revenue": 2908000000,
    "costOfRevenue": 1821000000,
    "grossProfit": 1087000000,
    "grossProfitRatio": 0.3737964237,
    "researchAndDevelopmentExpenses": 0,
    "generalAndAdministrativeExpenses": 0,
    "sellingAndMarketingExpenses": 0,
    "sellingGeneralAndAdministrativeExpenses": 0,
    "otherExpenses": 563000000,
    "operatingExpenses": 563000000,
    "costAndExpenses": 2384000000,
    "interestIncome": 2000000,
    "interestExpense": 138000000,
    "depreciationAndAmortization": 502000000,
    "ebitda": 1052000000,
    "ebitdaratio": 0.3617606602,
    "operatingIncome": 524000000,
    "operatingIncomeRatio": 0.1801925722,
    "totalOtherIncomeExpensesNet": -112000000,
    "incomeBeforeTax": 412000000,
    "incomeBeforeTaxRatio": 0.1416781293,
    "incomeTaxExpense": 6000000,
    "netIncome": 407000000,
    "netIncomeRatio": 0.1399587345,
    "eps": 1.16,
    "epsdiluted": 1.15,
    "weightedAverageShsOut": 326000000,
    "weightedAverageShsOutDil": 328000000,
    "link": "https://www.sec.gov/Archives/edgar/data/827052/000082705215000144/0000827052-15-000144-index.htm",
    "finalLink": "https://www.sec.gov/Archives/edgar/data/92103/000082705215000144/eix-sce2015q210q.htm"
  },
  {
    "date": "2015-03-31",
    "symbol": "EIX",
    "reportedCurrency": "USD",
    "cik": "0000827052",
    "fillingDate": "2015-04-28",
    "acceptedDate": "2015-04-28 16:04:14",
    "calendarYear": "2015",
    "period": "Q1",
    "revenue": 2512000000,
    "costOfRevenue": 1422000000,
    "grossProfit": 1090000000,
    "grossProfitRatio": 0.4339171975,
    "researchAndDevelopmentExpenses": 0,
    "generalAndAdministrativeExpenses": 0,
    "sellingAndMarketingExpenses": 0,
    "sellingGeneralAndAdministrativeExpenses": 0,
    "otherExpenses": 552000000,
    "operatingExpenses": 552000000,
    "costAndExpenses": 1974000000,
    "interestIncome": 1000000,
    "interestExpense": 143000000,
    "depreciationAndAmortization": 485000000,
    "ebitda": 1052000000,
    "ebitdaratio": 0.4187898089,
    "operatingIncome": 538000000,
    "operatingIncomeRatio": 0.2141719745,
    "totalOtherIncomeExpensesNet": -114000000,
    "incomeBeforeTax": 424000000,
    "incomeBeforeTaxRatio": 0.1687898089,
    "incomeTaxExpense": 106000000,
    "netIncome": 327000000,
    "netIncomeRatio": 0.1301751592,
    "eps": 0.92,
    "epsdiluted": 0.91,
    "weightedAverageShsOut": 326000000,
    "weightedAverageShsOutDil": 329000000,
    "link": "https://www.sec.gov/Archives/edgar/data/827052/000082705215000115/0000827052-15-000115-index.htm",
    "finalLink": "https://www.sec.gov/Archives/edgar/data/92103/000082705215000115/eix-sce2015q110q.htm"
  },
  {
    "date": "2014-12-31",
    "symbol": "EIX",
    "reportedCurrency": "USD",
    "cik": "0000827052",
    "fillingDate": "2015-02-24",
    "acceptedDate": "2015-02-24 16:05:54",
    "calendarYear": "2014",
    "period": "Q4",
    "revenue": 3114000000,
    "costOfRevenue": 1930000000,
    "grossProfit": 1184000000,
    "grossProfitRatio": 0.3802183687,
    "researchAndDevelopmentExpenses": 0,
    "generalAndAdministrativeExpenses": 0,
    "sellingAndMarketingExpenses": 0,
    "sellingGeneralAndAdministrativeExpenses": 0,
    "otherExpenses": 723000000,
    "operatingExpenses": 723000000,
    "costAndExpenses": 2422000000,
    "interestIncome": 0,
    "interestExpense": 167000000,
    "depreciationAndAmortization": 567000000,
    "ebitda": 1270000000,
    "ebitdaratio": 0.4078355812,
    "operatingIncome": 693000000,
    "operatingIncomeRatio": 0.2225433526,
    "totalOtherIncomeExpensesNet": -128000000,
    "incomeBeforeTax": 565000000,
    "incomeBeforeTaxRatio": 0.1814386641,
    "incomeTaxExpense": 159000000,
    "netIncome": 448000000,
    "netIncomeRatio": 0.1438664098,
    "eps": 1.29,
    "epsdiluted": 1.27,
    "weightedAverageShsOut": 326000000,
    "weightedAverageShsOutDil": 329000000,
    "link": "https://www.sec.gov/Archives/edgar/data/827052/000082705215000035/0000827052-15-000035-index.htm",
    "finalLink": "https://www.sec.gov/Archives/edgar/data/92103/000082705215000035/eix-sce201410k.htm"
  },
  {
    "date": "2014-09-30",
    "symbol": "EIX",
    "reportedCurrency": "USD",
    "cik": "0000827052",
    "fillingDate": "2014-10-28",
    "acceptedDate": "2014-10-28 16:06:53",
    "calendarYear": "2014",
    "period": "Q3",
    "revenue": 4356000000,
    "costOfRevenue": 3061000000,
    "grossProfit": 1295000000,
    "grossProfitRatio": 0.2972910927,
    "researchAndDevelopmentExpenses": 0,
    "generalAndAdministrativeExpenses": 0,
    "sellingAndMarketingExpenses": 0,
    "sellingGeneralAndAdministrativeExpenses": 0,
    "otherExpenses": 498000000,
    "operatingExpenses": 498000000,
    "costAndExpenses": 3482000000,
    "interestIncome": 1000000,
    "interestExpense": 141000000,
    "depreciationAndAmortization": 448000000,
    "ebitda": 1333000000,
    "ebitdaratio": 0.3060146924,
    "operatingIncome": 874000000,
    "operatingIncomeRatio": 0.2006427916,
    "totalOtherIncomeExpensesNet": -130000000,
    "incomeBeforeTax": 744000000,
    "incomeBeforeTaxRatio": 0.1707988981,
    "incomeTaxExpense": 220000000,
    "netIncome": 508000000,
    "netIncomeRatio": 0.116620753,
    "eps": 1.47,
    "epsdiluted": 1.46,
    "weightedAverageShsOut": 326000000,
    "weightedAverageShsOutDil": 329000000,
    "link": "https://www.sec.gov/Archives/edgar/data/827052/000082705214000188/0000827052-14-000188-index.htm",
    "finalLink": "https://www.sec.gov/Archives/edgar/data/92103/000082705214000188/eix-sce2014q3.htm"
  },
  {
    "date": "2014-06-30",
    "symbol": "EIX",
    "reportedCurrency": "USD",
    "cik": "0000827052",
    "fillingDate": "2014-07-31",
    "acceptedDate": "2014-07-31 16:03:05",
    "calendarYear": "2014",
    "period": "Q2",
    "revenue": 3016000000,
    "costOfRevenue": 2027000000,
    "grossProfit": 989000000,
    "grossProfitRatio": 0.3279177719,
    "researchAndDevelopmentExpenses": 0,
    "generalAndAdministrativeExpenses": 0,
    "sellingAndMarketingExpenses": 0,
    "sellingGeneralAndAdministrativeExpenses": 0,
    "otherExpenses": 487000000,
    "operatingExpenses": 487000000,
    "costAndExpenses": 2441000000,
    "interestIncome": 3000000,
    "interestExpense": 139000000,
    "depreciationAndAmortization": 432000000,
    "ebitda": 1037000000,
    "ebitdaratio": 0.3438328912,
    "operatingIncome": 575000000,
    "operatingIncomeRatio": 0.1906498674,
    "totalOtherIncomeExpensesNet": -109000000,
    "incomeBeforeTax": 466000000,
    "incomeBeforeTaxRatio": 0.1545092838,
    "incomeTaxExpense": 84000000,
    "netIncome": 566000000,
    "netIncomeRatio": 0.1876657825,
    "eps": 1.64,
    "epsdiluted": 1.63,
    "weightedAverageShsOut": 326000000,
    "weightedAverageShsOutDil": 329000000,
    "link": "https://www.sec.gov/Archives/edgar/data/827052/000082705214000154/0000827052-14-000154-index.htm",
    "finalLink": "https://www.sec.gov/Archives/edgar/data/827052/000082705214000154/eix-sce2014q2.htm"
  },
  {
    "date": "2014-03-31",
    "symbol": "EIX",
    "reportedCurrency": "USD",
    "cik": "0000827052",
    "fillingDate": "2014-04-29",
    "acceptedDate": "2014-04-29 16:04:11",
    "calendarYear": "2014",
    "period": "Q1",
    "revenue": 2926000000,
    "costOfRevenue": 1954000000,
    "grossProfit": 972000000,
    "grossProfitRatio": 0.3321941217,
    "researchAndDevelopmentExpenses": 0,
    "generalAndAdministrativeExpenses": 0,
    "sellingAndMarketingExpenses": 0,
    "sellingGeneralAndAdministrativeExpenses": 0,
    "otherExpenses": 726000000,
    "operatingExpenses": 726000000,
    "costAndExpenses": 2595000000,
    "interestIncome": 2000000,
    "interestExpense": 141000000,
    "depreciationAndAmortization": 432000000,
    "ebitda": 778000000,
    "ebitdaratio": 0.2658920027,
    "operatingIncome": 331000000,
    "operatingIncomeRatio": 0.1131237184,
    "totalOtherIncomeExpensesNet": -126000000,
    "incomeBeforeTax": 205000000,
    "incomeBeforeTaxRatio": 0.0700615174,
    "incomeTaxExpense": -19000000,
    "netIncome": 202000000,
    "netIncomeRatio": 0.0690362269,
    "eps": 0.54,
    "epsdiluted": 0.54,
    "weightedAverageShsOut": 326000000,
    "weightedAverageShsOutDil": 329000000,
    "link": "https://www.sec.gov/Archives/edgar/data/827052/000082705214000135/0000827052-14-000135-index.htm",
    "finalLink": "https://www.sec.gov/Archives/edgar/data/92103/000082705214000135/eix-sce2014q1.htm"
  },
  {
    "date": "2013-12-31",
    "symbol": "EIX",
    "reportedCurrency": "USD",
    "cik": "0000827052",
    "fillingDate": "2014-02-25",
    "acceptedDate": "2014-02-25 16:03:23",
    "calendarYear": "2013",
    "period": "Q4",
    "revenue": 2943000000,
    "costOfRevenue": 2046000000,
    "grossProfit": 897000000,
    "grossProfitRatio": 0.3047910296,
    "researchAndDevelopmentExpenses": 0,
    "generalAndAdministrativeExpenses": 6000000,
    "sellingAndMarketingExpenses": 0,
    "sellingGeneralAndAdministrativeExpenses": 6000000,
    "otherExpenses": 388000000,
    "operatingExpenses": 394000000,
    "costAndExpenses": 2440000000,
    "interestIncome": 2000000,
    "interestExpense": 142000000,
    "depreciationAndAmortization": 344000000,
    "ebitda": 898000000,
    "ebitdaratio": 0.3051308189,
    "operatingIncome": 503000000,
    "operatingIncomeRatio": 0.1709140333,
    "totalOtherIncomeExpensesNet": -145000000,
    "incomeBeforeTax": 358000000,
    "incomeBeforeTaxRatio": 0.1216445804,
    "incomeTaxExpense": 69000000,
    "netIncome": 326000000,
    "netIncomeRatio": 0.1107713218,
    "eps": 1,
    "epsdiluted": 1,
    "weightedAverageShsOut": 326000000,
    "weightedAverageShsOutDil": 326000000,
    "link": "https://www.sec.gov/Archives/edgar/data/827052/000082705214000030/0000827052-14-000030-index.htm",
    "finalLink": "https://www.sec.gov/Archives/edgar/data/92103/000082705214000030/eix-sce201310k.htm"
  },
  {
    "date": "2013-09-30",
    "symbol": "EIX",
    "reportedCurrency": "USD",
    "cik": "0000827052",
    "fillingDate": "2013-10-29",
    "acceptedDate": "2013-10-29 16:03:29",
    "calendarYear": "2013",
    "period": "Q3",
    "revenue": 3960000000,
    "costOfRevenue": 2779000000,
    "grossProfit": 1181000000,
    "grossProfitRatio": 0.2982323232,
    "researchAndDevelopmentExpenses": 0,
    "generalAndAdministrativeExpenses": 0,
    "sellingAndMarketingExpenses": 0,
    "sellingGeneralAndAdministrativeExpenses": 0,
    "otherExpenses": 392000000,
    "operatingExpenses": 392000000,
    "costAndExpenses": 3171000000,
    "interestIncome": 2000000,
    "interestExpense": 137000000,
    "depreciationAndAmortization": 392000000,
    "ebitda": 1194000000,
    "ebitdaratio": 0.3015151515,
    "operatingIncome": 789000000,
    "operatingIncomeRatio": 0.1992424242,
    "totalOtherIncomeExpensesNet": -124000000,
    "incomeBeforeTax": 665000000,
    "incomeBeforeTaxRatio": 0.1679292929,
    "incomeTaxExpense": 177000000,
    "netIncome": 463000000,
    "netIncomeRatio": 0.1169191919,
    "eps": 1.34,
    "epsdiluted": 1.34,
    "weightedAverageShsOut": 326000000,
    "weightedAverageShsOutDil": 328000000,
    "link": "https://www.sec.gov/Archives/edgar/data/827052/000082705213000166/0000827052-13-000166-index.htm",
    "finalLink": "https://www.sec.gov/Archives/edgar/data/92103/000082705213000166/eix-sce2013q3.htm"
  },
  {
    "date": "2013-06-30",
    "symbol": "EIX",
    "reportedCurrency": "USD",
    "cik": "0000827052",
    "fillingDate": "2013-08-01",
    "acceptedDate": "2013-08-01 16:03:21",
    "calendarYear": "2013",
    "period": "Q2",
    "revenue": 3046000000,
    "costOfRevenue": 2124000000,
    "grossProfit": 922000000,
    "grossProfitRatio": 0.3026920552,
    "researchAndDevelopmentExpenses": 0,
    "generalAndAdministrativeExpenses": 0,
    "sellingAndMarketingExpenses": 0,
    "sellingGeneralAndAdministrativeExpenses": 0,
    "otherExpenses": 993000000,
    "operatingExpenses": 993000000,
    "costAndExpenses": 3117000000,
    "interestIncome": 4000000,
    "interestExpense": 133000000,
    "depreciationAndAmortization": 418000000,
    "ebitda": 367000000,
    "ebitdaratio": 0.1204858831,
    "operatingIncome": -71000000,
    "operatingIncomeRatio": -0.023309258,
    "totalOtherIncomeExpensesNet": -113000000,
    "incomeBeforeTax": -184000000,
    "incomeBeforeTaxRatio": -0.0604070913,
    "incomeTaxExpense": -102000000,
    "netIncome": -70000000,
    "netIncomeRatio": -0.0229809586,
    "eps": -0.22,
    "epsdiluted": -0.21,
    "weightedAverageShsOut": 321212121,
    "weightedAverageShsOutDil": 326000000,
    "link": "https://www.sec.gov/Archives/edgar/data/827052/000082705213000132/0000827052-13-000132-index.htm",
    "finalLink": "https://www.sec.gov/Archives/edgar/data/92103/000082705213000132/eix2013q2.htm"
  },
  {
    "date": "2013-03-31",
    "symbol": "EIX",
    "reportedCurrency": "USD",
    "cik": "0000827052",
    "fillingDate": "2013-04-30",
    "acceptedDate": "2013-04-30 16:03:46",
    "calendarYear": "2013",
    "period": "Q1",
    "revenue": 2632000000,
    "costOfRevenue": 1726000000,
    "grossProfit": 906000000,
    "grossProfitRatio": 0.344224924,
    "researchAndDevelopmentExpenses": 0,
    "generalAndAdministrativeExpenses": 0,
    "sellingAndMarketingExpenses": 0,
    "sellingGeneralAndAdministrativeExpenses": 0,
    "otherExpenses": 414000000,
    "operatingExpenses": 414000000,
    "costAndExpenses": 2140000000,
    "interestIncome": 2000000,
    "interestExpense": 131000000,
    "depreciationAndAmortization": 414000000,
    "ebitda": 929000000,
    "ebitdaratio": 0.3529635258,
    "operatingIncome": 492000000,
    "operatingIncomeRatio": 0.1869300912,
    "totalOtherIncomeExpensesNet": -108000000,
    "incomeBeforeTax": 384000000,
    "incomeBeforeTaxRatio": 0.1458966565,
    "incomeTaxExpense": 98000000,
    "netIncome": 298000000,
    "netIncomeRatio": 0.1132218845,
    "eps": 0.83,
    "epsdiluted": 0.82,
    "weightedAverageShsOut": 326000000,
    "weightedAverageShsOutDil": 329000000,
    "link": "https://www.sec.gov/Archives/edgar/data/827052/000082705213000107/0000827052-13-000107-index.htm",
    "finalLink": "https://www.sec.gov/Archives/edgar/data/92103/000082705213000107/eix2013q1.htm"
  },
  {
    "date": "2012-12-31",
    "symbol": "EIX",
    "reportedCurrency": "USD",
    "cik": "0000827052",
    "fillingDate": "2013-02-26",
    "acceptedDate": "2013-02-26 16:04:21",
    "calendarYear": "2012",
    "period": "Q4",
    "revenue": 2062000000,
    "costOfRevenue": 4316000000,
    "grossProfit": -2254000000,
    "grossProfitRatio": -1.0931134821,
    "researchAndDevelopmentExpenses": 0,
    "generalAndAdministrativeExpenses": 0,
    "sellingAndMarketingExpenses": 0,
    "sellingGeneralAndAdministrativeExpenses": 0,
    "otherExpenses": -3245000000,
    "operatingExpenses": -3245000000,
    "costAndExpenses": 1071000000,
    "interestIncome": 0,
    "interestExpense": 41000000,
    "depreciationAndAmortization": 172000000,
    "ebitda": 1131000000,
    "ebitdaratio": 0.5484966052,
    "operatingIncome": 991000000,
    "operatingIncomeRatio": 0.4806013579,
    "totalOtherIncomeExpensesNet": 281000000,
    "incomeBeforeTax": 1080000000,
    "incomeBeforeTaxRatio": 0.5237633366,
    "incomeTaxExpense": 50000000,
    "netIncome": -449000000,
    "netIncomeRatio": -0.2177497575,
    "eps": -1.38,
    "epsdiluted": -1.38,
    "weightedAverageShsOut": 326000000,
    "weightedAverageShsOutDil": 326000000,
    "link": "https://www.sec.gov/Archives/edgar/data/827052/000082705213000024/0000827052-13-000024-index.htm",
    "finalLink": "https://www.sec.gov/Archives/edgar/data/92103/000082705213000024/eix201210k.htm"
  },
  {
    "date": "2012-09-30",
    "symbol": "EIX",
    "reportedCurrency": "USD",
    "cik": "0000827052",
    "fillingDate": "2012-11-01",
    "acceptedDate": "2012-11-01 16:06:53",
    "calendarYear": "2012",
    "period": "Q3",
    "revenue": 4070000000,
    "costOfRevenue": 1882000000,
    "grossProfit": 2188000000,
    "grossProfitRatio": 0.5375921376,
    "researchAndDevelopmentExpenses": 0,
    "generalAndAdministrativeExpenses": 0,
    "sellingAndMarketingExpenses": 0,
    "sellingGeneralAndAdministrativeExpenses": 0,
    "otherExpenses": 333000000,
    "operatingExpenses": 333000000,
    "costAndExpenses": 3021000000,
    "interestIncome": 2000000,
    "interestExpense": 214000000,
    "depreciationAndAmortization": 416000000,
    "ebitda": 1157000000,
    "ebitdaratio": 0.2842751843,
    "operatingIncome": 713000000,
    "operatingIncomeRatio": 0.1751842752,
    "totalOtherIncomeExpensesNet": -103000000,
    "incomeBeforeTax": 477000000,
    "incomeBeforeTaxRatio": 0.1171990172,
    "incomeTaxExpense": 181000000,
    "netIncome": 215000000,
    "netIncomeRatio": 0.0528255528,
    "eps": 0.58,
    "epsdiluted": 0.58,
    "weightedAverageShsOut": 326000000,
    "weightedAverageShsOutDil": 329000000,
    "link": "https://www.sec.gov/Archives/edgar/data/827052/000082705212000096/0000827052-12-000096-index.htm",
    "finalLink": "https://www.sec.gov/Archives/edgar/data/827052/000082705212000096/eix2012q3.htm"
  },
  {
    "date": "2012-06-30",
    "symbol": "EIX",
    "reportedCurrency": "USD",
    "cik": "0000827052",
    "fillingDate": "2012-07-31",
    "acceptedDate": "2012-07-31 16:08:32",
    "calendarYear": "2012",
    "period": "Q2",
    "revenue": 3057000000,
    "costOfRevenue": 1098000000,
    "grossProfit": 1959000000,
    "grossProfitRatio": 0.6408243376,
    "researchAndDevelopmentExpenses": 0,
    "generalAndAdministrativeExpenses": 0,
    "sellingAndMarketingExpenses": 0,
    "sellingGeneralAndAdministrativeExpenses": 0,
    "otherExpenses": 399000000,
    "operatingExpenses": 399000000,
    "costAndExpenses": 2233000000,
    "interestIncome": 2000000,
    "interestExpense": 218000000,
    "depreciationAndAmortization": 415000000,
    "ebitda": 856000000,
    "ebitdaratio": 0.2800130847,
    "operatingIncome": 420000000,
    "operatingIncomeRatio": 0.1373895976,
    "totalOtherIncomeExpensesNet": -113000000,
    "incomeBeforeTax": 104000000,
    "incomeBeforeTaxRatio": 0.0340202813,
    "incomeTaxExpense": 1000000,
    "netIncome": 97000000,
    "netIncomeRatio": 0.0317304547,
    "eps": 0.23,
    "epsdiluted": 0.22,
    "weightedAverageShsOut": 326000000,
    "weightedAverageShsOutDil": 334000000,
    "link": "https://www.sec.gov/Archives/edgar/data/827052/000082705212000083/0000827052-12-000083-index.htm",
    "finalLink": "https://www.sec.gov/Archives/edgar/data/827052/000082705212000083/eix2012q2.htm"
  },
  {
    "date": "2012-03-31",
    "symbol": "EIX",
    "reportedCurrency": "USD",
    "cik": "0000827052",
    "fillingDate": "2012-05-02",
    "acceptedDate": "2012-05-02 16:32:25",
    "calendarYear": "2012",
    "period": "Q1",
    "revenue": 2856000000,
    "costOfRevenue": 898000000,
    "grossProfit": 1958000000,
    "grossProfitRatio": 0.6855742297,
    "researchAndDevelopmentExpenses": 0,
    "generalAndAdministrativeExpenses": 0,
    "sellingAndMarketingExpenses": 0,
    "sellingGeneralAndAdministrativeExpenses": 0,
    "otherExpenses": 388000000,
    "operatingExpenses": 388000000,
    "costAndExpenses": 2026000000,
    "interestIncome": 2000000,
    "interestExpense": 212000000,
    "depreciationAndAmortization": 407000000,
    "ebitda": 820000000,
    "ebitdaratio": 0.2871148459,
    "operatingIncome": 389000000,
    "operatingIncomeRatio": 0.1362044818,
    "totalOtherIncomeExpensesNet": -102000000,
    "incomeBeforeTax": 115000000,
    "incomeBeforeTaxRatio": 0.0402661064,
    "incomeTaxExpense": 1000000,
    "netIncome": 112000000,
    "netIncomeRatio": 0.0392156863,
    "eps": 0.28,
    "epsdiluted": 0.28,
    "weightedAverageShsOut": 326000000,
    "weightedAverageShsOutDil": 329000000,
    "link": "https://www.sec.gov/Archives/edgar/data/827052/000082705212000050/0000827052-12-000050-index.htm",
    "finalLink": "https://www.sec.gov/Archives/edgar/data/827052/000082705212000050/eix2012q1.htm"
  },
  {
    "date": "2011-12-31",
    "symbol": "EIX",
    "reportedCurrency": "USD",
    "cik": "0000827052",
    "fillingDate": "2012-02-29",
    "acceptedDate": "2012-02-29 16:06:02",
    "calendarYear": "2011",
    "period": "Q4",
    "revenue": 3014000000,
    "costOfRevenue": 867000000,
    "grossProfit": 2147000000,
    "grossProfitRatio": 0.7123424021,
    "researchAndDevelopmentExpenses": 0,
    "generalAndAdministrativeExpenses": 0,
    "sellingAndMarketingExpenses": 0,
    "sellingGeneralAndAdministrativeExpenses": 0,
    "otherExpenses": 3466000000,
    "operatingExpenses": 3466000000,
    "costAndExpenses": 4333000000,
    "interestIncome": 0,
    "interestExpense": 207000000,
    "depreciationAndAmortization": 489000000,
    "ebitda": -785000000,
    "ebitdaratio": -0.2604512276,
    "operatingIncome": -1319000000,
    "operatingIncomeRatio": -0.4376244194,
    "totalOtherIncomeExpensesNet": -161000000,
    "incomeBeforeTax": -1481000000,
    "incomeBeforeTaxRatio": -0.4913735899,
    "incomeTaxExpense": -657000000,
    "netIncome": -839000000,
    "netIncomeRatio": -0.2783676178,
    "eps": -2.57,
    "epsdiluted": -2.57,
    "weightedAverageShsOut": 326000000,
    "weightedAverageShsOutDil": 326000000,
    "link": "https://www.sec.gov/Archives/edgar/data/827052/000082705212000013/0000827052-12-000013-index.htm",
    "finalLink": "https://www.sec.gov/Archives/edgar/data/827052/000082705212000013/eix201110k.htm"
  },
  {
    "date": "2011-09-30",
    "symbol": "EIX",
    "reportedCurrency": "USD",
    "cik": "0000827052",
    "fillingDate": "2011-11-02",
    "acceptedDate": "2011-11-02 09:33:28",
    "calendarYear": "2011",
    "period": "Q3",
    "revenue": 3981000000,
    "costOfRevenue": 1616000000,
    "grossProfit": 2365000000,
    "grossProfitRatio": 0.5940718412,
    "researchAndDevelopmentExpenses": 0,
    "generalAndAdministrativeExpenses": 0,
    "sellingAndMarketingExpenses": 0,
    "sellingGeneralAndAdministrativeExpenses": 0,
    "otherExpenses": 1501000000,
    "operatingExpenses": 1501000000,
    "costAndExpenses": 3037000000,
    "interestIncome": 4000000,
    "interestExpense": 203000000,
    "depreciationAndAmortization": 457000000,
    "ebitda": 1318000000,
    "ebitdaratio": 0.3310725948,
    "operatingIncome": 785000000,
    "operatingIncomeRatio": 0.1971866365,
    "totalOtherIncomeExpensesNet": -127000000,
    "incomeBeforeTax": 683000000,
    "incomeBeforeTaxRatio": 0.1715649334,
    "incomeTaxExpense": 242000000,
    "netIncome": 426000000,
    "netIncomeRatio": 0.1070082894,
    "eps": 1.31,
    "epsdiluted": 1.3,
    "weightedAverageShsOut": 326000000,
    "weightedAverageShsOutDil": 329000000,
    "link": "https://www.sec.gov/Archives/edgar/data/827052/000144530511003160/0001445305-11-003160-index.htm",
    "finalLink": "https://www.sec.gov/Archives/edgar/data/827052/000144530511003160/eix930201110q.htm"
  },
  {
    "date": "2011-06-30",
    "symbol": "EIX",
    "reportedCurrency": "USD",
    "cik": "0000827052",
    "fillingDate": "2011-08-04",
    "acceptedDate": "2011-08-04 09:00:16",
    "calendarYear": "2011",
    "period": "Q2",
    "revenue": 2983000000,
    "costOfRevenue": 905000000,
    "grossProfit": 2078000000,
    "grossProfitRatio": 0.6966141468,
    "researchAndDevelopmentExpenses": 0,
    "generalAndAdministrativeExpenses": 0,
    "sellingAndMarketingExpenses": 0,
    "sellingGeneralAndAdministrativeExpenses": 0,
    "otherExpenses": 1698000000,
    "operatingExpenses": 1698000000,
    "costAndExpenses": 2603000000,
    "interestIncome": 30000000,
    "interestExpense": 203000000,
    "depreciationAndAmortization": 473000000,
    "ebitda": 930000000,
    "ebitdaratio": 0.3117666778,
    "operatingIncome": 380000000,
    "operatingIncomeRatio": 0.127388535,
    "totalOtherIncomeExpensesNet": -126000000,
    "incomeBeforeTax": 254000000,
    "incomeBeforeTaxRatio": 0.0851491787,
    "incomeTaxExpense": 62000000,
    "netIncome": 176000000,
    "netIncomeRatio": 0.0590010057,
    "eps": 0.54,
    "epsdiluted": 0.54,
    "weightedAverageShsOut": 326000000,
    "weightedAverageShsOutDil": 329000000,
    "link": "https://www.sec.gov/Archives/edgar/data/827052/000104746911006928/0001047469-11-006928-index.htm",
    "finalLink": "https://www.sec.gov/Archives/edgar/data/827052/000104746911006928/a2204523z10-q.htm"
  },
  {
    "date": "2011-03-31",
    "symbol": "EIX",
    "reportedCurrency": "USD",
    "cik": "0000827052",
    "fillingDate": "2011-05-02",
    "acceptedDate": "2011-05-02 08:55:09",
    "calendarYear": "2011",
    "period": "Q1",
    "revenue": 2782000000,
    "costOfRevenue": 766000000,
    "grossProfit": 2016000000,
    "grossProfitRatio": 0.7246585191,
    "researchAndDevelopmentExpenses": 0,
    "generalAndAdministrativeExpenses": 0,
    "sellingAndMarketingExpenses": 0,
    "sellingGeneralAndAdministrativeExpenses": 0,
    "otherExpenses": 1566000000,
    "operatingExpenses": 1566000000,
    "costAndExpenses": 2332000000,
    "interestIncome": 4000000,
    "interestExpense": 196000000,
    "depreciationAndAmortization": 454000000,
    "ebitda": 931000000,
    "ebitdaratio": 0.33465133,
    "operatingIncome": 450000000,
    "operatingIncomeRatio": 0.1617541337,
    "totalOtherIncomeExpensesNet": -169000000,
    "incomeBeforeTax": 281000000,
    "incomeBeforeTaxRatio": 0.1010064702,
    "incomeTaxExpense": 65000000,
    "netIncome": 200000000,
    "netIncomeRatio": 0.0718907261,
    "eps": 0.61,
    "epsdiluted": 0.61,
    "weightedAverageShsOut": 326000000,
    "weightedAverageShsOutDil": 328000000,
    "link": "https://www.sec.gov/Archives/edgar/data/827052/000104746911004333/0001047469-11-004333-index.htm",
    "finalLink": "https://www.sec.gov/Archives/edgar/data/827052/000104746911004333/a2203476z10-q.htm"
  },
  {
    "date": "2010-12-31",
    "symbol": "EIX",
    "reportedCurrency": "USD",
    "cik": "0000827052",
    "fillingDate": "2011-02-28",
    "acceptedDate": "2011-02-28 08:56:24",
    "calendarYear": "2010",
    "period": "Q4",
    "revenue": 3069000000,
    "costOfRevenue": 888000000,
    "grossProfit": 2181000000,
    "grossProfitRatio": 0.7106549365,
    "researchAndDevelopmentExpenses": 0,
    "generalAndAdministrativeExpenses": 0,
    "sellingAndMarketingExpenses": 0,
    "sellingGeneralAndAdministrativeExpenses": 0,
    "otherExpenses": 1767000000,
    "operatingExpenses": 1767000000,
    "costAndExpenses": 2655000000,
    "interestIncome": 4000000,
    "interestExpense": 185000000,
    "depreciationAndAmortization": 513000000,
    "ebitda": 969000000,
    "ebitdaratio": 0.3157380254,
    "operatingIncome": 414000000,
    "operatingIncomeRatio": 0.1348973607,
    "totalOtherIncomeExpensesNet": -143000000,
    "incomeBeforeTax": 271000000,
    "incomeBeforeTaxRatio": 0.0883023786,
    "incomeTaxExpense": 93000000,
    "netIncome": 166000000,
    "netIncomeRatio": 0.0540892799,
    "eps": 0.51,
    "epsdiluted": 0.51,
    "weightedAverageShsOut": 326000000,
    "weightedAverageShsOutDil": 326000000,
    "link": "https://www.sec.gov/Archives/edgar/data/827052/000104746911001484/0001047469-11-001484-index.htm",
    "finalLink": "https://www.sec.gov/Archives/edgar/data/827052/000104746911001484/a2201615z10-k.htm"
  },
  {
    "date": "2010-09-30",
    "symbol": "EIX",
    "reportedCurrency": "USD",
    "cik": "0000827052",
    "fillingDate": "2010-10-29",
    "acceptedDate": "2010-10-29 09:02:45",
    "calendarYear": "2010",
    "period": "Q3",
    "revenue": 3788000000,
    "costOfRevenue": 1446000000,
    "grossProfit": 2342000000,
    "grossProfitRatio": 0.6182682154,
    "researchAndDevelopmentExpenses": 0,
    "generalAndAdministrativeExpenses": 0,
    "sellingAndMarketingExpenses": 0,
    "sellingGeneralAndAdministrativeExpenses": 0,
    "otherExpenses": 1480000000,
    "operatingExpenses": 1480000000,
    "costAndExpenses": 2926000000,
    "interestIncome": 4000000,
    "interestExpense": 175000000,
    "depreciationAndAmortization": 412000000,
    "ebitda": 1361000000,
    "ebitdaratio": 0.3592925026,
    "operatingIncome": 862000000,
    "operatingIncomeRatio": 0.2275607181,
    "totalOtherIncomeExpensesNet": -88000000,
    "incomeBeforeTax": 774000000,
    "incomeBeforeTaxRatio": 0.2043294615,
    "incomeTaxExpense": 247000000,
    "netIncome": 510000000,
    "netIncomeRatio": 0.1346356917,
    "eps": 1.56,
    "epsdiluted": 1.56,
    "weightedAverageShsOut": 326000000,
    "weightedAverageShsOutDil": 328000000,
    "link": "https://www.sec.gov/Archives/edgar/data/827052/000104746910008982/0001047469-10-008982-index.htm",
    "finalLink": "https://www.sec.gov/Archives/edgar/data/827052/000104746910008982/a2200535z10-q.htm"
  },
  {
    "date": "2010-06-30",
    "symbol": "EIX",
    "reportedCurrency": "USD",
    "cik": "0000827052",
    "fillingDate": "2010-08-05",
    "acceptedDate": "2010-08-05 08:52:09",
    "calendarYear": "2010",
    "period": "Q2",
    "revenue": 2741000000,
    "costOfRevenue": 866000000,
    "grossProfit": 1875000000,
    "grossProfitRatio": 0.6840569135,
    "researchAndDevelopmentExpenses": 0,
    "generalAndAdministrativeExpenses": 0,
    "sellingAndMarketingExpenses": 0,
    "sellingGeneralAndAdministrativeExpenses": 0,
    "otherExpenses": 1524000000,
    "operatingExpenses": 1524000000,
    "costAndExpenses": 2390000000,
    "interestIncome": 4000000,
    "interestExpense": 175000000,
    "depreciationAndAmortization": 412000000,
    "ebitda": 807000000,
    "ebitdaratio": 0.2944180956,
    "operatingIncome": 351000000,
    "operatingIncomeRatio": 0.1280554542,
    "totalOtherIncomeExpensesNet": -131000000,
    "incomeBeforeTax": 220000000,
    "incomeBeforeTaxRatio": 0.0802626779,
    "incomeTaxExpense": -136000000,
    "netIncome": 344000000,
    "netIncomeRatio": 0.1255016417,
    "eps": 1.05,
    "epsdiluted": 1.05,
    "weightedAverageShsOut": 326000000,
    "weightedAverageShsOutDil": 327000000,
    "link": "https://www.sec.gov/Archives/edgar/data/827052/000104746910007028/0001047469-10-007028-index.htm",
    "finalLink": "https://www.sec.gov/Archives/edgar/data/827052/000104746910007028/a2199525z10-q.htm"
  },
  {
    "date": "2010-03-31",
    "symbol": "EIX",
    "reportedCurrency": "USD",
    "cik": "0000827052",
    "fillingDate": "2010-05-07",
    "acceptedDate": "2010-05-07 09:08:36",
    "calendarYear": "2010",
    "period": "Q1",
    "revenue": 2810000000,
    "costOfRevenue": 903000000,
    "grossProfit": 1907000000,
    "grossProfitRatio": 0.6786476868,
    "researchAndDevelopmentExpenses": 0,
    "generalAndAdministrativeExpenses": 0,
    "sellingAndMarketingExpenses": 0,
    "sellingGeneralAndAdministrativeExpenses": 3000000,
    "otherExpenses": 1406000000,
    "operatingExpenses": 1409000000,
    "costAndExpenses": 2312000000,
    "interestIncome": 19000000,
    "interestExpense": 168000000,
    "depreciationAndAmortization": 393000000,
    "ebitda": 954000000,
    "ebitdaratio": 0.3395017794,
    "operatingIncome": 498000000,
    "operatingIncomeRatio": 0.1772241993,
    "totalOtherIncomeExpensesNet": -105000000,
    "incomeBeforeTax": 393000000,
    "incomeBeforeTaxRatio": 0.1398576512,
    "incomeTaxExpense": 150000000,
    "netIncome": 236000000,
    "netIncomeRatio": 0.0839857651,
    "eps": 0.72,
    "epsdiluted": 0.72,
    "weightedAverageShsOut": 326000000,
    "weightedAverageShsOutDil": 328000000,
    "link": "https://www.sec.gov/Archives/edgar/data/827052/000104746910004925/0001047469-10-004925-index.htm",
    "finalLink": "https://www.sec.gov/Archives/edgar/data/827052/000104746910004925/a2198385z10-q.htm"
  },
  {
    "date": "2009-12-31",
    "symbol": "EIX",
    "reportedCurrency": "USD",
    "cik": "0000827052",
    "fillingDate": "2010-03-01",
    "acceptedDate": "2010-03-01 09:05:45",
    "calendarYear": "2009",
    "period": "Q4",
    "revenue": 3023000000,
    "costOfRevenue": 993000000,
    "grossProfit": 2030000000,
    "grossProfitRatio": 0.6715183592,
    "researchAndDevelopmentExpenses": 0,
    "generalAndAdministrativeExpenses": 866000000,
    "sellingAndMarketingExpenses": 0,
    "sellingGeneralAndAdministrativeExpenses": 0,
    "otherExpenses": 1590000000,
    "operatingExpenses": 1590000000,
    "costAndExpenses": 2583000000,
    "interestIncome": 31000000,
    "interestExpense": 176000000,
    "depreciationAndAmortization": 390000000,
    "ebitda": 865000000,
    "ebitdaratio": 0.2861395964,
    "operatingIncome": 440000000,
    "operatingIncomeRatio": 0.1455507774,
    "totalOtherIncomeExpensesNet": -141000000,
    "incomeBeforeTax": 299000000,
    "incomeBeforeTaxRatio": 0.0989083692,
    "incomeTaxExpense": 71000000,
    "netIncome": 212000000,
    "netIncomeRatio": 0.0701290109,
    "eps": 0.65,
    "epsdiluted": 0.65,
    "weightedAverageShsOut": 326000000,
    "weightedAverageShsOutDil": 326000000,
    "link": "https://www.sec.gov/Archives/edgar/data/827052/000104746910001604/0001047469-10-001604-index.htm",
    "finalLink": "https://www.sec.gov/Archives/edgar/data/827052/000104746910001604/a2196047z10-k.htm"
  },
  {
    "date": "2009-09-30",
    "symbol": "EIX",
    "reportedCurrency": "USD",
    "cik": "0000827052",
    "fillingDate": "2009-11-06",
    "acceptedDate": "2009-11-06 09:09:18",
    "calendarYear": "2009",
    "period": "Q3",
    "revenue": 3664000000,
    "costOfRevenue": 1438000000,
    "grossProfit": 2226000000,
    "grossProfitRatio": 0.6075327511,
    "researchAndDevelopmentExpenses": 0,
    "generalAndAdministrativeExpenses": 0,
    "sellingAndMarketingExpenses": 0,
    "sellingGeneralAndAdministrativeExpenses": 0,
    "otherExpenses": 1458000000,
    "operatingExpenses": 1458000000,
    "costAndExpenses": 2896000000,
    "interestIncome": 2000000,
    "interestExpense": 187000000,
    "depreciationAndAmortization": 365000000,
    "ebitda": 1228000000,
    "ebitdaratio": 0.3351528384,
    "operatingIncome": 768000000,
    "operatingIncomeRatio": 0.2096069869,
    "totalOtherIncomeExpensesNet": -92000000,
    "incomeBeforeTax": 676000000,
    "incomeBeforeTaxRatio": 0.1844978166,
    "incomeTaxExpense": 232000000,
    "netIncome": 403000000,
    "netIncomeRatio": 0.109989083,
    "eps": 1.23,
    "epsdiluted": 1.22,
    "weightedAverageShsOut": 326000000,
    "weightedAverageShsOutDil": 329000000,
    "link": "https://www.sec.gov/Archives/edgar/data/827052/000104746909009674/0001047469-09-009674-index.htm",
    "finalLink": "https://www.sec.gov/Archives/edgar/data/827052/000104746909009674/a2194941z10-q.htm"
  },
  {
    "date": "2009-06-30",
    "symbol": "EIX",
    "reportedCurrency": "USD",
    "cik": "0000827052",
    "fillingDate": "2009-08-07",
    "acceptedDate": "2009-08-07 09:02:56",
    "calendarYear": "2009",
    "period": "Q2",
    "revenue": 2834000000,
    "costOfRevenue": 911000000,
    "grossProfit": 1923000000,
    "grossProfitRatio": 0.6785462244,
    "researchAndDevelopmentExpenses": 0,
    "generalAndAdministrativeExpenses": 866000000,
    "sellingAndMarketingExpenses": 0,
    "sellingGeneralAndAdministrativeExpenses": 866000000,
    "otherExpenses": 1421000000,
    "operatingExpenses": 2287000000,
    "costAndExpenses": 3198000000,
    "interestIncome": 17000000,
    "interestExpense": 182000000,
    "depreciationAndAmortization": 346000000,
    "ebitda": 19000000,
    "ebitdaratio": 0.0067043049,
    "operatingIncome": -364000000,
    "operatingIncomeRatio": -0.128440367,
    "totalOtherIncomeExpensesNet": -146000000,
    "incomeBeforeTax": -510000000,
    "incomeBeforeTaxRatio": -0.179957657,
    "incomeTaxExpense": -524000000,
    "netIncome": -16000000,
    "netIncomeRatio": -0.0056457304,
    "eps": -0.0491,
    "epsdiluted": -0.0489,
    "weightedAverageShsOut": 326000000,
    "weightedAverageShsOutDil": 327000000,
    "link": "https://www.sec.gov/Archives/edgar/data/827052/000104746909007340/0001047469-09-007340-index.htm",
    "finalLink": "https://www.sec.gov/Archives/edgar/data/827052/000104746909007340/a2193895z10-q.htm"
  },
  {
    "date": "2009-03-31",
    "symbol": "EIX",
    "reportedCurrency": "USD",
    "cik": "0000827052",
    "fillingDate": "2009-05-08",
    "acceptedDate": "2009-05-08 09:30:57",
    "calendarYear": "2009",
    "period": "Q1",
    "revenue": 2812000000,
    "costOfRevenue": 927000000,
    "grossProfit": 1885000000,
    "grossProfitRatio": 0.670341394,
    "researchAndDevelopmentExpenses": 0,
    "generalAndAdministrativeExpenses": 0,
    "sellingAndMarketingExpenses": 0,
    "sellingGeneralAndAdministrativeExpenses": 0,
    "otherExpenses": 1332000000,
    "operatingExpenses": 1332000000,
    "costAndExpenses": 2259000000,
    "interestIncome": 10000000,
    "interestExpense": 187000000,
    "depreciationAndAmortization": 342000000,
    "ebitda": 917000000,
    "ebitdaratio": 0.3261024182,
    "operatingIncome": 553000000,
    "operatingIncomeRatio": 0.1966571835,
    "totalOtherIncomeExpensesNet": -165000000,
    "incomeBeforeTax": 388000000,
    "incomeBeforeTaxRatio": 0.1379800853,
    "incomeTaxExpense": 122000000,
    "netIncome": 250000000,
    "netIncomeRatio": 0.0889046942,
    "eps": 0.76,
    "epsdiluted": 0.76,
    "weightedAverageShsOut": 326000000,
    "weightedAverageShsOutDil": 327000000,
    "link": "https://www.sec.gov/Archives/edgar/data/827052/000104746909005207/0001047469-09-005207-index.htm",
    "finalLink": "https://www.sec.gov/Archives/edgar/data/827052/000104746909005207/a2192733z10-q.htm"
  },
  {
    "date": "2008-12-31",
    "symbol": "EIX",
    "reportedCurrency": "USD",
    "cik": "0000827052",
    "fillingDate": "2009-03-02",
    "acceptedDate": "2009-03-02 09:23:54",
    "calendarYear": "2008",
    "period": "Q4",
    "revenue": 3536000000,
    "costOfRevenue": 1156000000,
    "grossProfit": 2380000000,
    "grossProfitRatio": 0.6730769231,
    "researchAndDevelopmentExpenses": 0,
    "generalAndAdministrativeExpenses": 0,
    "sellingAndMarketingExpenses": 0,
    "sellingGeneralAndAdministrativeExpenses": 0,
    "otherExpenses": 1885000000,
    "operatingExpenses": 1885000000,
    "costAndExpenses": 3041000000,
    "interestIncome": 0,
    "interestExpense": 0,
    "depreciationAndAmortization": 446000000,
    "ebitda": 941000000,
    "ebitdaratio": 0.2661199095,
    "operatingIncome": 495000000,
    "operatingIncomeRatio": 0.1399886878,
    "totalOtherIncomeExpensesNet": -242000000,
    "incomeBeforeTax": 253000000,
    "incomeBeforeTaxRatio": 0.0715497738,
    "incomeTaxExpense": 75000000,
    "netIncome": 178000000,
    "netIncomeRatio": 0.0503393665,
    "eps": 0.55,
    "epsdiluted": 0.55,
    "weightedAverageShsOut": 326000000,
    "weightedAverageShsOutDil": 326000000,
    "link": "https://www.sec.gov/Archives/edgar/data/827052/000089256909000150/0000892569-09-000150-index.htm",
    "finalLink": "https://www.sec.gov/Archives/edgar/data/827052/000089256909000150/a51166e10vk.htm"
  },
  {
    "date": "2008-09-30",
    "symbol": "EIX",
    "reportedCurrency": "USD",
    "cik": "0000827052",
    "fillingDate": "2008-11-07",
    "acceptedDate": "2008-11-07 09:32:51",
    "calendarYear": "2008",
    "period": "Q3",
    "revenue": 4111000000,
    "costOfRevenue": 2597000000,
    "grossProfit": 1514000000,
    "grossProfitRatio": 0.3682802238,
    "researchAndDevelopmentExpenses": 0,
    "generalAndAdministrativeExpenses": 0,
    "sellingAndMarketingExpenses": 0,
    "sellingGeneralAndAdministrativeExpenses": 0,
    "otherExpenses": 550000000,
    "operatingExpenses": 550000000,
    "costAndExpenses": 3147000000,
    "interestIncome": 0,
    "interestExpense": 176000000,
    "depreciationAndAmortization": 328000000,
    "ebitda": 1292000000,
    "ebitdaratio": 0.3142787643,
    "operatingIncome": 964000000,
    "operatingIncomeRatio": 0.2344928241,
    "totalOtherIncomeExpensesNet": -241000000,
    "incomeBeforeTax": 723000000,
    "incomeBeforeTaxRatio": 0.1758696181,
    "incomeTaxExpense": 277000000,
    "netIncome": 452000000,
    "netIncomeRatio": 0.1099489175,
    "eps": 1.33,
    "epsdiluted": 1.33,
    "weightedAverageShsOut": 326000000,
    "weightedAverageShsOutDil": 328000000,
    "link": "https://www.sec.gov/Archives/edgar/data/827052/000119312508229138/0001193125-08-229138-index.htm",
    "finalLink": "https://www.sec.gov/Archives/edgar/data/827052/000119312508229138/d10q.htm"
  },
  {
    "date": "2008-06-30",
    "symbol": "EIX",
    "reportedCurrency": "USD",
    "cik": "0000827052",
    "fillingDate": "2008-08-08",
    "acceptedDate": "2008-08-08 09:31:09",
    "calendarYear": "2008",
    "period": "Q2",
    "revenue": 3382000000,
    "costOfRevenue": 1210000000,
    "grossProfit": 2172000000,
    "grossProfitRatio": 0.6422235364,
    "researchAndDevelopmentExpenses": 0,
    "generalAndAdministrativeExpenses": 0,
    "sellingAndMarketingExpenses": 0,
    "sellingGeneralAndAdministrativeExpenses": -56000000,
    "otherExpenses": 1447000000,
    "operatingExpenses": 1391000000,
    "costAndExpenses": 2971000000,
    "interestIncome": 22000000,
    "interestExpense": 165000000,
    "depreciationAndAmortization": 334000000,
    "ebitda": 880000000,
    "ebitdaratio": 0.2602010645,
    "operatingIncome": 506000000,
    "operatingIncomeRatio": 0.1496156121,
    "totalOtherIncomeExpensesNet": -125000000,
    "incomeBeforeTax": 345000000,
    "incomeBeforeTaxRatio": 0.1020106446,
    "incomeTaxExpense": 83000000,
    "netIncome": 261000000,
    "netIncomeRatio": 0.0771732703,
    "eps": 0.79,
    "epsdiluted": 0.79,
    "weightedAverageShsOut": 326000000,
    "weightedAverageShsOutDil": 329000000,
    "link": "https://www.sec.gov/Archives/edgar/data/827052/000119312508171199/0001193125-08-171199-index.htm",
    "finalLink": "https://www.sec.gov/Archives/edgar/data/827052/000119312508171199/d10q.htm"
  },
  {
    "date": "2008-03-31",
    "symbol": "EIX",
    "reportedCurrency": "USD",
    "cik": "0000827052",
    "fillingDate": "2008-05-08",
    "acceptedDate": "2008-05-08 09:32:04",
    "calendarYear": "2008",
    "period": "Q1",
    "revenue": 3083000000,
    "costOfRevenue": 1028000000,
    "grossProfit": 2055000000,
    "grossProfitRatio": 0.6665585469,
    "researchAndDevelopmentExpenses": 0,
    "generalAndAdministrativeExpenses": 0,
    "sellingAndMarketingExpenses": 0,
    "sellingGeneralAndAdministrativeExpenses": 0,
    "otherExpenses": 1255000000,
    "operatingExpenses": 1255000000,
    "costAndExpenses": 2485000000,
    "interestIncome": 14000000,
    "interestExpense": 171000000,
    "depreciationAndAmortization": 311000000,
    "ebitda": 968000000,
    "ebitdaratio": 0.3139798897,
    "operatingIncome": 628000000,
    "operatingIncomeRatio": 0.203697697,
    "totalOtherIncomeExpensesNet": -142000000,
    "incomeBeforeTax": 465000000,
    "incomeBeforeTaxRatio": 0.1508271164,
    "incomeTaxExpense": 161000000,
    "netIncome": 299000000,
    "netIncomeRatio": 0.0969834577,
    "eps": 0.91,
    "epsdiluted": 0.91,
    "weightedAverageShsOut": 326000000,
    "weightedAverageShsOutDil": 329000000,
    "link": "https://www.sec.gov/Archives/edgar/data/827052/000119312508107085/0001193125-08-107085-index.htm",
    "finalLink": "https://www.sec.gov/Archives/edgar/data/827052/000119312508107085/d10q.htm"
  },
  {
    "date": "2007-12-31",
    "symbol": "EIX",
    "reportedCurrency": "USD",
    "cik": "0000827052",
    "fillingDate": "2008-02-27",
    "acceptedDate": "2008-02-27 09:40:05",
    "calendarYear": "2007",
    "period": "Q4",
    "revenue": 3211000000,
    "costOfRevenue": 1143000000,
    "grossProfit": 2068000000,
    "grossProfitRatio": 0.6440361258,
    "researchAndDevelopmentExpenses": 0,
    "generalAndAdministrativeExpenses": 0,
    "sellingAndMarketingExpenses": 0,
    "sellingGeneralAndAdministrativeExpenses": 0,
    "otherExpenses": 1583000000,
    "operatingExpenses": 1583000000,
    "costAndExpenses": 2726000000,
    "interestIncome": 0,
    "interestExpense": 0,
    "depreciationAndAmortization": 344000000,
    "ebitda": 829000000,
    "ebitdaratio": 0.2581750234,
    "operatingIncome": 485000000,
    "operatingIncomeRatio": 0.1510432887,
    "totalOtherIncomeExpensesNet": -171000000,
    "incomeBeforeTax": 314000000,
    "incomeBeforeTaxRatio": 0.0977888508,
    "incomeTaxExpense": 100000000,
    "netIncome": 211000000,
    "netIncomeRatio": 0.0657116163,
    "eps": 0.65,
    "epsdiluted": 0.65,
    "weightedAverageShsOut": 326000000,
    "weightedAverageShsOutDil": 326000000,
    "link": "https://www.sec.gov/Archives/edgar/data/827052/000089256908000173/0000892569-08-000173-index.htm",
    "finalLink": "https://www.sec.gov/Archives/edgar/data/827052/000089256908000173/a38147e10vk.htm"
  },
  {
    "date": "2007-09-30",
    "symbol": "EIX",
    "reportedCurrency": "USD",
    "cik": "0000827052",
    "fillingDate": "2007-11-02",
    "acceptedDate": "2007-11-02 09:30:29",
    "calendarYear": "2007",
    "period": "Q3",
    "revenue": 3942000000,
    "costOfRevenue": 1786000000,
    "grossProfit": 2156000000,
    "grossProfitRatio": 0.5469304921,
    "researchAndDevelopmentExpenses": 0,
    "generalAndAdministrativeExpenses": 0,
    "sellingAndMarketingExpenses": 0,
    "sellingGeneralAndAdministrativeExpenses": 0,
    "otherExpenses": 1257000000,
    "operatingExpenses": 1257000000,
    "costAndExpenses": 3043000000,
    "interestIncome": 0,
    "interestExpense": 0,
    "depreciationAndAmortization": 340000000,
    "ebitda": 1239000000,
    "ebitdaratio": 0.3143074581,
    "operatingIncome": 899000000,
    "operatingIncomeRatio": 0.2280568239,
    "totalOtherIncomeExpensesNet": -158000000,
    "incomeBeforeTax": 728000000,
    "incomeBeforeTaxRatio": 0.1846778285,
    "incomeTaxExpense": 263000000,
    "netIncome": 474000000,
    "netIncomeRatio": 0.1202435312,
    "eps": 1.4,
    "epsdiluted": 1.39,
    "weightedAverageShsOut": 326000000,
    "weightedAverageShsOutDil": 330000000,
    "link": "https://www.sec.gov/Archives/edgar/data/827052/000119312507233325/0001193125-07-233325-index.htm",
    "finalLink": "https://www.sec.gov/Archives/edgar/data/827052/000119312507233325/d10q.htm"
  },
  {
    "date": "2007-06-30",
    "symbol": "EIX",
    "reportedCurrency": "USD",
    "cik": "0000827052",
    "fillingDate": "2007-08-09",
    "acceptedDate": "2007-08-09 09:31:48",
    "calendarYear": "2007",
    "period": "Q2",
    "revenue": 3047000000,
    "costOfRevenue": 1267000000,
    "grossProfit": 1780000000,
    "grossProfitRatio": 0.5841811618,
    "researchAndDevelopmentExpenses": 0,
    "generalAndAdministrativeExpenses": 0,
    "sellingAndMarketingExpenses": 0,
    "sellingGeneralAndAdministrativeExpenses": 0,
    "otherExpenses": 1520000000,
    "operatingExpenses": 1520000000,
    "costAndExpenses": 2787000000,
    "interestIncome": 0,
    "interestExpense": 201000000,
    "depreciationAndAmortization": 347000000,
    "ebitda": 3394000000,
    "ebitdaratio": 1.1138825074,
    "operatingIncome": 260000000,
    "operatingIncomeRatio": 0.0853298326,
    "totalOtherIncomeExpensesNet": -167000000,
    "incomeBeforeTax": 93000000,
    "incomeBeforeTaxRatio": 0.0305218247,
    "incomeTaxExpense": 169000000,
    "netIncome": 93000000,
    "netIncomeRatio": 0.0305218247,
    "eps": 0.29,
    "epsdiluted": 0.28,
    "weightedAverageShsOut": 326000000,
    "weightedAverageShsOutDil": 330000000,
    "link": "https://www.sec.gov/Archives/edgar/data/827052/000119312507176728/0001193125-07-176728-index.htm",
    "finalLink": "https://www.sec.gov/Archives/edgar/data/827052/000119312507176728/d10q.htm"
  },
  {
    "date": "2007-03-31",
    "symbol": "EIX",
    "reportedCurrency": "USD",
    "cik": "0000827052",
    "fillingDate": "2007-05-09",
    "acceptedDate": "2007-05-09 09:54:51",
    "calendarYear": "2007",
    "period": "Q1",
    "revenue": 2912000000,
    "costOfRevenue": 803000000,
    "grossProfit": 2109000000,
    "grossProfitRatio": 0.7242445055,
    "researchAndDevelopmentExpenses": 0,
    "generalAndAdministrativeExpenses": 0,
    "sellingAndMarketingExpenses": 0,
    "sellingGeneralAndAdministrativeExpenses": 0,
    "otherExpenses": 1482000000,
    "operatingExpenses": 1482000000,
    "costAndExpenses": 2285000000,
    "interestIncome": 0,
    "interestExpense": 0,
    "depreciationAndAmortization": 344000000,
    "ebitda": 971000000,
    "ebitdaratio": 0.3334478022,
    "operatingIncome": 627000000,
    "operatingIncomeRatio": 0.2153159341,
    "totalOtherIncomeExpensesNet": -168000000,
    "incomeBeforeTax": 459000000,
    "incomeBeforeTaxRatio": 0.1576236264,
    "incomeTaxExpense": 129000000,
    "netIncome": 333000000,
    "netIncomeRatio": 0.1143543956,
    "eps": 1.01,
    "epsdiluted": 1,
    "weightedAverageShsOut": 326000000,
    "weightedAverageShsOutDil": 330000000,
    "link": "https://www.sec.gov/Archives/edgar/data/827052/000119312507107464/0001193125-07-107464-index.htm",
    "finalLink": "https://www.sec.gov/Archives/edgar/data/827052/000119312507107464/d10q.htm"
  },
  {
    "date": "2006-12-31",
    "symbol": "EIX",
    "reportedCurrency": "USD",
    "cik": "0000827052",
    "fillingDate": "2007-02-28",
    "acceptedDate": "2007-02-28 10:10:18",
    "calendarYear": "2006",
    "period": "Q4",
    "revenue": 3067000000,
    "costOfRevenue": 1021000000,
    "grossProfit": 2046000000,
    "grossProfitRatio": 0.667101402,
    "researchAndDevelopmentExpenses": 0,
    "generalAndAdministrativeExpenses": 0,
    "sellingAndMarketingExpenses": 0,
    "sellingGeneralAndAdministrativeExpenses": 0,
    "otherExpenses": 1576000000,
    "operatingExpenses": 1576000000,
    "costAndExpenses": 2597000000,
    "interestIncome": 0,
    "interestExpense": 250000000,
    "depreciationAndAmortization": 285000000,
    "ebitda": 755000000,
    "ebitdaratio": 0.2461688947,
    "operatingIncome": 470000000,
    "operatingIncomeRatio": 0.1532442126,
    "totalOtherIncomeExpensesNet": -138000000,
    "incomeBeforeTax": 332000000,
    "incomeBeforeTaxRatio": 0.1082491034,
    "incomeTaxExpense": 66000000,
    "netIncome": 288000000,
    "netIncomeRatio": 0.0939028366,
    "eps": 0.88,
    "epsdiluted": 0.88,
    "weightedAverageShsOut": 326000000,
    "weightedAverageShsOutDil": 326000000,
    "link": "https://www.sec.gov/Archives/edgar/data/827052/000119312507042000/0001193125-07-042000-index.htm",
    "finalLink": "https://www.sec.gov/Archives/edgar/data/827052/000119312507042000/d10k.htm"
  },
  {
    "date": "2006-09-30",
    "symbol": "EIX",
    "reportedCurrency": "USD",
    "cik": "0000827052",
    "fillingDate": "2006-11-03",
    "acceptedDate": "2006-11-03 10:03:57",
    "calendarYear": "2006",
    "period": "Q3",
    "revenue": 3802000000,
    "costOfRevenue": 1522000000,
    "grossProfit": 2280000000,
    "grossProfitRatio": 0.5996843766,
    "researchAndDevelopmentExpenses": 0,
    "generalAndAdministrativeExpenses": 0,
    "sellingAndMarketingExpenses": 0,
    "sellingGeneralAndAdministrativeExpenses": 0,
    "otherExpenses": 1317000000,
    "operatingExpenses": 1317000000,
    "costAndExpenses": 2839000000,
    "interestIncome": 0,
    "interestExpense": 0,
    "depreciationAndAmortization": 321000000,
    "ebitda": 1284000000,
    "ebitdaratio": 0.3377169911,
    "operatingIncome": 963000000,
    "operatingIncomeRatio": 0.2532877433,
    "totalOtherIncomeExpensesNet": -193000000,
    "incomeBeforeTax": 770000000,
    "incomeBeforeTaxRatio": 0.2025249868,
    "incomeTaxExpense": 310000000,
    "netIncome": 458000000,
    "netIncomeRatio": 0.1204629143,
    "eps": 1.38,
    "epsdiluted": 1.38,
    "weightedAverageShsOut": 326000000,
    "weightedAverageShsOutDil": 330000000,
    "link": "https://www.sec.gov/Archives/edgar/data/827052/000119312506223120/0001193125-06-223120-index.htm",
    "finalLink": "https://www.sec.gov/Archives/edgar/data/827052/000119312506223120/d10q.htm"
  },
  {
    "date": "2006-06-30",
    "symbol": "EIX",
    "reportedCurrency": "USD",
    "cik": "0000827052",
    "fillingDate": "2006-08-08",
    "acceptedDate": "2006-08-08 10:42:00",
    "calendarYear": "2006",
    "period": "Q2",
    "revenue": 3001000000,
    "costOfRevenue": 1149000000,
    "grossProfit": 1852000000,
    "grossProfitRatio": 0.6171276241,
    "researchAndDevelopmentExpenses": 0,
    "generalAndAdministrativeExpenses": 0,
    "sellingAndMarketingExpenses": 0,
    "sellingGeneralAndAdministrativeExpenses": 0,
    "otherExpenses": 1405000000,
    "operatingExpenses": 1405000000,
    "costAndExpenses": 2554000000,
    "interestIncome": 0,
    "interestExpense": 0,
    "depreciationAndAmortization": 361000000,
    "ebitda": 808000000,
    "ebitdaratio": 0.2692435855,
    "operatingIncome": 447000000,
    "operatingIncomeRatio": 0.1489503499,
    "totalOtherIncomeExpensesNet": -179000000,
    "incomeBeforeTax": 268000000,
    "incomeBeforeTaxRatio": 0.0893035655,
    "incomeTaxExpense": 95000000,
    "netIncome": 177000000,
    "netIncomeRatio": 0.0589803399,
    "eps": 0.54,
    "epsdiluted": 0.54,
    "weightedAverageShsOut": 326000000,
    "weightedAverageShsOutDil": 330000000,
    "link": "https://www.sec.gov/Archives/edgar/data/827052/000119312506165020/0001193125-06-165020-index.htm",
    "finalLink": "https://www.sec.gov/Archives/edgar/data/827052/000119312506165020/d10q.htm"
  },
  {
    "date": "2006-03-31",
    "symbol": "EIX",
    "reportedCurrency": "USD",
    "cik": "0000827052",
    "fillingDate": "2006-05-08",
    "acceptedDate": "2006-05-08 10:34:24",
    "calendarYear": "2006",
    "period": "Q1",
    "revenue": 2751000000,
    "costOfRevenue": 1476000000,
    "grossProfit": 1275000000,
    "grossProfitRatio": 0.4634678299,
    "researchAndDevelopmentExpenses": 0,
    "generalAndAdministrativeExpenses": 0,
    "sellingAndMarketingExpenses": 0,
    "sellingGeneralAndAdministrativeExpenses": 0,
    "otherExpenses": 815000000,
    "operatingExpenses": 815000000,
    "costAndExpenses": 2291000000,
    "interestIncome": 0,
    "interestExpense": 0,
    "depreciationAndAmortization": 313000000,
    "ebitda": 773000000,
    "ebitdaratio": 0.2809887314,
    "operatingIncome": 460000000,
    "operatingIncomeRatio": 0.1672119229,
    "totalOtherIncomeExpensesNet": -165000000,
    "incomeBeforeTax": 295000000,
    "incomeBeforeTaxRatio": 0.1072337332,
    "incomeTaxExpense": 111000000,
    "netIncome": 258000000,
    "netIncomeRatio": 0.0937840785,
    "eps": 0.78,
    "epsdiluted": 0.78,
    "weightedAverageShsOut": 326000000,
    "weightedAverageShsOutDil": 331000000,
    "link": "https://www.sec.gov/Archives/edgar/data/827052/000119312506102929/0001193125-06-102929-index.htm",
    "finalLink": "https://www.sec.gov/Archives/edgar/data/827052/000119312506102929/d10q.htm"
  },
  {
    "date": "2005-12-31",
    "symbol": "EIX",
    "reportedCurrency": "USD",
    "cik": "0000827052",
    "fillingDate": "2006-03-07",
    "acceptedDate": "2006-03-07 11:52:21",
    "calendarYear": "2005",
    "period": "Q4",
    "revenue": 2974000000,
    "costOfRevenue": 1490000000,
    "grossProfit": 1484000000,
    "grossProfitRatio": 0.4989912576,
    "researchAndDevelopmentExpenses": 0,
    "generalAndAdministrativeExpenses": 0,
    "sellingAndMarketingExpenses": 0,
    "sellingGeneralAndAdministrativeExpenses": 0,
    "otherExpenses": 882000000,
    "operatingExpenses": 882000000,
    "costAndExpenses": 2372000000,
    "interestIncome": 0,
    "interestExpense": 203000000,
    "depreciationAndAmortization": 291000000,
    "ebitda": 893000000,
    "ebitdaratio": 0.300268998,
    "operatingIncome": 602000000,
    "operatingIncomeRatio": 0.2024209818,
    "totalOtherIncomeExpensesNet": -113000000,
    "incomeBeforeTax": 489000000,
    "incomeBeforeTaxRatio": 0.1644250168,
    "incomeTaxExpense": 190000000,
    "netIncome": 273000000,
    "netIncomeRatio": 0.0917955615,
    "eps": 0.84,
    "epsdiluted": 0.84,
    "weightedAverageShsOut": 326000000,
    "weightedAverageShsOutDil": 326000000,
    "link": "https://www.sec.gov/Archives/edgar/data/827052/000082705206000030/0000827052-06-000030-index.htm",
    "finalLink": "https://www.sec.gov/Archives/edgar/data/827052/000082705206000030/eix10k05.htm"
  },
  {
    "date": "2005-09-30",
    "symbol": "EIX",
    "reportedCurrency": "USD",
    "cik": "0000827052",
    "fillingDate": "2005-11-04",
    "acceptedDate": "2005-11-04 16:44:47",
    "calendarYear": "2005",
    "period": "Q3",
    "revenue": 3783000000,
    "costOfRevenue": 991000000,
    "grossProfit": 2792000000,
    "grossProfitRatio": 0.7380385937,
    "researchAndDevelopmentExpenses": 0,
    "generalAndAdministrativeExpenses": 0,
    "sellingAndMarketingExpenses": 0,
    "sellingGeneralAndAdministrativeExpenses": 0,
    "otherExpenses": 2004000000,
    "operatingExpenses": 2004000000,
    "costAndExpenses": 2995000000,
    "interestIncome": 0,
    "interestExpense": 0,
    "depreciationAndAmortization": 303000000,
    "ebitda": 1091000000,
    "ebitdaratio": 0.2883954533,
    "operatingIncome": 788000000,
    "operatingIncomeRatio": 0.2083002908,
    "totalOtherIncomeExpensesNet": -224000000,
    "incomeBeforeTax": 564000000,
    "incomeBeforeTaxRatio": 0.1490880254,
    "incomeTaxExpense": 129000000,
    "netIncome": 462000000,
    "netIncomeRatio": 0.1221252974,
    "eps": 1.41,
    "epsdiluted": 1.39,
    "weightedAverageShsOut": 326000000,
    "weightedAverageShsOutDil": 332000000,
    "link": "https://www.sec.gov/Archives/edgar/data/827052/000082705205000177/0000827052-05-000177-index.htm",
    "finalLink": "https://www.sec.gov/Archives/edgar/data/827052/000082705205000177/eix3q05.htm"
  },
  {
    "date": "2005-06-30",
    "symbol": "EIX",
    "reportedCurrency": "USD",
    "cik": "0000827052",
    "fillingDate": "2005-08-09",
    "acceptedDate": "2005-08-08 21:43:49",
    "calendarYear": "2005",
    "period": "Q2",
    "revenue": 2649000000,
    "costOfRevenue": 1142000000,
    "grossProfit": 1507000000,
    "grossProfitRatio": 0.5688939222,
    "researchAndDevelopmentExpenses": 0,
    "generalAndAdministrativeExpenses": 0,
    "sellingAndMarketingExpenses": 0,
    "sellingGeneralAndAdministrativeExpenses": 0,
    "otherExpenses": 1098000000,
    "operatingExpenses": 1098000000,
    "costAndExpenses": 2240000000,
    "interestIncome": 0,
    "interestExpense": 204000000,
    "depreciationAndAmortization": 293000000,
    "ebitda": 702000000,
    "ebitdaratio": 0.2650056625,
    "operatingIncome": 409000000,
    "operatingIncomeRatio": 0.154397886,
    "totalOtherIncomeExpensesNet": -195000000,
    "incomeBeforeTax": 214000000,
    "incomeBeforeTaxRatio": 0.080785202,
    "incomeTaxExpense": 34000000,
    "netIncome": 201000000,
    "netIncomeRatio": 0.0758776897,
    "eps": 0.61,
    "epsdiluted": 0.61,
    "weightedAverageShsOut": 326000000,
    "weightedAverageShsOutDil": 331000000,
    "link": "https://www.sec.gov/Archives/edgar/data/827052/000082705205000123/0000827052-05-000123-index.htm",
    "finalLink": "https://www.sec.gov/Archives/edgar/data/827052/000082705205000123/eix2qtr10q2005.htm"
  },
  {
    "date": "2005-03-31",
    "symbol": "EIX",
    "reportedCurrency": "USD",
    "cik": "0000827052",
    "fillingDate": "2005-05-09",
    "acceptedDate": "2005-05-09 08:37:12",
    "calendarYear": "2005",
    "period": "Q1",
    "revenue": 2446000000,
    "costOfRevenue": 807000000,
    "grossProfit": 1639000000,
    "grossProfitRatio": 0.6700735895,
    "researchAndDevelopmentExpenses": 0,
    "generalAndAdministrativeExpenses": 0,
    "sellingAndMarketingExpenses": 0,
    "sellingGeneralAndAdministrativeExpenses": 0,
    "otherExpenses": 1191000000,
    "operatingExpenses": 1191000000,
    "costAndExpenses": 1998000000,
    "interestIncome": 0,
    "interestExpense": 0,
    "depreciationAndAmortization": 281000000,
    "ebitda": 729000000,
    "ebitdaratio": 0.2980376124,
    "operatingIncome": 448000000,
    "operatingIncomeRatio": 0.1831561733,
    "totalOtherIncomeExpensesNet": -150000000,
    "incomeBeforeTax": 298000000,
    "incomeBeforeTaxRatio": 0.1218315617,
    "incomeTaxExpense": 104000000,
    "netIncome": 201000000,
    "netIncomeRatio": 0.0821749796,
    "eps": 0.61,
    "epsdiluted": 0.61,
    "weightedAverageShsOut": 326000000,
    "weightedAverageShsOutDil": 331000000,
    "link": "https://www.sec.gov/Archives/edgar/data/827052/000082705205000069/0000827052-05-000069-index.htm",
    "finalLink": "https://www.sec.gov/Archives/edgar/data/827052/000082705205000069/eix1qtr10q2005.htm"
  },
  {
    "date": "2004-12-31",
    "symbol": "EIX",
    "reportedCurrency": "USD",
    "cik": "0000827052",
    "fillingDate": "2005-03-16",
    "acceptedDate": "2005-03-16 12:44:59",
    "calendarYear": "2004",
    "period": "Q4",
    "revenue": 2359000000,
    "costOfRevenue": 729000000,
    "grossProfit": 1630000000,
    "grossProfitRatio": 0.6909707503,
    "researchAndDevelopmentExpenses": 0,
    "generalAndAdministrativeExpenses": 0,
    "sellingAndMarketingExpenses": 0,
    "sellingGeneralAndAdministrativeExpenses": 0,
    "otherExpenses": 1183000000,
    "operatingExpenses": 1183000000,
    "costAndExpenses": 1912000000,
    "interestIncome": 0,
    "interestExpense": 0,
    "depreciationAndAmortization": 290000000,
    "ebitda": 737000000,
    "ebitdaratio": 0.3124205172,
    "operatingIncome": 447000000,
    "operatingIncomeRatio": 0.1894870708,
    "totalOtherIncomeExpensesNet": -233000000,
    "incomeBeforeTax": 214000000,
    "incomeBeforeTaxRatio": 0.0907164053,
    "incomeTaxExpense": -53000000,
    "netIncome": 379000000,
    "netIncomeRatio": 0.1606612972,
    "eps": 1.15,
    "epsdiluted": 1.15,
    "weightedAverageShsOut": 326000000,
    "weightedAverageShsOutDil": 330000000,
    "link": "https://www.sec.gov/Archives/edgar/data/827052/000082705205000050/0000827052-05-000050-index.htm",
    "finalLink": "https://www.sec.gov/Archives/edgar/data/827052/000082705205000050/eix10k04.htm"
  },
  {
    "date": "2004-09-30",
    "symbol": "EIX",
    "reportedCurrency": "USD",
    "cik": "0000827052",
    "fillingDate": "2004-11-08",
    "acceptedDate": "2004-11-08 12:02:05",
    "calendarYear": "2004",
    "period": "Q3",
    "revenue": 3188000000,
    "costOfRevenue": 1330000000,
    "grossProfit": 1858000000,
    "grossProfitRatio": 0.5828105395,
    "researchAndDevelopmentExpenses": 0,
    "generalAndAdministrativeExpenses": 0,
    "sellingAndMarketingExpenses": 0,
    "sellingGeneralAndAdministrativeExpenses": 0,
    "otherExpenses": 1070000000,
    "operatingExpenses": 1070000000,
    "costAndExpenses": 2400000000,
    "interestIncome": 0,
    "interestExpense": 0,
    "depreciationAndAmortization": 263000000,
    "ebitda": 1051000000,
    "ebitdaratio": 0.3296737767,
    "operatingIncome": 788000000,
    "operatingIncomeRatio": 0.2471769134,
    "totalOtherIncomeExpensesNet": -293000000,
    "incomeBeforeTax": 494000000,
    "incomeBeforeTaxRatio": 0.1549560853,
    "incomeTaxExpense": 181000000,
    "netIncome": 813000000,
    "netIncomeRatio": 0.2550188206,
    "eps": 2.49,
    "epsdiluted": 2.46,
    "weightedAverageShsOut": 326000000,
    "weightedAverageShsOutDil": 330000000,
    "link": "https://www.sec.gov/Archives/edgar/data/827052/000082705204000110/0000827052-04-000110-index.htm",
    "finalLink": "https://www.sec.gov/Archives/edgar/data/827052/000082705204000110/eix3qtr10q2004.htm"
  },
  {
    "date": "2004-06-30",
    "symbol": "EIX",
    "reportedCurrency": "USD",
    "cik": "0000827052",
    "fillingDate": "2004-08-06",
    "acceptedDate": "2004-08-06 15:01:51",
    "calendarYear": "2004",
    "period": "Q2",
    "revenue": 2919000000,
    "costOfRevenue": 992000000,
    "grossProfit": 1927000000,
    "grossProfitRatio": 0.6601575882,
    "researchAndDevelopmentExpenses": 0,
    "generalAndAdministrativeExpenses": 0,
    "sellingAndMarketingExpenses": 0,
    "sellingGeneralAndAdministrativeExpenses": 0,
    "otherExpenses": 2036000000,
    "operatingExpenses": 2036000000,
    "costAndExpenses": 2947000000,
    "interestIncome": 0,
    "interestExpense": 0,
    "depreciationAndAmortization": 292000000,
    "ebitda": -90000000,
    "ebitdaratio": -0.0308324769,
    "operatingIncome": -382000000,
    "operatingIncomeRatio": -0.1308667352,
    "totalOtherIncomeExpensesNet": -282000000,
    "incomeBeforeTax": -611000000,
    "incomeBeforeTaxRatio": -0.2093182597,
    "incomeTaxExpense": -237000000,
    "netIncome": -374000000,
    "netIncomeRatio": -0.1281260706,
    "eps": -1.15,
    "epsdiluted": -1.15,
    "weightedAverageShsOut": 326000000,
    "weightedAverageShsOutDil": 326000000,
    "link": "https://www.sec.gov/Archives/edgar/data/827052/000082705204000087/0000827052-04-000087-index.htm",
    "finalLink": "https://www.sec.gov/Archives/edgar/data/827052/000082705204000087/eix2q04.htm"
  },
  {
    "date": "2004-03-31",
    "symbol": "EIX",
    "reportedCurrency": "USD",
    "cik": "0000827052",
    "fillingDate": "2004-05-07",
    "acceptedDate": "2004-05-07 14:50:34",
    "calendarYear": "2004",
    "period": "Q1",
    "revenue": 2510000000,
    "costOfRevenue": 922000000,
    "grossProfit": 1588000000,
    "grossProfitRatio": 0.6326693227,
    "researchAndDevelopmentExpenses": 0,
    "generalAndAdministrativeExpenses": 0,
    "sellingAndMarketingExpenses": 0,
    "sellingGeneralAndAdministrativeExpenses": 0,
    "otherExpenses": 1069000000,
    "operatingExpenses": 1069000000,
    "costAndExpenses": 1876000000,
    "interestIncome": 0,
    "interestExpense": 316000000,
    "depreciationAndAmortization": 279000000,
    "ebitda": 519000000,
    "ebitdaratio": 0.2067729084,
    "operatingIncome": 240000000,
    "operatingIncomeRatio": 0.0956175299,
    "totalOtherIncomeExpensesNet": -145000000,
    "incomeBeforeTax": 165000000,
    "incomeBeforeTaxRatio": 0.0657370518,
    "incomeTaxExpense": 67000000,
    "netIncome": 97000000,
    "netIncomeRatio": 0.0386454183,
    "eps": 0.3,
    "epsdiluted": 0.3,
    "weightedAverageShsOut": 326000000,
    "weightedAverageShsOutDil": 330000000,
    "link": "https://www.sec.gov/Archives/edgar/data/827052/000082705204000052/0000827052-04-000052-index.htm",
    "finalLink": "https://www.sec.gov/Archives/edgar/data/827052/000082705204000052/eix1qtr10q2004.htm"
  },
  {
    "date": "2003-12-31",
    "symbol": "EIX",
    "reportedCurrency": "USD",
    "cik": "0000827052",
    "fillingDate": "2004-03-15",
    "acceptedDate": "2004-03-15 10:13:03",
    "calendarYear": "2003",
    "period": "Q4",
    "revenue": 2656000000,
    "costOfRevenue": 924000000,
    "grossProfit": 1732000000,
    "grossProfitRatio": 0.6521084337,
    "researchAndDevelopmentExpenses": 0,
    "generalAndAdministrativeExpenses": 0,
    "sellingAndMarketingExpenses": 0,
    "sellingGeneralAndAdministrativeExpenses": 0,
    "otherExpenses": 1406000000,
    "operatingExpenses": 1406000000,
    "costAndExpenses": 2330000000,
    "interestIncome": 0,
    "interestExpense": 262000000,
    "depreciationAndAmortization": 385000000,
    "ebitda": 711000000,
    "ebitdaratio": 0.2676957831,
    "operatingIncome": 326000000,
    "operatingIncomeRatio": 0.1227409639,
    "totalOtherIncomeExpensesNet": -223000000,
    "incomeBeforeTax": 103000000,
    "incomeBeforeTaxRatio": 0.0387801205,
    "incomeTaxExpense": -91000000,
    "netIncome": 197000000,
    "netIncomeRatio": 0.0741716867,
    "eps": 0.6,
    "epsdiluted": 0.6,
    "weightedAverageShsOut": 317000000,
    "weightedAverageShsOutDil": 326000000,
    "link": "https://www.sec.gov/Archives/edgar/data/827052/000082705204000042/0000827052-04-000042-index.htm",
    "finalLink": "https://www.sec.gov/Archives/edgar/data/827052/000082705204000042/eix10k03.htm"
  },
  {
    "date": "2003-09-30",
    "symbol": "EIX",
    "reportedCurrency": "USD",
    "cik": "0000827052",
    "fillingDate": "2003-11-14",
    "acceptedDate": "2003-11-14 08:19:15",
    "calendarYear": "2003",
    "period": "Q3",
    "revenue": 3833000000,
    "costOfRevenue": 1399000000,
    "grossProfit": 2434000000,
    "grossProfitRatio": 0.6350117402,
    "researchAndDevelopmentExpenses": 0,
    "generalAndAdministrativeExpenses": 0,
    "sellingAndMarketingExpenses": 0,
    "sellingGeneralAndAdministrativeExpenses": 0,
    "otherExpenses": 1339000000,
    "operatingExpenses": 1339000000,
    "costAndExpenses": 2591000000,
    "interestIncome": 0,
    "interestExpense": 316000000,
    "depreciationAndAmortization": 214000000,
    "ebitda": 1083000000,
    "ebitdaratio": 0.2825463084,
    "operatingIncome": 830000000,
    "operatingIncomeRatio": 0.2165405687,
    "totalOtherIncomeExpensesNet": -110000000,
    "incomeBeforeTax": 787000000,
    "incomeBeforeTaxRatio": 0.2053222019,
    "incomeTaxExpense": 287000000,
    "netIncome": 544000000,
    "netIncomeRatio": 0.1419253848,
    "eps": 1.67,
    "epsdiluted": 1.65,
    "weightedAverageShsOut": 329000000,
    "weightedAverageShsOutDil": 329000000,
    "link": "https://www.sec.gov/Archives/edgar/data/827052/000082705203000149/0000827052-03-000149-index.htm",
    "finalLink": "https://www.sec.gov/Archives/edgar/data/827052/000082705203000149/eix3q03.htm"
  },
  {
    "date": "2003-06-30",
    "symbol": "EIX",
    "reportedCurrency": "USD",
    "cik": "0000827052",
    "fillingDate": "2003-08-13",
    "acceptedDate": "2003-08-13 06:04:33",
    "calendarYear": "2003",
    "period": "Q2",
    "revenue": 3133000000,
    "costOfRevenue": 1015000000,
    "grossProfit": 2118000000,
    "grossProfitRatio": 0.6760293648,
    "researchAndDevelopmentExpenses": 0,
    "generalAndAdministrativeExpenses": 0,
    "sellingAndMarketingExpenses": 0,
    "sellingGeneralAndAdministrativeExpenses": 0,
    "otherExpenses": 1886000000,
    "operatingExpenses": 1886000000,
    "costAndExpenses": 2901000000,
    "interestIncome": 0,
    "interestExpense": 0,
    "depreciationAndAmortization": 278000000,
    "ebitda": 502000000,
    "ebitdaratio": 0.1602298117,
    "operatingIncome": 224000000,
    "operatingIncomeRatio": 0.0714969678,
    "totalOtherIncomeExpensesNet": -213000000,
    "incomeBeforeTax": 15000000,
    "incomeBeforeTaxRatio": 0.0047877434,
    "incomeTaxExpense": -11000000,
    "netIncome": 24000000,
    "netIncomeRatio": 0.0076603894,
    "eps": 0.07,
    "epsdiluted": 0.07,
    "weightedAverageShsOut": 326000000,
    "weightedAverageShsOutDil": 329000000,
    "link": "https://www.sec.gov/Archives/edgar/data/827052/000082705203000114/0000827052-03-000114-index.htm",
    "finalLink": "https://www.sec.gov/Archives/edgar/data/827052/000082705203000114/eix2qtr10q2003.htm"
  },
  {
    "date": "2003-03-31",
    "symbol": "EIX",
    "reportedCurrency": "USD",
    "cik": "0000827052",
    "fillingDate": "2003-05-14",
    "acceptedDate": "2003-05-14 11:40:26",
    "calendarYear": "2003",
    "period": "Q1",
    "revenue": 2532000000,
    "costOfRevenue": 786000000,
    "grossProfit": 1746000000,
    "grossProfitRatio": 0.6895734597,
    "researchAndDevelopmentExpenses": 0,
    "generalAndAdministrativeExpenses": 0,
    "sellingAndMarketingExpenses": 0,
    "sellingGeneralAndAdministrativeExpenses": 0,
    "otherExpenses": 1426000000,
    "operatingExpenses": 1426000000,
    "costAndExpenses": 2212000000,
    "interestIncome": 0,
    "interestExpense": 0,
    "depreciationAndAmortization": 315000000,
    "ebitda": 626000000,
    "ebitdaratio": 0.247235387,
    "operatingIncome": 311000000,
    "operatingIncomeRatio": 0.1228278041,
    "totalOtherIncomeExpensesNet": -218000000,
    "incomeBeforeTax": 98000000,
    "incomeBeforeTaxRatio": 0.0387045814,
    "incomeTaxExpense": 32000000,
    "netIncome": 57000000,
    "netIncomeRatio": 0.0225118483,
    "eps": 0.17,
    "epsdiluted": 0.17,
    "weightedAverageShsOut": 326000000,
    "weightedAverageShsOutDil": 328000000,
    "link": "https://www.sec.gov/Archives/edgar/data/827052/000082705203000065/0000827052-03-000065-index.htm",
    "finalLink": "https://www.sec.gov/Archives/edgar/data/827052/000082705203000065/eix1qtr10q2003.htm"
  },
  {
    "date": "2002-12-31",
    "symbol": "EIX",
    "reportedCurrency": "USD",
    "cik": "0000827052",
    "fillingDate": "2003-03-31",
    "acceptedDate": "2003-03-31 08:16:16",
    "calendarYear": "2002",
    "period": "Q4",
    "revenue": 1978000000,
    "costOfRevenue": 675000000,
    "grossProfit": 1303000000,
    "grossProfitRatio": 0.6587462083,
    "researchAndDevelopmentExpenses": 0,
    "generalAndAdministrativeExpenses": 0,
    "sellingAndMarketingExpenses": 0,
    "sellingGeneralAndAdministrativeExpenses": 0,
    "otherExpenses": -103000000,
    "operatingExpenses": -103000000,
    "costAndExpenses": 572000000,
    "interestIncome": 0,
    "interestExpense": 0,
    "depreciationAndAmortization": 294000000,
    "ebitda": 1700000000,
    "ebitdaratio": 0.8594539939,
    "operatingIncome": 1406000000,
    "operatingIncomeRatio": 0.7108190091,
    "totalOtherIncomeExpensesNet": -1457000000,
    "incomeBeforeTax": -51000000,
    "incomeBeforeTaxRatio": -0.0257836198,
    "incomeTaxExpense": -89000000,
    "netIncome": -24000000,
    "netIncomeRatio": -0.0121334681,
    "eps": -0.0736,
    "epsdiluted": -0.0736,
    "weightedAverageShsOut": 326000000,
    "weightedAverageShsOutDil": 326000000,
    "link": "https://www.sec.gov/Archives/edgar/data/827052/000082705203000030/0000827052-03-000030-index.htm",
    "finalLink": "https://www.sec.gov/Archives/edgar/data/827052/000082705203000030/eix10k2002.htm"
  },
  {
    "date": "2002-09-30",
    "symbol": "EIX",
    "reportedCurrency": "USD",
    "cik": "0000827052",
    "fillingDate": "2002-11-14",
    "acceptedDate": "2002-11-14 08:02:15",
    "calendarYear": "2002",
    "period": "Q3",
    "revenue": 3997000000,
    "costOfRevenue": 1142000000,
    "grossProfit": 2855000000,
    "grossProfitRatio": 0.7142857143,
    "researchAndDevelopmentExpenses": 0,
    "generalAndAdministrativeExpenses": 0,
    "sellingAndMarketingExpenses": 0,
    "sellingGeneralAndAdministrativeExpenses": 0,
    "otherExpenses": 1868000000,
    "operatingExpenses": 1868000000,
    "costAndExpenses": 3002000000,
    "interestIncome": 0,
    "interestExpense": 0,
    "depreciationAndAmortization": 286000000,
    "ebitda": 990000000,
    "ebitdaratio": 0.2476857643,
    "operatingIncome": 704000000,
    "operatingIncomeRatio": 0.1761320991,
    "totalOtherIncomeExpensesNet": -184000000,
    "incomeBeforeTax": 526000000,
    "incomeBeforeTaxRatio": 0.131598699,
    "incomeTaxExpense": 175000000,
    "netIncome": 352000000,
    "netIncomeRatio": 0.0880660495,
    "eps": 1.08,
    "epsdiluted": 1.07,
    "weightedAverageShsOut": 325925926,
    "weightedAverageShsOutDil": 328971963,
    "link": "https://www.sec.gov/Archives/edgar/data/827052/000082705202000046/0000827052-02-000046-index.htm",
    "finalLink": "https://www.sec.gov/Archives/edgar/data/827052/000082705202000046/thirdqeix.htm"
  },
  {
    "date": "2002-06-30",
    "symbol": "EIX",
    "reportedCurrency": "USD",
    "cik": "0000827052",
    "fillingDate": "2002-08-14",
    "acceptedDate": "2002-08-14 08:02:25",
    "calendarYear": "2002",
    "period": "Q2",
    "revenue": 2926000000,
    "costOfRevenue": 866000000,
    "grossProfit": 2060000000,
    "grossProfitRatio": 0.7040328093,
    "researchAndDevelopmentExpenses": 0,
    "generalAndAdministrativeExpenses": 0,
    "sellingAndMarketingExpenses": 0,
    "sellingGeneralAndAdministrativeExpenses": 0,
    "otherExpenses": 761000000,
    "operatingExpenses": 761000000,
    "costAndExpenses": 1621000000,
    "interestIncome": 0,
    "interestExpense": 317000000,
    "depreciationAndAmortization": 288000000,
    "ebitda": 1491000000,
    "ebitdaratio": 0.509569378,
    "operatingIncome": 1203000000,
    "operatingIncomeRatio": 0.4111414901,
    "totalOtherIncomeExpensesNet": -257000000,
    "incomeBeforeTax": 951000000,
    "incomeBeforeTaxRatio": 0.3250170882,
    "incomeTaxExpense": 289000000,
    "netIncome": 665000000,
    "netIncomeRatio": 0.2272727273,
    "eps": 2.04,
    "epsdiluted": 2.02,
    "weightedAverageShsOut": 325980392,
    "weightedAverageShsOutDil": 329207921,
    "link": "https://www.sec.gov/Archives/edgar/data/827052/000082705202000029/0000827052-02-000029-index.htm",
    "finalLink": "https://www.sec.gov/Archives/edgar/data/827052/000082705202000029/eix2qtr10q2002.htm"
  },
  {
    "date": "2002-03-31",
    "symbol": "EIX",
    "reportedCurrency": "USD",
    "cik": "0000827052",
    "fillingDate": "2002-05-10",
    "acceptedDate": "2002-05-09 19:43:20",
    "calendarYear": "2002",
    "period": "Q1",
    "revenue": 2587000000,
    "costOfRevenue": 520000000,
    "grossProfit": 2067000000,
    "grossProfitRatio": 0.7989949749,
    "researchAndDevelopmentExpenses": 0,
    "generalAndAdministrativeExpenses": 0,
    "sellingAndMarketingExpenses": 0,
    "sellingGeneralAndAdministrativeExpenses": 0,
    "otherExpenses": 1668000000,
    "operatingExpenses": 1668000000,
    "costAndExpenses": 2179000000,
    "interestIncome": 0,
    "interestExpense": 0,
    "depreciationAndAmortization": 268000000,
    "ebitda": 577000000,
    "ebitdaratio": 0.2230382683,
    "operatingIncome": 309000000,
    "operatingIncomeRatio": 0.1194433707,
    "totalOtherIncomeExpensesNet": -214000000,
    "incomeBeforeTax": 100000000,
    "incomeBeforeTaxRatio": 0.0386548125,
    "incomeTaxExpense": 16000000,
    "netIncome": 84000000,
    "netIncomeRatio": 0.0324700425,
    "eps": 0.26,
    "epsdiluted": 0.26,
    "weightedAverageShsOut": 323076923,
    "weightedAverageShsOutDil": 323076923,
    "link": "https://www.sec.gov/Archives/edgar/data/827052/000009210302000007/0000092103-02-000007-index.htm",
    "finalLink": "https://www.sec.gov/Archives/edgar/data/827052/000009210302000007/eix1qtr10q2002.htm"
  },
  {
    "date": "2001-12-31",
    "symbol": "EIX",
    "reportedCurrency": "USD",
    "cik": "0000827052",
    "fillingDate": "2002-03-29",
    "acceptedDate": "2002-03-29 00:00:00",
    "calendarYear": "2001",
    "period": "Q4",
    "revenue": 2304000000,
    "costOfRevenue": 548000000,
    "grossProfit": 1756000000,
    "grossProfitRatio": 0.7621527778,
    "researchAndDevelopmentExpenses": 0,
    "generalAndAdministrativeExpenses": 0,
    "sellingAndMarketingExpenses": 0,
    "sellingGeneralAndAdministrativeExpenses": 0,
    "otherExpenses": -1293000000,
    "operatingExpenses": -1293000000,
    "costAndExpenses": -745000000,
    "interestIncome": 0,
    "interestExpense": 0,
    "depreciationAndAmortization": 204000000,
    "ebitda": 3253000000,
    "ebitdaratio": 1.4118923611,
    "operatingIncome": 3049000000,
    "operatingIncomeRatio": 1.3233506944,
    "totalOtherIncomeExpensesNet": 2821000000,
    "incomeBeforeTax": 5870000000,
    "incomeBeforeTaxRatio": 2.5477430556,
    "incomeTaxExpense": 2336000000,
    "netIncome": 2167000000,
    "netIncomeRatio": 0.9405381944,
    "eps": 6.65,
    "epsdiluted": 6.65,
    "weightedAverageShsOut": 325325648,
    "weightedAverageShsOutDil": 326000000,
    "link": "https://www.sec.gov/Archives/edgar/data/827052/000082705202000011/0000827052-02-000011-index.htm",
    "finalLink": "https://www.sec.gov/Archives/edgar/data/827052/000082705202000011/eix10k01.htm"
  },
  {
    "date": "2001-09-30",
    "symbol": "EIX",
    "reportedCurrency": "USD",
    "cik": "0000827052",
    "fillingDate": "2001-11-14",
    "acceptedDate": "2001-11-14 00:00:00",
    "calendarYear": "2001",
    "period": "Q3",
    "revenue": 4043000000,
    "costOfRevenue": 1162000000,
    "grossProfit": 2881000000,
    "grossProfitRatio": 0.7125896611,
    "researchAndDevelopmentExpenses": 0,
    "generalAndAdministrativeExpenses": 0,
    "sellingAndMarketingExpenses": 0,
    "sellingGeneralAndAdministrativeExpenses": 0,
    "otherExpenses": 1033000000,
    "operatingExpenses": 1033000000,
    "costAndExpenses": 2107000000,
    "interestIncome": 0,
    "interestExpense": 0,
    "depreciationAndAmortization": 269000000,
    "ebitda": 2044000000,
    "ebitdaratio": 0.5055651744,
    "operatingIncome": 1775000000,
    "operatingIncomeRatio": 0.439030423,
    "totalOtherIncomeExpensesNet": 1530000000,
    "incomeBeforeTax": -600000000,
    "incomeBeforeTaxRatio": -0.14840465,
    "incomeTaxExpense": -187000000,
    "netIncome": -413000000,
    "netIncomeRatio": -0.1021518674,
    "eps": -1.27,
    "epsdiluted": -1.27,
    "weightedAverageShsOut": 325196850,
    "weightedAverageShsOutDil": 325196850,
    "link": "https://www.sec.gov/Archives/edgar/data/827052/000082705201500051/0000827052-01-500051-index.htm",
    "finalLink": "https://www.sec.gov/Archives/edgar/data/827052/000082705201500051/eix3q01.htm"
  },
  {
    "date": "2001-06-30",
    "symbol": "EIX",
    "reportedCurrency": "USD",
    "cik": "0000827052",
    "fillingDate": "2001-08-14",
    "acceptedDate": "2001-08-14 00:00:00",
    "calendarYear": "2001",
    "period": "Q2",
    "revenue": 2627000000,
    "costOfRevenue": 1136000000,
    "grossProfit": 1491000000,
    "grossProfitRatio": 0.5675675676,
    "researchAndDevelopmentExpenses": 0,
    "generalAndAdministrativeExpenses": 0,
    "sellingAndMarketingExpenses": 0,
    "sellingGeneralAndAdministrativeExpenses": 0,
    "otherExpenses": 923000000,
    "operatingExpenses": 923000000,
    "costAndExpenses": 1999000000,
    "interestIncome": 0,
    "interestExpense": 0,
    "depreciationAndAmortization": 213000000,
    "ebitda": 677000000,
    "ebitdaratio": 0.2577084126,
    "operatingIncome": 447000000,
    "operatingIncomeRatio": 0.1701560716,
    "totalOtherIncomeExpensesNet": -357000000,
    "incomeBeforeTax": -164000000,
    "incomeBeforeTaxRatio": -0.0624286258,
    "incomeTaxExpense": -62000000,
    "netIncome": -102000000,
    "netIncomeRatio": -0.03882756,
    "eps": -0.31,
    "epsdiluted": -0.31,
    "weightedAverageShsOut": 329032258,
    "weightedAverageShsOutDil": 329032258,
    "link": "https://www.sec.gov/Archives/edgar/data/827052/000082705201500029/0000827052-01-500029-index.htm",
    "finalLink": "https://www.sec.gov/Archives/edgar/data/827052/000082705201500029/eix2q01.htm"
  },
  {
    "date": "2001-03-31",
    "symbol": "EIX",
    "reportedCurrency": "USD",
    "cik": "0000827052",
    "fillingDate": "2001-05-15",
    "acceptedDate": "2001-05-15 00:00:00",
    "calendarYear": "2001",
    "period": "Q1",
    "revenue": 2462000000,
    "costOfRevenue": 2053000000,
    "grossProfit": 409000000,
    "grossProfitRatio": 0.1661251015,
    "researchAndDevelopmentExpenses": 0,
    "generalAndAdministrativeExpenses": 0,
    "sellingAndMarketingExpenses": 0,
    "sellingGeneralAndAdministrativeExpenses": 0,
    "otherExpenses": 940000000,
    "operatingExpenses": 940000000,
    "costAndExpenses": 2906000000,
    "interestIncome": 0,
    "interestExpense": 0,
    "depreciationAndAmortization": 280000000,
    "ebitda": -431000000,
    "ebitdaratio": -0.1750609261,
    "operatingIncome": -711000000,
    "operatingIncomeRatio": -0.2887896019,
    "totalOtherIncomeExpensesNet": -354000000,
    "incomeBeforeTax": -1057000000,
    "incomeBeforeTaxRatio": -0.4293257514,
    "incomeTaxExpense": -440000000,
    "netIncome": -617000000,
    "netIncomeRatio": -0.2506092608,
    "eps": -1.89,
    "epsdiluted": -1.89,
    "weightedAverageShsOut": 326455026,
    "weightedAverageShsOutDil": 326455026,
    "link": "https://www.sec.gov/Archives/edgar/data/827052/000082705201500015/0000827052-01-500015-index.htm",
    "finalLink": "https://www.sec.gov/Archives/edgar/data/827052/000082705201500015/eix1q01.htm"
  },
  {
    "date": "2000-12-31",
    "symbol": "EIX",
    "reportedCurrency": "USD",
    "cik": "0000827052",
    "fillingDate": "2001-04-17",
    "acceptedDate": "2001-04-17 00:00:00",
    "calendarYear": "2000",
    "period": "Q4",
    "revenue": 2591313000,
    "costOfRevenue": 1930494000,
    "grossProfit": 660819000,
    "grossProfitRatio": 0.2550131922,
    "researchAndDevelopmentExpenses": 0,
    "generalAndAdministrativeExpenses": 0,
    "sellingAndMarketingExpenses": 0,
    "sellingGeneralAndAdministrativeExpenses": 0,
    "otherExpenses": 2154953000,
    "operatingExpenses": 2154953000,
    "costAndExpenses": 4085447000,
    "interestIncome": 0,
    "interestExpense": 294658000,
    "depreciationAndAmortization": 453054000,
    "ebitda": -1041080000,
    "ebitdaratio": -0.401757719,
    "operatingIncome": -1494134000,
    "operatingIncomeRatio": -0.5765934104,
    "totalOtherIncomeExpensesNet": -2558841000,
    "incomeBeforeTax": -4052975000,
    "incomeBeforeTaxRatio": -1.5640623113,
    "incomeTaxExpense": -1503115000,
    "netIncome": -2549860000,
    "netIncomeRatio": -0.9840030903,
    "eps": -7.83,
    "epsdiluted": -7.83,
    "weightedAverageShsOut": 325811000,
    "weightedAverageShsOutDil": 325811000,
    "link": "https://www.sec.gov/Archives/edgar/data/827052/000082705201000036/0000827052-01-000036-index.htm",
    "finalLink": "https://www.sec.gov/Archives/edgar/data/827052/000082705201000036/0000827052-01-000036-0001.txt"
  },
  {
    "date": "2000-09-30",
    "symbol": "EIX",
    "reportedCurrency": "USD",
    "cik": "0000827052",
    "fillingDate": "2000-11-14",
    "acceptedDate": "2000-11-14 00:00:00",
    "calendarYear": "2000",
    "period": "Q3",
    "revenue": 3653203000,
    "costOfRevenue": 2251202000,
    "grossProfit": 1402001000,
    "grossProfitRatio": 0.383773089,
    "researchAndDevelopmentExpenses": 0,
    "generalAndAdministrativeExpenses": 0,
    "sellingAndMarketingExpenses": 0,
    "sellingGeneralAndAdministrativeExpenses": 0,
    "otherExpenses": 440342000,
    "operatingExpenses": 440342000,
    "costAndExpenses": 2691544000,
    "interestIncome": 0,
    "interestExpense": 0,
    "depreciationAndAmortization": 576946000,
    "ebitda": 1538605000,
    "ebitdaratio": 0.4211660288,
    "operatingIncome": 961659000,
    "operatingIncomeRatio": 0.2632372195,
    "totalOtherIncomeExpensesNet": -328888000,
    "incomeBeforeTax": 632771000,
    "incomeBeforeTaxRatio": 0.1732099202,
    "incomeTaxExpense": 272620000,
    "netIncome": 360151000,
    "netIncomeRatio": 0.0985849951,
    "eps": 1.11,
    "epsdiluted": 1.1,
    "weightedAverageShsOut": 325811000,
    "weightedAverageShsOutDil": 327410000,
    "link": "https://www.sec.gov/Archives/edgar/data/827052/000082705200000106/0000827052-00-000106-index.htm",
    "finalLink": "https://www.sec.gov/Archives/edgar/data/827052/000082705200000106/0000827052-00-000106-0001.txt"
  },
  {
    "date": "2000-06-30",
    "symbol": "EIX",
    "reportedCurrency": "USD",
    "cik": "0000827052",
    "fillingDate": "2000-08-11",
    "acceptedDate": "2000-08-11 00:00:00",
    "calendarYear": "2000",
    "period": "Q2",
    "revenue": 2749164000,
    "costOfRevenue": 945578000,
    "grossProfit": 1803586000,
    "grossProfitRatio": 0.6560488934,
    "researchAndDevelopmentExpenses": 0,
    "generalAndAdministrativeExpenses": 0,
    "sellingAndMarketingExpenses": 0,
    "sellingGeneralAndAdministrativeExpenses": 0,
    "otherExpenses": 1247000000,
    "operatingExpenses": 1247000000,
    "costAndExpenses": 2193000000,
    "interestIncome": 0,
    "interestExpense": 0,
    "depreciationAndAmortization": 534000000,
    "ebitda": 1090000000,
    "ebitdaratio": 0.3964841676,
    "operatingIncome": 556000000,
    "operatingIncomeRatio": 0.2022433001,
    "totalOtherIncomeExpensesNet": -327000000,
    "incomeBeforeTax": 229500000,
    "incomeBeforeTaxRatio": 0.0834799234,
    "incomeTaxExpense": 92333000,
    "netIncome": 137000000,
    "netIncomeRatio": 0.0498333312,
    "eps": 0.41,
    "epsdiluted": 0.41,
    "weightedAverageShsOut": 334146341,
    "weightedAverageShsOutDil": 334146341,
    "link": "https://www.sec.gov/Archives/edgar/data/827052/000082705200000063/0000827052-00-000063-index.htm",
    "finalLink": "https://www.sec.gov/Archives/edgar/data/827052/000082705200000063/0000827052-00-000063-0001.txt"
  },
  {
    "date": "2000-03-31",
    "symbol": "EIX",
    "reportedCurrency": "USD",
    "cik": "0000827052",
    "fillingDate": "2000-05-12",
    "acceptedDate": "2000-05-12 00:00:00",
    "calendarYear": "2000",
    "period": "Q1",
    "revenue": 2723320000,
    "costOfRevenue": 835725000,
    "grossProfit": 1887595000,
    "grossProfitRatio": 0.6931227325,
    "researchAndDevelopmentExpenses": 0,
    "generalAndAdministrativeExpenses": 0,
    "sellingAndMarketingExpenses": 0,
    "sellingGeneralAndAdministrativeExpenses": 0,
    "otherExpenses": 1365000000,
    "operatingExpenses": 1365000000,
    "costAndExpenses": 2201000000,
    "interestIncome": 0,
    "interestExpense": 0,
    "depreciationAndAmortization": 537000000,
    "ebitda": 1059000000,
    "ebitdaratio": 0.388863593,
    "operatingIncome": 522000000,
    "operatingIncomeRatio": 0.191677805,
    "totalOtherIncomeExpensesNet": -323000000,
    "incomeBeforeTax": 198705000,
    "incomeBeforeTaxRatio": 0.0729642495,
    "incomeTaxExpense": 89164000,
    "netIncome": 110000000,
    "netIncomeRatio": 0.0403918746,
    "eps": 0.32,
    "epsdiluted": 0.32,
    "weightedAverageShsOut": 343750000,
    "weightedAverageShsOutDil": 343750000,
    "link": "https://www.sec.gov/Archives/edgar/data/827052/000082705200000059/0000827052-00-000059-index.html",
    "finalLink": "https://www.sec.gov/Archives/edgar/data/827052/000082705200000059/"
  },
  {
    "date": "1999-12-31",
    "symbol": "EIX",
    "reportedCurrency": "USD",
    "cik": "0000827052",
    "fillingDate": "2000-03-29",
    "acceptedDate": "2000-03-29 00:00:00",
    "calendarYear": "1999",
    "period": "Q4",
    "revenue": 2509300000,
    "costOfRevenue": 1059000000,
    "grossProfit": 1450300000,
    "grossProfitRatio": 0.5779699518,
    "researchAndDevelopmentExpenses": 0,
    "generalAndAdministrativeExpenses": 0,
    "sellingAndMarketingExpenses": 0,
    "sellingGeneralAndAdministrativeExpenses": 0,
    "otherExpenses": 1328200000,
    "operatingExpenses": 1328200000,
    "costAndExpenses": 2387200000,
    "interestIncome": 0,
    "interestExpense": 0,
    "depreciationAndAmortization": 0,
    "ebitda": 619200000,
    "ebitdaratio": 0.2467620452,
    "operatingIncome": 122100000,
    "operatingIncomeRatio": 0.0486589886,
    "totalOtherIncomeExpensesNet": -45900000,
    "incomeBeforeTax": 76200000,
    "incomeBeforeTaxRatio": 0.0303670346,
    "incomeTaxExpense": -19900000,
    "netIncome": 96100000,
    "netIncomeRatio": 0.0382975332,
    "eps": 0.28,
    "epsdiluted": 0.28,
    "weightedAverageShsOut": 345000000,
    "weightedAverageShsOutDil": 345000000,
    "link": "https://www.sec.gov/Archives/edgar/data/827052/000082705200000050/0000827052-00-000050-index.html",
    "finalLink": "https://www.sec.gov/Archives/edgar/data/827052/000082705200000050/"
  },
  {
    "date": "1999-09-30",
    "symbol": "EIX",
    "reportedCurrency": "USD",
    "cik": "0000827052",
    "fillingDate": "1999-11-10",
    "acceptedDate": "1999-11-10 00:00:00",
    "calendarYear": "1999",
    "period": "Q3",
    "revenue": 2957000000,
    "costOfRevenue": 1315200000,
    "grossProfit": 1641800000,
    "grossProfitRatio": 0.5552248901,
    "researchAndDevelopmentExpenses": 0,
    "generalAndAdministrativeExpenses": 0,
    "sellingAndMarketingExpenses": 0,
    "sellingGeneralAndAdministrativeExpenses": 0,
    "otherExpenses": 1201000000,
    "operatingExpenses": 1201000000,
    "costAndExpenses": 2516200000,
    "interestIncome": 0,
    "interestExpense": 0,
    "depreciationAndAmortization": 512900000,
    "ebitda": 953700000,
    "ebitdaratio": 0.3225228272,
    "operatingIncome": 440800000,
    "operatingIncomeRatio": 0.1490700034,
    "totalOtherIncomeExpensesNet": -39300000,
    "incomeBeforeTax": 401500000,
    "incomeBeforeTaxRatio": 0.1357795063,
    "incomeTaxExpense": 146200000,
    "netIncome": 255300000,
    "netIncomeRatio": 0.0863375042,
    "eps": 0.74,
    "epsdiluted": 0.73,
    "weightedAverageShsOut": 345000000,
    "weightedAverageShsOutDil": 349726027,
    "link": "https://www.sec.gov/Archives/edgar/data/827052/000082705299000105/0000827052-99-000105-index.html",
    "finalLink": "https://www.sec.gov/Archives/edgar/data/827052/000082705299000105/"
  },
  {
    "date": "1999-06-30",
    "symbol": "EIX",
    "reportedCurrency": "USD",
    "cik": "0000827052",
    "fillingDate": "1999-08-12",
    "acceptedDate": "1999-08-12 00:00:00",
    "calendarYear": "1999",
    "period": "Q2",
    "revenue": 2116000000,
    "costOfRevenue": 638600000,
    "grossProfit": 1477400000,
    "grossProfitRatio": 0.6982041588,
    "researchAndDevelopmentExpenses": 0,
    "generalAndAdministrativeExpenses": 0,
    "sellingAndMarketingExpenses": 0,
    "sellingGeneralAndAdministrativeExpenses": 0,
    "otherExpenses": 1180700000,
    "operatingExpenses": 1180700000,
    "costAndExpenses": 1819300000,
    "interestIncome": 0,
    "interestExpense": 0,
    "depreciationAndAmortization": 451700000,
    "ebitda": 748400000,
    "ebitdaratio": 0.3536862004,
    "operatingIncome": 296700000,
    "operatingIncomeRatio": 0.1402173913,
    "totalOtherIncomeExpensesNet": -101000000,
    "incomeBeforeTax": 195700000,
    "incomeBeforeTaxRatio": 0.0924858223,
    "incomeTaxExpense": 67300000,
    "netIncome": 128400000,
    "netIncomeRatio": 0.0606805293,
    "eps": 0.37,
    "epsdiluted": 0.37,
    "weightedAverageShsOut": 347204000,
    "weightedAverageShsOutDil": 347204000,
    "link": "https://www.sec.gov/Archives/edgar/data/827052/000082705299000075/0000827052-99-000075-index.html",
    "finalLink": "https://www.sec.gov/Archives/edgar/data/827052/000082705299000075/"
  },
  {
    "date": "1999-03-31",
    "symbol": "EIX",
    "reportedCurrency": "USD",
    "cik": "0000827052",
    "fillingDate": "1999-05-13",
    "acceptedDate": "1999-05-13 00:00:00",
    "calendarYear": "1999",
    "period": "Q1",
    "revenue": 2087700000,
    "costOfRevenue": 841300000,
    "grossProfit": 1246400000,
    "grossProfitRatio": 0.5970206447,
    "researchAndDevelopmentExpenses": 0,
    "generalAndAdministrativeExpenses": 0,
    "sellingAndMarketingExpenses": 0,
    "sellingGeneralAndAdministrativeExpenses": 0,
    "otherExpenses": 851579000,
    "operatingExpenses": 851579000,
    "costAndExpenses": 1692879000,
    "interestIncome": 0,
    "interestExpense": 0,
    "depreciationAndAmortization": 444300000,
    "ebitda": 847321000,
    "ebitdaratio": 0.4058633903,
    "operatingIncome": 403021000,
    "operatingIncomeRatio": 0.1930454567,
    "totalOtherIncomeExpensesNet": 116071000,
    "incomeBeforeTax": 228700000,
    "incomeBeforeTaxRatio": 0.1095463908,
    "incomeTaxExpense": 85500000,
    "netIncome": 143211000,
    "netIncomeRatio": 0.0685974996,
    "eps": 0.41,
    "epsdiluted": 0.41,
    "weightedAverageShsOut": 349295122,
    "weightedAverageShsOutDil": 349295122,
    "link": "https://www.sec.gov/Archives/edgar/data/827052/000009210399000006/0000092103-99-000006-index.html",
    "finalLink": "https://www.sec.gov/Archives/edgar/data/827052/"
  },
  {
    "date": "1998-12-31",
    "symbol": "EIX",
    "reportedCurrency": "USD",
    "cik": "0000827052",
    "fillingDate": "1999-03-24",
    "acceptedDate": "1999-03-24 00:00:00",
    "calendarYear": "1998",
    "period": "Q4",
    "revenue": 2614900000,
    "costOfRevenue": 1307000000,
    "grossProfit": 1307900000,
    "grossProfitRatio": 0.5001720907,
    "researchAndDevelopmentExpenses": 0,
    "generalAndAdministrativeExpenses": 0,
    "sellingAndMarketingExpenses": 0,
    "sellingGeneralAndAdministrativeExpenses": 0,
    "otherExpenses": 1103200000,
    "operatingExpenses": 1103200000,
    "costAndExpenses": 2410200000,
    "interestIncome": 0,
    "interestExpense": 0,
    "depreciationAndAmortization": 0,
    "ebitda": 687600000,
    "ebitdaratio": 0.2629546063,
    "operatingIncome": 204700000,
    "operatingIncomeRatio": 0.0782821523,
    "totalOtherIncomeExpensesNet": 1400000,
    "incomeBeforeTax": 206100000,
    "incomeBeforeTaxRatio": 0.0788175456,
    "incomeTaxExpense": 43500000,
    "netIncome": 162600000,
    "netIncomeRatio": 0.0621821102,
    "eps": 0.46,
    "epsdiluted": 0.46,
    "weightedAverageShsOut": 352571429,
    "weightedAverageShsOutDil": 354590164,
    "link": "https://www.sec.gov/Archives/edgar/data/827052/000082705299000048/0000827052-99-000048-index.html",
    "finalLink": "https://www.sec.gov/Archives/edgar/data/827052/"
  },
  {
    "date": "1998-09-30",
    "symbol": "EIX",
    "reportedCurrency": "USD",
    "cik": "0000827052",
    "fillingDate": "1998-11-02",
    "acceptedDate": "1998-11-02 00:00:00",
    "calendarYear": "1998",
    "period": "Q3",
    "revenue": 3440800000,
    "costOfRevenue": 2090800000,
    "grossProfit": 1350000000,
    "grossProfitRatio": 0.3923506161,
    "researchAndDevelopmentExpenses": 0,
    "generalAndAdministrativeExpenses": 0,
    "sellingAndMarketingExpenses": 0,
    "sellingGeneralAndAdministrativeExpenses": 0,
    "otherExpenses": 1262300000,
    "operatingExpenses": 1262300000,
    "costAndExpenses": 2665800000,
    "interestIncome": 0,
    "interestExpense": 188900000,
    "depreciationAndAmortization": 0,
    "ebitda": 544200000,
    "ebitdaratio": 0.1581608928,
    "operatingIncome": 87800000,
    "operatingIncomeRatio": 0.0255173216,
    "totalOtherIncomeExpensesNet": 304300000,
    "incomeBeforeTax": 392100000,
    "incomeBeforeTaxRatio": 0.1139560567,
    "incomeTaxExpense": 175800000,
    "netIncome": 216300000,
    "netIncomeRatio": 0.0628632876,
    "eps": 0.61,
    "epsdiluted": 0.6,
    "weightedAverageShsOut": 354590164,
    "weightedAverageShsOutDil": 360500000,
    "link": "https://www.sec.gov/Archives/edgar/data/827052/000082705298000074/0000827052-98-000074-index.html",
    "finalLink": "https://www.sec.gov/Archives/edgar/data/827052/"
  },
  {
    "date": "1998-06-30",
    "symbol": "EIX",
    "reportedCurrency": "USD",
    "cik": "0000827052",
    "fillingDate": "1998-08-13",
    "acceptedDate": "1998-08-13 00:00:00",
    "calendarYear": "1998",
    "period": "Q2",
    "revenue": 2242700000,
    "costOfRevenue": 969500000,
    "grossProfit": 1273200000,
    "grossProfitRatio": 0.5677085656,
    "researchAndDevelopmentExpenses": 0,
    "generalAndAdministrativeExpenses": 0,
    "sellingAndMarketingExpenses": 0,
    "sellingGeneralAndAdministrativeExpenses": 0,
    "otherExpenses": 413500000,
    "operatingExpenses": 413500000,
    "costAndExpenses": 1079300000,
    "interestIncome": 0,
    "interestExpense": 0,
    "depreciationAndAmortization": 0,
    "ebitda": 1312000000,
    "ebitdaratio": 0.5850091408,
    "operatingIncome": 859700000,
    "operatingIncomeRatio": 0.3833325902,
    "totalOtherIncomeExpensesNet": -615400000,
    "incomeBeforeTax": 244300000,
    "incomeBeforeTaxRatio": 0.108931199,
    "incomeTaxExpense": 99000000,
    "netIncome": 145300000,
    "netIncomeRatio": 0.0647879788,
    "eps": 0.4,
    "epsdiluted": 0.4,
    "weightedAverageShsOut": 363250000,
    "weightedAverageShsOutDil": 363250000,
    "link": "https://www.sec.gov/Archives/edgar/data/827052/000082705298000060/0000827052-98-000060-index.html",
    "finalLink": "https://www.sec.gov/Archives/edgar/data/827052/"
  },
  {
    "date": "1998-03-31",
    "symbol": "EIX",
    "reportedCurrency": "USD",
    "cik": "0000827052",
    "fillingDate": "1998-05-12",
    "acceptedDate": "1998-05-12 00:00:00",
    "calendarYear": "1998",
    "period": "Q1",
    "revenue": 1909600000,
    "costOfRevenue": 743800000,
    "grossProfit": 1165800000,
    "grossProfitRatio": 0.6104943444,
    "researchAndDevelopmentExpenses": 0,
    "generalAndAdministrativeExpenses": 0,
    "sellingAndMarketingExpenses": 0,
    "sellingGeneralAndAdministrativeExpenses": 0,
    "otherExpenses": 1007100000,
    "operatingExpenses": 1007100000,
    "costAndExpenses": 1750900000,
    "interestIncome": 0,
    "interestExpense": 0,
    "depreciationAndAmortization": 0,
    "ebitda": 598100000,
    "ebitdaratio": 0.3132069543,
    "operatingIncome": 158700000,
    "operatingIncomeRatio": 0.0831064097,
    "totalOtherIncomeExpensesNet": 122000000,
    "incomeBeforeTax": 280700000,
    "incomeBeforeTaxRatio": 0.1469941349,
    "incomeTaxExpense": 136700000,
    "netIncome": 144000000,
    "netIncomeRatio": 0.0754084625,
    "eps": 0.39,
    "epsdiluted": 0.38,
    "weightedAverageShsOut": 369230769,
    "weightedAverageShsOutDil": 378947368,
    "link": "https://www.sec.gov/Archives/edgar/data/827052/0000827052-98-000039-index.html",
    "finalLink": "https://www.sec.gov/Archives/edgar/data/827052/0000827052-98-000039.txt"
  },
  {
    "date": "1997-12-31",
    "symbol": "EIX",
    "reportedCurrency": "USD",
    "cik": "0000827052",
    "fillingDate": "1998-03-25",
    "acceptedDate": "1998-03-25 00:00:00",
    "calendarYear": "1997",
    "period": "Q4",
    "revenue": 2329300000,
    "costOfRevenue": 953300000,
    "grossProfit": 1376000000,
    "grossProfitRatio": 0.5907354141,
    "researchAndDevelopmentExpenses": 0,
    "generalAndAdministrativeExpenses": 0,
    "sellingAndMarketingExpenses": 0,
    "sellingGeneralAndAdministrativeExpenses": 0,
    "otherExpenses": 1026500000,
    "operatingExpenses": 1026500000,
    "costAndExpenses": 1979800000,
    "interestIncome": 0,
    "interestExpense": 0,
    "depreciationAndAmortization": 0,
    "ebitda": 714100000,
    "ebitdaratio": 0.3065727901,
    "operatingIncome": 349500000,
    "operatingIncomeRatio": 0.1500450779,
    "totalOtherIncomeExpensesNet": -68800000,
    "incomeBeforeTax": 280700000,
    "incomeBeforeTaxRatio": 0.1205083072,
    "incomeTaxExpense": 141300000,
    "netIncome": 139400000,
    "netIncomeRatio": 0.0598463058,
    "eps": 0.35,
    "epsdiluted": 0.35,
    "weightedAverageShsOut": 390071942,
    "weightedAverageShsOutDil": 395428571,
    "link": "https://www.sec.gov/Archives/edgar/data/827052/000082705298000033/0000827052-98-000033-index.html",
    "finalLink": "https://www.sec.gov/Archives/edgar/data/827052/"
  },
  {
    "date": "1997-09-30",
    "symbol": "EIX",
    "reportedCurrency": "USD",
    "cik": "0000827052",
    "fillingDate": "1997-11-13",
    "acceptedDate": "1997-11-13 00:00:00",
    "calendarYear": "1997",
    "period": "Q3",
    "revenue": 2737800000,
    "costOfRevenue": 1363900000,
    "grossProfit": 1373900000,
    "grossProfitRatio": 0.5018262839,
    "researchAndDevelopmentExpenses": 0,
    "generalAndAdministrativeExpenses": 0,
    "sellingAndMarketingExpenses": 0,
    "sellingGeneralAndAdministrativeExpenses": 0,
    "otherExpenses": 902900000,
    "operatingExpenses": 902900000,
    "costAndExpenses": 2266800000,
    "interestIncome": 0,
    "interestExpense": 0,
    "depreciationAndAmortization": 0,
    "ebitda": 838200000,
    "ebitdaratio": 0.3061582292,
    "operatingIncome": 471000000,
    "operatingIncomeRatio": 0.1720359413,
    "totalOtherIncomeExpensesNet": -8100000,
    "incomeBeforeTax": 462900000,
    "incomeBeforeTaxRatio": 0.1690773614,
    "incomeTaxExpense": 186100000,
    "netIncome": 276800000,
    "netIncomeRatio": 0.1011030755,
    "eps": 0.7,
    "epsdiluted": 0.7,
    "weightedAverageShsOut": 395428571,
    "weightedAverageShsOutDil": 395428571,
    "link": "https://www.sec.gov/Archives/edgar/data/827052/000082705297000030/0000827052-97-000030-index.html",
    "finalLink": "https://www.sec.gov/Archives/edgar/data/827052/"
  },
  {
    "date": "1997-06-30",
    "symbol": "EIX",
    "reportedCurrency": "USD",
    "cik": "0000827052",
    "fillingDate": "1997-08-12",
    "acceptedDate": "1997-08-12 00:00:00",
    "calendarYear": "1997",
    "period": "Q2",
    "revenue": 2167200000,
    "costOfRevenue": 782000000,
    "grossProfit": 1385200000,
    "grossProfitRatio": 0.6391657438,
    "researchAndDevelopmentExpenses": 0,
    "generalAndAdministrativeExpenses": 0,
    "sellingAndMarketingExpenses": 0,
    "sellingGeneralAndAdministrativeExpenses": 0,
    "otherExpenses": 946700000,
    "operatingExpenses": 946700000,
    "costAndExpenses": 1728700000,
    "interestIncome": 0,
    "interestExpense": 0,
    "depreciationAndAmortization": 0,
    "ebitda": 803000000,
    "ebitdaratio": 0.3705241787,
    "operatingIncome": 438500000,
    "operatingIncomeRatio": 0.2023348099,
    "totalOtherIncomeExpensesNet": -186000000,
    "incomeBeforeTax": 252500000,
    "incomeBeforeTaxRatio": 0.1165097822,
    "incomeTaxExpense": 113500000,
    "netIncome": 139000000,
    "netIncomeRatio": 0.0641380583,
    "eps": 0.34,
    "epsdiluted": 0.34,
    "weightedAverageShsOut": 408823529,
    "weightedAverageShsOutDil": 408823529,
    "link": "https://www.sec.gov/Archives/edgar/data/827052/000082705297000028/0000827052-97-000028-index.html",
    "finalLink": "https://www.sec.gov/Archives/edgar/data/827052/"
  },
  {
    "date": "1997-03-31",
    "symbol": "EIX",
    "reportedCurrency": "USD",
    "cik": "0000827052",
    "fillingDate": "1997-05-15",
    "acceptedDate": "1997-05-15 00:00:00",
    "calendarYear": "1997",
    "period": "Q1",
    "revenue": 2000700000,
    "costOfRevenue": 828900000,
    "grossProfit": 1171800000,
    "grossProfitRatio": 0.5856950067,
    "researchAndDevelopmentExpenses": 0,
    "generalAndAdministrativeExpenses": 0,
    "sellingAndMarketingExpenses": 0,
    "sellingGeneralAndAdministrativeExpenses": 0,
    "otherExpenses": 806900000,
    "operatingExpenses": 806900000,
    "costAndExpenses": 1635800000,
    "interestIncome": 0,
    "interestExpense": 0,
    "depreciationAndAmortization": 0,
    "ebitda": 718600000,
    "ebitdaratio": 0.359174289,
    "operatingIncome": 364900000,
    "operatingIncomeRatio": 0.1823861648,
    "totalOtherIncomeExpensesNet": -124000000,
    "incomeBeforeTax": 240900000,
    "incomeBeforeTaxRatio": 0.1204078572,
    "incomeTaxExpense": 96100000,
    "netIncome": 144800000,
    "netIncomeRatio": 0.0723746689,
    "eps": 0.35,
    "epsdiluted": 0.35,
    "weightedAverageShsOut": 413714286,
    "weightedAverageShsOutDil": 413714286,
    "link": "https://www.sec.gov/Archives/edgar/data/827052/000082705297000025/0000827052-97-000025-index.html",
    "finalLink": "https://www.sec.gov/Archives/edgar/data/827052/"
  },
  {
    "date": "1996-12-31",
    "symbol": "EIX",
    "reportedCurrency": "USD",
    "cik": "0000827052",
    "fillingDate": "1997-10-17",
    "acceptedDate": "1997-10-17 00:00:00",
    "calendarYear": "1996",
    "period": "Q4",
    "revenue": 2195400000,
    "costOfRevenue": 892100000,
    "grossProfit": 1303300000,
    "grossProfitRatio": 0.5936503598,
    "researchAndDevelopmentExpenses": 0,
    "generalAndAdministrativeExpenses": 0,
    "sellingAndMarketingExpenses": 0,
    "sellingGeneralAndAdministrativeExpenses": 0,
    "otherExpenses": 935600000,
    "operatingExpenses": 935600000,
    "costAndExpenses": 1827700000,
    "interestIncome": 0,
    "interestExpense": 0,
    "depreciationAndAmortization": 0,
    "ebitda": 689000000,
    "ebitdaratio": 0.313838025,
    "operatingIncome": 367700000,
    "operatingIncomeRatio": 0.1674865628,
    "totalOtherIncomeExpensesNet": -154900000,
    "incomeBeforeTax": 212800000,
    "incomeBeforeTaxRatio": 0.0969299444,
    "incomeTaxExpense": 95400000,
    "netIncome": 117400000,
    "netIncomeRatio": 0.0534754487,
    "eps": 0.27,
    "epsdiluted": 0.27,
    "weightedAverageShsOut": 426133429,
    "weightedAverageShsOutDil": 439365079,
    "link": "https://www.sec.gov/Archives/edgar/data/827052/000082705297000029/0000827052-97-000029-index.html",
    "finalLink": "https://www.sec.gov/Archives/edgar/data/827052/"
  },
  {
    "date": "1996-09-30",
    "symbol": "EIX",
    "reportedCurrency": "USD",
    "cik": "0000827052",
    "fillingDate": "1996-11-13",
    "acceptedDate": "1996-11-13 00:00:00",
    "calendarYear": "1996",
    "period": "Q3",
    "revenue": 2568200000,
    "costOfRevenue": 1188000000,
    "grossProfit": 1380200000,
    "grossProfitRatio": 0.5374192041,
    "researchAndDevelopmentExpenses": 0,
    "generalAndAdministrativeExpenses": 0,
    "sellingAndMarketingExpenses": 0,
    "sellingGeneralAndAdministrativeExpenses": 0,
    "otherExpenses": 750000000,
    "operatingExpenses": 750000000,
    "costAndExpenses": 1938000000,
    "interestIncome": 0,
    "interestExpense": 164500000,
    "depreciationAndAmortization": 0,
    "ebitda": 958500000,
    "ebitdaratio": 0.3732185967,
    "operatingIncome": 630200000,
    "operatingIncomeRatio": 0.2453858734,
    "totalOtherIncomeExpensesNet": -125000000,
    "incomeBeforeTax": 505200000,
    "incomeBeforeTaxRatio": 0.1967136516,
    "incomeTaxExpense": 228400000,
    "netIncome": 276800000,
    "netIncomeRatio": 0.1077797679,
    "eps": 0.63,
    "epsdiluted": 0.63,
    "weightedAverageShsOut": 439365079,
    "weightedAverageShsOutDil": 439365079,
    "link": "https://www.sec.gov/Archives/edgar/data/827052/000082705296000041/0000827052-96-000041-index.html",
    "finalLink": "https://www.sec.gov/Archives/edgar/data/827052/"
  },
  {
    "date": "1996-06-30",
    "symbol": "EIX",
    "reportedCurrency": "USD",
    "cik": "0000827052",
    "fillingDate": "1996-08-14",
    "acceptedDate": "1996-08-14 00:00:00",
    "calendarYear": "1996",
    "period": "Q2",
    "revenue": 1813700000,
    "costOfRevenue": 723200000,
    "grossProfit": 1090500000,
    "grossProfitRatio": 0.6012570987,
    "researchAndDevelopmentExpenses": 0,
    "generalAndAdministrativeExpenses": 0,
    "sellingAndMarketingExpenses": 0,
    "sellingGeneralAndAdministrativeExpenses": 0,
    "otherExpenses": 832300000,
    "operatingExpenses": 832300000,
    "costAndExpenses": 1555500000,
    "interestIncome": 0,
    "interestExpense": 0,
    "depreciationAndAmortization": 0,
    "ebitda": 584100000,
    "ebitdaratio": 0.3220488504,
    "operatingIncome": 258200000,
    "operatingIncomeRatio": 0.1423609197,
    "totalOtherIncomeExpensesNet": 25200000,
    "incomeBeforeTax": 283400000,
    "incomeBeforeTaxRatio": 0.156255169,
    "incomeTaxExpense": 127700000,
    "netIncome": 155700000,
    "netIncomeRatio": 0.0858466119,
    "eps": 0.35,
    "epsdiluted": 0.35,
    "weightedAverageShsOut": 444857143,
    "weightedAverageShsOutDil": 444857143,
    "link": "https://www.sec.gov/Archives/edgar/data/827052/000082705296000037/0000827052-96-000037-index.html",
    "finalLink": "https://www.sec.gov/Archives/edgar/data/827052/"
  },
  {
    "date": "1996-03-31",
    "symbol": "EIX",
    "reportedCurrency": "USD",
    "cik": "0000827052",
    "fillingDate": "1996-05-10",
    "acceptedDate": "1996-05-10 00:00:00",
    "calendarYear": "1996",
    "period": "Q1",
    "revenue": 1967700000,
    "costOfRevenue": 670600000,
    "grossProfit": 1297100000,
    "grossProfitRatio": 0.6591960157,
    "researchAndDevelopmentExpenses": 0,
    "generalAndAdministrativeExpenses": 0,
    "sellingAndMarketingExpenses": 0,
    "sellingGeneralAndAdministrativeExpenses": 0,
    "otherExpenses": 738200000,
    "operatingExpenses": 738200000,
    "costAndExpenses": 1408800000,
    "interestIncome": 0,
    "interestExpense": 0,
    "depreciationAndAmortization": 0,
    "ebitda": 852400000,
    "ebitdaratio": 0.4331961173,
    "operatingIncome": 558900000,
    "operatingIncomeRatio": 0.2840372008,
    "totalOtherIncomeExpensesNet": -280300000,
    "incomeBeforeTax": 278600000,
    "incomeBeforeTaxRatio": 0.141586624,
    "incomeTaxExpense": 111500000,
    "netIncome": 167100000,
    "netIncomeRatio": 0.0849214819,
    "eps": 0.38,
    "epsdiluted": 0.37,
    "weightedAverageShsOut": 439736842,
    "weightedAverageShsOutDil": 451621622,
    "link": "https://www.sec.gov/Archives/edgar/data/827052/000082705296000032/0000827052-96-000032-index.html",
    "finalLink": "https://www.sec.gov/Archives/edgar/data/827052/"
  },
  {
    "date": "1995-12-31",
    "symbol": "EIX",
    "reportedCurrency": "USD",
    "cik": "0000827052",
    "fillingDate": "1996-03-27",
    "acceptedDate": "1996-03-27 00:00:00",
    "calendarYear": "1995",
    "period": "Q4",
    "revenue": 2052100000,
    "costOfRevenue": 804600000,
    "grossProfit": 1247500000,
    "grossProfitRatio": 0.6079138444,
    "researchAndDevelopmentExpenses": 0,
    "generalAndAdministrativeExpenses": 0,
    "sellingAndMarketingExpenses": 0,
    "sellingGeneralAndAdministrativeExpenses": 0,
    "otherExpenses": 800000000,
    "operatingExpenses": 800000000,
    "costAndExpenses": 1604600000,
    "interestIncome": 0,
    "interestExpense": 0,
    "depreciationAndAmortization": 0,
    "ebitda": 736900000,
    "ebitdaratio": 0.3590955606,
    "operatingIncome": 447500000,
    "operatingIncomeRatio": 0.2180692949,
    "totalOtherIncomeExpensesNet": -200700000,
    "incomeBeforeTax": 246800000,
    "incomeBeforeTaxRatio": 0.1202670435,
    "incomeTaxExpense": 108800000,
    "netIncome": 138000000,
    "netIncomeRatio": 0.0672481848,
    "eps": 0.31,
    "epsdiluted": 0.31,
    "weightedAverageShsOut": 442461538,
    "weightedAverageShsOutDil": 442461538,
    "link": "https://www.sec.gov/Archives/edgar/data/827052/000082705296000030/0000827052-96-000030-index.html",
    "finalLink": "https://www.sec.gov/Archives/edgar/data/827052/"
  },
  {
    "date": "1995-09-30",
    "symbol": "EIX",
    "reportedCurrency": "USD",
    "cik": "0000827052",
    "fillingDate": "1995-11-13",
    "acceptedDate": "1995-11-13 00:00:00",
    "calendarYear": "1995",
    "period": "Q3",
    "revenue": 2670000000,
    "costOfRevenue": 1131100000,
    "grossProfit": 1538900000,
    "grossProfitRatio": 0.5763670412,
    "researchAndDevelopmentExpenses": 0,
    "generalAndAdministrativeExpenses": 0,
    "sellingAndMarketingExpenses": 0,
    "sellingGeneralAndAdministrativeExpenses": 0,
    "otherExpenses": 741500000,
    "operatingExpenses": 741500000,
    "costAndExpenses": 1872600000,
    "interestIncome": 0,
    "interestExpense": 0,
    "depreciationAndAmortization": 0,
    "ebitda": 1073800000,
    "ebitdaratio": 0.4021722846,
    "operatingIncome": 797400000,
    "operatingIncomeRatio": 0.2986516854,
    "totalOtherIncomeExpensesNet": -307200000,
    "incomeBeforeTax": 490200000,
    "incomeBeforeTaxRatio": 0.1835955056,
    "incomeTaxExpense": 202600000,
    "netIncome": 287600000,
    "netIncomeRatio": 0.1077153558,
    "eps": 0.65,
    "epsdiluted": 0.65,
    "weightedAverageShsOut": 442461538,
    "weightedAverageShsOutDil": 442461538,
    "link": "https://www.sec.gov/Archives/edgar/data/827052/000082705295000026/0000827052-95-000026-index.html",
    "finalLink": "https://www.sec.gov/Archives/edgar/data/827052/"
  }
]