[
  {
    "date": "2025-06-30",
    "symbol": "EL",
    "reportedCurrency": "USD",
    "cik": "0001001250",
    "fillingDate": "2025-08-20",
    "acceptedDate": "2025-08-20 12:27:37",
    "calendarYear": "2025",
    "period": "Q4",
    "revenue": 3407000000,
    "costOfRevenue": 955000000,
    "grossProfit": 2456000000,
    "grossProfitRatio": 0.7208687995,
    "researchAndDevelopmentExpenses": 0,
    "generalAndAdministrativeExpenses": 0,
    "sellingAndMarketingExpenses": 0,
    "sellingGeneralAndAdministrativeExpenses": 2444000000,
    "otherExpenses": 0,
    "operatingExpenses": 2444000000,
    "costAndExpenses": 3399000000,
    "interestIncome": 29000000,
    "interestExpense": 135000000,
    "depreciationAndAmortization": 221000000,
    "ebitda": -123000000,
    "ebitdaratio": -0.0361021426,
    "operatingIncome": 8000000,
    "operatingIncomeRatio": 0.0023481068,
    "totalOtherIncomeExpensesNet": -459000000,
    "incomeBeforeTax": -451000000,
    "incomeBeforeTaxRatio": -0.132374523,
    "incomeTaxExpense": 95000000,
    "netIncome": -546000000,
    "netIncomeRatio": -0.1602582918,
    "eps": -1.51,
    "epsdiluted": -1.51,
    "weightedAverageShsOut": 360700000,
    "weightedAverageShsOutDil": 360700000,
    "link": "https://www.sec.gov/Archives/edgar/data/1001250/000100125025000099/0001001250-25-000099-index.htm",
    "finalLink": "https://www.sec.gov/Archives/edgar/data/1001250/000100125025000099/el-20250630.htm"
  },
  {
    "date": "2025-03-31",
    "symbol": "EL",
    "reportedCurrency": "USD",
    "cik": "0001001250",
    "fillingDate": "2025-05-01",
    "acceptedDate": "2025-05-01 12:01:58",
    "calendarYear": "2025",
    "period": "Q3",
    "revenue": 3550000000,
    "costOfRevenue": 889000000,
    "grossProfit": 2661000000,
    "grossProfitRatio": 0.7495774648,
    "researchAndDevelopmentExpenses": 0,
    "generalAndAdministrativeExpenses": 0,
    "sellingAndMarketingExpenses": 0,
    "sellingGeneralAndAdministrativeExpenses": 2258000000,
    "otherExpenses": 97000000,
    "operatingExpenses": 2355000000,
    "costAndExpenses": 3244000000,
    "interestIncome": 27000000,
    "interestExpense": 87000000,
    "depreciationAndAmortization": 204000000,
    "ebitda": 532000000,
    "ebitdaratio": 0.1498591549,
    "operatingIncome": 306000000,
    "operatingIncomeRatio": 0.0861971831,
    "totalOtherIncomeExpensesNet": -65000000,
    "incomeBeforeTax": 241000000,
    "incomeBeforeTaxRatio": 0.0678873239,
    "incomeTaxExpense": 82000000,
    "netIncome": 159000000,
    "netIncomeRatio": 0.0447887324,
    "eps": 0.44,
    "epsdiluted": 0.44,
    "weightedAverageShsOut": 360300000,
    "weightedAverageShsOutDil": 361400000,
    "link": "https://www.sec.gov/Archives/edgar/data/1001250/000100125025000060/0001001250-25-000060-index.htm",
    "finalLink": "https://www.sec.gov/Archives/edgar/data/1001250/000100125025000060/el-20250331.htm"
  },
  {
    "date": "2024-12-31",
    "symbol": "EL",
    "reportedCurrency": "USD",
    "cik": "0001001250",
    "fillingDate": "2025-02-04",
    "acceptedDate": "2025-02-04 12:47:06",
    "calendarYear": "2025",
    "period": "Q2",
    "revenue": 4004000000,
    "costOfRevenue": 957000000,
    "grossProfit": 3047000000,
    "grossProfitRatio": 0.760989011,
    "researchAndDevelopmentExpenses": 0,
    "generalAndAdministrativeExpenses": 0,
    "sellingAndMarketingExpenses": 0,
    "sellingGeneralAndAdministrativeExpenses": 2585000000,
    "otherExpenses": 1042000000,
    "operatingExpenses": 3627000000,
    "costAndExpenses": 4584000000,
    "interestIncome": 23000000,
    "interestExpense": 90000000,
    "depreciationAndAmortization": 207000000,
    "ebitda": -353000000,
    "ebitdaratio": -0.0881618382,
    "operatingIncome": -580000000,
    "operatingIncomeRatio": -0.1448551449,
    "totalOtherIncomeExpensesNet": -70000000,
    "incomeBeforeTax": -650000000,
    "incomeBeforeTaxRatio": -0.1623376623,
    "incomeTaxExpense": -60000000,
    "netIncome": -590000000,
    "netIncomeRatio": -0.1473526474,
    "eps": -1.64,
    "epsdiluted": -1.64,
    "weightedAverageShsOut": 360000000,
    "weightedAverageShsOutDil": 360000000,
    "link": "https://www.sec.gov/Archives/edgar/data/1001250/000100125025000011/0001001250-25-000011-index.htm",
    "finalLink": "https://www.sec.gov/Archives/edgar/data/1001250/000100125025000011/el-20241231.htm"
  },
  {
    "date": "2024-09-30",
    "symbol": "EL",
    "reportedCurrency": "USD",
    "cik": "0001001250",
    "fillingDate": "2024-10-31",
    "acceptedDate": "2024-10-31 12:02:53",
    "calendarYear": "2025",
    "period": "Q1",
    "revenue": 3361000000,
    "costOfRevenue": 928000000,
    "grossProfit": 2433000000,
    "grossProfitRatio": 0.7238916989,
    "researchAndDevelopmentExpenses": 0,
    "generalAndAdministrativeExpenses": 0,
    "sellingAndMarketingExpenses": 0,
    "sellingGeneralAndAdministrativeExpenses": 2298000000,
    "otherExpenses": 256000000,
    "operatingExpenses": 2554000000,
    "costAndExpenses": 3482000000,
    "interestIncome": 35000000,
    "interestExpense": 92000000,
    "depreciationAndAmortization": 208000000,
    "ebitda": 120000000,
    "ebitdaratio": 0.0357036596,
    "operatingIncome": -121000000,
    "operatingIncomeRatio": -0.0360011901,
    "totalOtherIncomeExpensesNet": -59000000,
    "incomeBeforeTax": -180000000,
    "incomeBeforeTaxRatio": -0.0535554894,
    "incomeTaxExpense": -24000000,
    "netIncome": -156000000,
    "netIncomeRatio": -0.0464147575,
    "eps": -0.43,
    "epsdiluted": -0.43,
    "weightedAverageShsOut": 359600000,
    "weightedAverageShsOutDil": 359600000,
    "link": "https://www.sec.gov/Archives/edgar/data/1001250/000100125024000177/0001001250-24-000177-index.htm",
    "finalLink": "https://www.sec.gov/Archives/edgar/data/1001250/000100125024000177/el-20240930.htm"
  },
  {
    "date": "2024-06-30",
    "symbol": "EL",
    "reportedCurrency": "USD",
    "cik": "0001001250",
    "fillingDate": "2024-08-19",
    "acceptedDate": "2024-08-19 12:59:14",
    "calendarYear": "2024",
    "period": "Q4",
    "revenue": 3871000000,
    "costOfRevenue": 1093000000,
    "grossProfit": 2778000000,
    "grossProfitRatio": 0.7176440196,
    "researchAndDevelopmentExpenses": 0,
    "generalAndAdministrativeExpenses": 0,
    "sellingAndMarketingExpenses": 0,
    "sellingGeneralAndAdministrativeExpenses": 2444000000,
    "otherExpenses": 567000000,
    "operatingExpenses": 3011000000,
    "costAndExpenses": 4104000000,
    "interestIncome": 41000000,
    "interestExpense": 91000000,
    "depreciationAndAmortization": 211000000,
    "ebitda": 23000000,
    "ebitdaratio": 0.0059416172,
    "operatingIncome": -233000000,
    "operatingIncomeRatio": -0.0601911651,
    "totalOtherIncomeExpensesNet": -46000000,
    "incomeBeforeTax": -279000000,
    "incomeBeforeTaxRatio": -0.0720743994,
    "incomeTaxExpense": 7000000,
    "netIncome": -284000000,
    "netIncomeRatio": -0.0733660553,
    "eps": -0.79,
    "epsdiluted": -0.79,
    "weightedAverageShsOut": 359400000,
    "weightedAverageShsOutDil": 359400000,
    "link": "https://www.sec.gov/Archives/edgar/data/1001250/000100125024000116/0001001250-24-000116-index.htm",
    "finalLink": "https://www.sec.gov/Archives/edgar/data/1001250/000100125024000116/el-20240630.htm"
  },
  {
    "date": "2024-03-31",
    "symbol": "EL",
    "reportedCurrency": "USD",
    "cik": "0001001250",
    "fillingDate": "2024-05-01",
    "acceptedDate": "2024-05-01 13:06:35",
    "calendarYear": "2024",
    "period": "Q3",
    "revenue": 3940000000,
    "costOfRevenue": 1107000000,
    "grossProfit": 2833000000,
    "grossProfitRatio": 0.719035533,
    "researchAndDevelopmentExpenses": 0,
    "generalAndAdministrativeExpenses": 0,
    "sellingAndMarketingExpenses": 0,
    "sellingGeneralAndAdministrativeExpenses": 2284000000,
    "otherExpenses": 18000000,
    "operatingExpenses": 2302000000,
    "costAndExpenses": 3409000000,
    "interestIncome": 45000000,
    "interestExpense": 94000000,
    "depreciationAndAmortization": 206000000,
    "ebitda": 786000000,
    "ebitdaratio": 0.1994923858,
    "operatingIncome": 531000000,
    "operatingIncomeRatio": 0.1347715736,
    "totalOtherIncomeExpensesNet": -45000000,
    "incomeBeforeTax": 486000000,
    "incomeBeforeTaxRatio": 0.1233502538,
    "incomeTaxExpense": 151000000,
    "netIncome": 330000000,
    "netIncomeRatio": 0.0837563452,
    "eps": 0.92,
    "epsdiluted": 0.91,
    "weightedAverageShsOut": 359100000,
    "weightedAverageShsOutDil": 360800000,
    "link": "https://www.sec.gov/Archives/edgar/data/1001250/000100125024000049/0001001250-24-000049-index.htm",
    "finalLink": "https://www.sec.gov/Archives/edgar/data/1001250/000100125024000049/el-20240331.htm"
  },
  {
    "date": "2023-12-31",
    "symbol": "EL",
    "reportedCurrency": "USD",
    "cik": "0001001250",
    "fillingDate": "2024-02-05",
    "acceptedDate": "2024-02-05 12:01:24",
    "calendarYear": "2024",
    "period": "Q2",
    "revenue": 4279000000,
    "costOfRevenue": 1154000000,
    "grossProfit": 3125000000,
    "grossProfitRatio": 0.7303108203,
    "researchAndDevelopmentExpenses": 0,
    "generalAndAdministrativeExpenses": 0,
    "sellingAndMarketingExpenses": 0,
    "sellingGeneralAndAdministrativeExpenses": 2544000000,
    "otherExpenses": 7000000,
    "operatingExpenses": 2551000000,
    "costAndExpenses": 3705000000,
    "interestIncome": 40000000,
    "interestExpense": 98000000,
    "depreciationAndAmortization": 205000000,
    "ebitda": 822000000,
    "ebitdaratio": 0.1921009582,
    "operatingIncome": 574000000,
    "operatingIncomeRatio": 0.1341434915,
    "totalOtherIncomeExpensesNet": -55000000,
    "incomeBeforeTax": 519000000,
    "incomeBeforeTaxRatio": 0.121290021,
    "incomeTaxExpense": 195000000,
    "netIncome": 313000000,
    "netIncomeRatio": 0.0731479318,
    "eps": 0.87,
    "epsdiluted": 0.87,
    "weightedAverageShsOut": 358700000,
    "weightedAverageShsOutDil": 360000000,
    "link": "https://www.sec.gov/Archives/edgar/data/1001250/000100125024000007/0001001250-24-000007-index.htm",
    "finalLink": "https://www.sec.gov/Archives/edgar/data/1001250/000100125024000007/el-20231231.htm"
  },
  {
    "date": "2023-09-30",
    "symbol": "EL",
    "reportedCurrency": "USD",
    "cik": "0001001250",
    "fillingDate": "2023-11-01",
    "acceptedDate": "2023-11-01 12:19:24",
    "calendarYear": "2024",
    "period": "Q1",
    "revenue": 3518000000,
    "costOfRevenue": 1070000000,
    "grossProfit": 2448000000,
    "grossProfitRatio": 0.6958499147,
    "researchAndDevelopmentExpenses": 0,
    "generalAndAdministrativeExpenses": 0,
    "sellingAndMarketingExpenses": 0,
    "sellingGeneralAndAdministrativeExpenses": 2349000000,
    "otherExpenses": 1000000,
    "operatingExpenses": 2350000000,
    "costAndExpenses": 3420000000,
    "interestIncome": 41000000,
    "interestExpense": 95000000,
    "depreciationAndAmortization": 203000000,
    "ebitda": 344000000,
    "ebitdaratio": 0.0977828312,
    "operatingIncome": 98000000,
    "operatingIncomeRatio": 0.0278567368,
    "totalOtherIncomeExpensesNet": -52000000,
    "incomeBeforeTax": 46000000,
    "incomeBeforeTaxRatio": 0.0130756111,
    "incomeTaxExpense": 10000000,
    "netIncome": 31000000,
    "netIncomeRatio": 0.0088118249,
    "eps": 0.0865,
    "epsdiluted": 0.086,
    "weightedAverageShsOut": 358400000,
    "weightedAverageShsOutDil": 360500000,
    "link": "https://www.sec.gov/Archives/edgar/data/1001250/000100125023000177/0001001250-23-000177-index.htm",
    "finalLink": "https://www.sec.gov/Archives/edgar/data/1001250/000100125023000177/el-20230930.htm"
  },
  {
    "date": "2023-06-30",
    "symbol": "EL",
    "reportedCurrency": "USD",
    "cik": "0001001250",
    "fillingDate": "2023-08-18",
    "acceptedDate": "2023-08-18 14:09:00",
    "calendarYear": "2023",
    "period": "Q4",
    "revenue": 3609000000,
    "costOfRevenue": 1163000000,
    "grossProfit": 2446000000,
    "grossProfitRatio": 0.6777500693,
    "researchAndDevelopmentExpenses": 0,
    "generalAndAdministrativeExpenses": 7155000000,
    "sellingAndMarketingExpenses": -4735000000,
    "sellingGeneralAndAdministrativeExpenses": 2420000000,
    "otherExpenses": 31000000,
    "operatingExpenses": 2451000000,
    "costAndExpenses": 3614000000,
    "interestIncome": 53000000,
    "interestExpense": 99000000,
    "depreciationAndAmortization": 196000000,
    "ebitda": 247000000,
    "ebitdaratio": 0.0684400111,
    "operatingIncome": -5000000,
    "operatingIncomeRatio": -0.0013854253,
    "totalOtherIncomeExpensesNet": -43000000,
    "incomeBeforeTax": -48000000,
    "incomeBeforeTaxRatio": -0.0133000831,
    "incomeTaxExpense": -16000000,
    "netIncome": -33000000,
    "netIncomeRatio": -0.0091438071,
    "eps": -0.0921,
    "epsdiluted": -0.0921,
    "weightedAverageShsOut": 358300000,
    "weightedAverageShsOutDil": 358300000,
    "link": "https://www.sec.gov/Archives/edgar/data/1001250/000100125023000112/0001001250-23-000112-index.htm",
    "finalLink": "https://www.sec.gov/Archives/edgar/data/1001250/000100125023000112/el-20230630.htm"
  },
  {
    "date": "2023-03-31",
    "symbol": "EL",
    "reportedCurrency": "USD",
    "cik": "0001001250",
    "fillingDate": "2023-05-03",
    "acceptedDate": "2023-05-03 12:50:49",
    "calendarYear": "2023",
    "period": "Q3",
    "revenue": 3751000000,
    "costOfRevenue": 1159000000,
    "grossProfit": 2592000000,
    "grossProfitRatio": 0.6910157291,
    "researchAndDevelopmentExpenses": 0,
    "generalAndAdministrativeExpenses": 0,
    "sellingAndMarketingExpenses": 0,
    "sellingGeneralAndAdministrativeExpenses": 2281000000,
    "otherExpenses": 14000000,
    "operatingExpenses": 2295000000,
    "costAndExpenses": 3454000000,
    "interestIncome": 37000000,
    "interestExpense": 58000000,
    "depreciationAndAmortization": 189000000,
    "ebitda": 527000000,
    "ebitdaratio": 0.1404958678,
    "operatingIncome": 297000000,
    "operatingIncomeRatio": 0.0791788856,
    "totalOtherIncomeExpensesNet": -17000000,
    "incomeBeforeTax": 280000000,
    "incomeBeforeTaxRatio": 0.0746467609,
    "incomeTaxExpense": 125000000,
    "netIncome": 156000000,
    "netIncomeRatio": 0.0415889096,
    "eps": 0.44,
    "epsdiluted": 0.43,
    "weightedAverageShsOut": 357900000,
    "weightedAverageShsOutDil": 361200000,
    "link": "https://www.sec.gov/Archives/edgar/data/1001250/000100125023000054/0001001250-23-000054-index.htm",
    "finalLink": "https://www.sec.gov/Archives/edgar/data/1001250/000100125023000054/el-20230331.htm"
  },
  {
    "date": "2022-12-31",
    "symbol": "EL",
    "reportedCurrency": "USD",
    "cik": "0001001250",
    "fillingDate": "2023-02-02",
    "acceptedDate": "2023-02-02 12:04:19",
    "calendarYear": "2023",
    "period": "Q2",
    "revenue": 4620000000,
    "costOfRevenue": 1219000000,
    "grossProfit": 3401000000,
    "grossProfitRatio": 0.7361471861,
    "researchAndDevelopmentExpenses": 0,
    "generalAndAdministrativeExpenses": 2630000000,
    "sellingAndMarketingExpenses": 0,
    "sellingGeneralAndAdministrativeExpenses": 2630000000,
    "otherExpenses": 215000000,
    "operatingExpenses": 2845000000,
    "costAndExpenses": 4064000000,
    "interestIncome": 26000000,
    "interestExpense": 52000000,
    "depreciationAndAmortization": 181000000,
    "ebitda": 765000000,
    "ebitdaratio": 0.1655844156,
    "operatingIncome": 556000000,
    "operatingIncomeRatio": 0.1203463203,
    "totalOtherIncomeExpensesNet": -24000000,
    "incomeBeforeTax": 532000000,
    "incomeBeforeTaxRatio": 0.1151515152,
    "incomeTaxExpense": 135000000,
    "netIncome": 394000000,
    "netIncomeRatio": 0.0852813853,
    "eps": 1.1,
    "epsdiluted": 1.09,
    "weightedAverageShsOut": 357700000,
    "weightedAverageShsOutDil": 360400000,
    "link": "https://www.sec.gov/Archives/edgar/data/1001250/000100125023000010/0001001250-23-000010-index.htm",
    "finalLink": "https://www.sec.gov/Archives/edgar/data/1001250/000100125023000010/el-20221231.htm"
  },
  {
    "date": "2022-09-30",
    "symbol": "EL",
    "reportedCurrency": "USD",
    "cik": "0001001250",
    "fillingDate": "2022-11-02",
    "acceptedDate": "2022-11-02 12:05:49",
    "calendarYear": "2023",
    "period": "Q1",
    "revenue": 3930000000,
    "costOfRevenue": 1023000000,
    "grossProfit": 2907000000,
    "grossProfitRatio": 0.7396946565,
    "researchAndDevelopmentExpenses": 0,
    "generalAndAdministrativeExpenses": 2244000000,
    "sellingAndMarketingExpenses": 0,
    "sellingGeneralAndAdministrativeExpenses": 2244000000,
    "otherExpenses": 2000000,
    "operatingExpenses": 2246000000,
    "costAndExpenses": 3269000000,
    "interestIncome": 15000000,
    "interestExpense": 46000000,
    "depreciationAndAmortization": 178000000,
    "ebitda": 857000000,
    "ebitdaratio": 0.2180661578,
    "operatingIncome": 661000000,
    "operatingIncomeRatio": 0.1681933842,
    "totalOtherIncomeExpensesNet": -28000000,
    "incomeBeforeTax": 633000000,
    "incomeBeforeTaxRatio": 0.1610687023,
    "incomeTaxExpense": 143000000,
    "netIncome": 489000000,
    "netIncomeRatio": 0.1244274809,
    "eps": 1.37,
    "epsdiluted": 1.35,
    "weightedAverageShsOut": 357900000,
    "weightedAverageShsOutDil": 361400000,
    "link": "https://www.sec.gov/Archives/edgar/data/1001250/000100125022000182/0001001250-22-000182-index.htm",
    "finalLink": "https://www.sec.gov/Archives/edgar/data/1001250/000100125022000182/el-20220930.htm"
  },
  {
    "date": "2022-06-30",
    "symbol": "EL",
    "reportedCurrency": "USD",
    "cik": "0001001250",
    "fillingDate": "2022-08-24",
    "acceptedDate": "2022-08-24 12:21:37",
    "calendarYear": "2022",
    "period": "Q4",
    "revenue": 3561000000,
    "costOfRevenue": 1031000000,
    "grossProfit": 2530000000,
    "grossProfitRatio": 0.7104745858,
    "researchAndDevelopmentExpenses": 0,
    "generalAndAdministrativeExpenses": 2334000000,
    "sellingAndMarketingExpenses": 0,
    "sellingGeneralAndAdministrativeExpenses": 2334000000,
    "otherExpenses": 117000000,
    "operatingExpenses": 2451000000,
    "costAndExpenses": 3482000000,
    "interestIncome": 11000000,
    "interestExpense": 42000000,
    "depreciationAndAmortization": 181000000,
    "ebitda": 271000000,
    "ebitdaratio": 0.0761022185,
    "operatingIncome": 79000000,
    "operatingIncomeRatio": 0.0221847796,
    "totalOtherIncomeExpensesNet": -31000000,
    "incomeBeforeTax": 48000000,
    "incomeBeforeTaxRatio": 0.0134793597,
    "incomeTaxExpense": -2000000,
    "netIncome": 52000000,
    "netIncomeRatio": 0.0146026397,
    "eps": 0.15,
    "epsdiluted": 0.14,
    "weightedAverageShsOut": 357900000,
    "weightedAverageShsOutDil": 361600000,
    "link": "https://www.sec.gov/Archives/edgar/data/1001250/000100125022000122/0001001250-22-000122-index.htm",
    "finalLink": "https://www.sec.gov/Archives/edgar/data/1001250/000100125022000122/el-20220630.htm"
  },
  {
    "date": "2022-03-31",
    "symbol": "EL",
    "reportedCurrency": "USD",
    "cik": "0001001250",
    "fillingDate": "2022-05-03",
    "acceptedDate": "2022-05-03 13:22:48",
    "calendarYear": "2022",
    "period": "Q3",
    "revenue": 4245000000,
    "costOfRevenue": 994000000,
    "grossProfit": 3251000000,
    "grossProfitRatio": 0.7658421673,
    "researchAndDevelopmentExpenses": 0,
    "generalAndAdministrativeExpenses": 2275000000,
    "sellingAndMarketingExpenses": 0,
    "sellingGeneralAndAdministrativeExpenses": 2275000000,
    "otherExpenses": 238000000,
    "operatingExpenses": 2513000000,
    "costAndExpenses": 3507000000,
    "interestIncome": 5000000,
    "interestExpense": 41000000,
    "depreciationAndAmortization": 182000000,
    "ebitda": 926000000,
    "ebitdaratio": 0.218138987,
    "operatingIncome": 738000000,
    "operatingIncomeRatio": 0.1738515901,
    "totalOtherIncomeExpensesNet": -35000000,
    "incomeBeforeTax": 703000000,
    "incomeBeforeTaxRatio": 0.165606596,
    "incomeTaxExpense": 130000000,
    "netIncome": 558000000,
    "netIncomeRatio": 0.1314487633,
    "eps": 1.55,
    "epsdiluted": 1.53,
    "weightedAverageShsOut": 359200000,
    "weightedAverageShsOutDil": 363600000,
    "link": "https://www.sec.gov/Archives/edgar/data/1001250/000100125022000055/0001001250-22-000055-index.htm",
    "finalLink": "https://www.sec.gov/Archives/edgar/data/1001250/000100125022000055/el-20220331.htm"
  },
  {
    "date": "2021-12-31",
    "symbol": "EL",
    "reportedCurrency": "USD",
    "cik": "0001001250",
    "fillingDate": "2022-02-03",
    "acceptedDate": "2022-02-03 12:06:29",
    "calendarYear": "2022",
    "period": "Q2",
    "revenue": 5539000000,
    "costOfRevenue": 1223000000,
    "grossProfit": 4316000000,
    "grossProfitRatio": 0.779202022,
    "researchAndDevelopmentExpenses": 0,
    "generalAndAdministrativeExpenses": 2885000000,
    "sellingAndMarketingExpenses": 0,
    "sellingGeneralAndAdministrativeExpenses": 2885000000,
    "otherExpenses": 13000000,
    "operatingExpenses": 2898000000,
    "costAndExpenses": 4121000000,
    "interestIncome": 10000000,
    "interestExpense": 42000000,
    "depreciationAndAmortization": 181000000,
    "ebitda": 1611000000,
    "ebitdaratio": 0.2908467232,
    "operatingIncome": 1418000000,
    "operatingIncomeRatio": 0.2560028886,
    "totalOtherIncomeExpensesNet": -30000000,
    "incomeBeforeTax": 1388000000,
    "incomeBeforeTaxRatio": 0.2505867485,
    "incomeTaxExpense": 298000000,
    "netIncome": 1088000000,
    "netIncomeRatio": 0.1964253475,
    "eps": 3.02,
    "epsdiluted": 2.97,
    "weightedAverageShsOut": 360600000,
    "weightedAverageShsOutDil": 366000000,
    "link": "https://www.sec.gov/Archives/edgar/data/1001250/000100125022000006/0001001250-22-000006-index.htm",
    "finalLink": "https://www.sec.gov/Archives/edgar/data/1001250/000100125022000006/el-20211231.htm"
  },
  {
    "date": "2021-09-30",
    "symbol": "EL",
    "reportedCurrency": "USD",
    "cik": "0001001250",
    "fillingDate": "2021-11-02",
    "acceptedDate": "2021-11-02 12:34:02",
    "calendarYear": "2022",
    "period": "Q1",
    "revenue": 4392000000,
    "costOfRevenue": 1057000000,
    "grossProfit": 3335000000,
    "grossProfitRatio": 0.7593351548,
    "researchAndDevelopmentExpenses": 0,
    "generalAndAdministrativeExpenses": 2394000000,
    "sellingAndMarketingExpenses": 0,
    "sellingGeneralAndAdministrativeExpenses": 2394000000,
    "otherExpenses": 6000000,
    "operatingExpenses": 2400000000,
    "costAndExpenses": 3457000000,
    "interestIncome": 4000000,
    "interestExpense": 42000000,
    "depreciationAndAmortization": 183000000,
    "ebitda": 1122000000,
    "ebitdaratio": 0.2554644809,
    "operatingIncome": 935000000,
    "operatingIncomeRatio": 0.2128870674,
    "totalOtherIncomeExpensesNet": -38000000,
    "incomeBeforeTax": 897000000,
    "incomeBeforeTaxRatio": 0.2042349727,
    "incomeTaxExpense": 202000000,
    "netIncome": 692000000,
    "netIncomeRatio": 0.1575591985,
    "eps": 1.91,
    "epsdiluted": 1.88,
    "weightedAverageShsOut": 362200000,
    "weightedAverageShsOutDil": 367900000,
    "link": "https://www.sec.gov/Archives/edgar/data/1001250/000100125021000174/0001001250-21-000174-index.htm",
    "finalLink": "https://www.sec.gov/Archives/edgar/data/1001250/000100125021000174/el-20210930.htm"
  },
  {
    "date": "2021-06-30",
    "symbol": "EL",
    "reportedCurrency": "USD",
    "cik": "0001001250",
    "fillingDate": "2021-08-27",
    "acceptedDate": "2021-08-27 10:19:09",
    "calendarYear": "2021",
    "period": "Q4",
    "revenue": 3936000000,
    "costOfRevenue": 986000000,
    "grossProfit": 2950000000,
    "grossProfitRatio": 0.7494918699,
    "researchAndDevelopmentExpenses": 0,
    "generalAndAdministrativeExpenses": 2610000000,
    "sellingAndMarketingExpenses": 0,
    "sellingGeneralAndAdministrativeExpenses": 2610000000,
    "otherExpenses": 106000000,
    "operatingExpenses": 2716000000,
    "costAndExpenses": 3702000000,
    "interestIncome": 11000000,
    "interestExpense": 42000000,
    "depreciationAndAmortization": 176000000,
    "ebitda": 1268000000,
    "ebitdaratio": 0.3221544715,
    "operatingIncome": 234000000,
    "operatingIncomeRatio": 0.0594512195,
    "totalOtherIncomeExpensesNet": 816000000,
    "incomeBeforeTax": 1050000000,
    "incomeBeforeTaxRatio": 0.2667682927,
    "incomeTaxExpense": 35000000,
    "netIncome": 1018000000,
    "netIncomeRatio": 0.2586382114,
    "eps": 2.81,
    "epsdiluted": 2.76,
    "weightedAverageShsOut": 362900000,
    "weightedAverageShsOutDil": 368500000,
    "link": "https://www.sec.gov/Archives/edgar/data/1001250/000100125021000127/0001001250-21-000127-index.htm",
    "finalLink": "https://www.sec.gov/Archives/edgar/data/1001250/000100125021000127/el-20210630.htm"
  },
  {
    "date": "2021-03-31",
    "symbol": "EL",
    "reportedCurrency": "USD",
    "cik": "0001001250",
    "fillingDate": "2021-05-03",
    "acceptedDate": "2021-05-03 12:52:51",
    "calendarYear": "2021",
    "period": "Q3",
    "revenue": 3864000000,
    "costOfRevenue": 939000000,
    "grossProfit": 2925000000,
    "grossProfitRatio": 0.7569875776,
    "researchAndDevelopmentExpenses": 0,
    "generalAndAdministrativeExpenses": 2145000000,
    "sellingAndMarketingExpenses": 0,
    "sellingGeneralAndAdministrativeExpenses": 2145000000,
    "otherExpenses": 164000000,
    "operatingExpenses": 2309000000,
    "costAndExpenses": 3248000000,
    "interestIncome": 9000000,
    "interestExpense": 43000000,
    "depreciationAndAmortization": 159000000,
    "ebitda": 782000000,
    "ebitdaratio": 0.2023809524,
    "operatingIncome": 616000000,
    "operatingIncomeRatio": 0.1594202899,
    "totalOtherIncomeExpensesNet": -36000000,
    "incomeBeforeTax": 580000000,
    "incomeBeforeTaxRatio": 0.1501035197,
    "incomeTaxExpense": 122000000,
    "netIncome": 456000000,
    "netIncomeRatio": 0.1180124224,
    "eps": 1.25,
    "epsdiluted": 1.24,
    "weightedAverageShsOut": 363600000,
    "weightedAverageShsOutDil": 369000000,
    "link": "https://www.sec.gov/Archives/edgar/data/1001250/000100125021000062/0001001250-21-000062-index.htm",
    "finalLink": "https://www.sec.gov/Archives/edgar/data/1001250/000100125021000062/el-20210331.htm"
  },
  {
    "date": "2020-12-31",
    "symbol": "EL",
    "reportedCurrency": "USD",
    "cik": "0001001250",
    "fillingDate": "2021-02-05",
    "acceptedDate": "2021-02-05 11:53:40",
    "calendarYear": "2021",
    "period": "Q2",
    "revenue": 4853000000,
    "costOfRevenue": 1084000000,
    "grossProfit": 3769000000,
    "grossProfitRatio": 0.7766330105,
    "researchAndDevelopmentExpenses": 0,
    "generalAndAdministrativeExpenses": 2590000000,
    "sellingAndMarketingExpenses": 0,
    "sellingGeneralAndAdministrativeExpenses": 2590000000,
    "otherExpenses": 116000000,
    "operatingExpenses": 2706000000,
    "costAndExpenses": 3790000000,
    "interestIncome": 17000000,
    "interestExpense": 43000000,
    "depreciationAndAmortization": 160000000,
    "ebitda": 1233000000,
    "ebitdaratio": 0.2540696476,
    "operatingIncome": 1063000000,
    "operatingIncomeRatio": 0.2190397692,
    "totalOtherIncomeExpensesNet": -33000000,
    "incomeBeforeTax": 1030000000,
    "incomeBeforeTaxRatio": 0.2122398516,
    "incomeTaxExpense": 153000000,
    "netIncome": 873000000,
    "netIncomeRatio": 0.1798887286,
    "eps": 2.4,
    "epsdiluted": 2.37,
    "weightedAverageShsOut": 363000000,
    "weightedAverageShsOutDil": 368000000,
    "link": "https://www.sec.gov/Archives/edgar/data/1001250/000100125021000010/0001001250-21-000010-index.htm",
    "finalLink": "https://www.sec.gov/Archives/edgar/data/1001250/000100125021000010/el-20201231.htm"
  },
  {
    "date": "2020-09-30",
    "symbol": "EL",
    "reportedCurrency": "USD",
    "cik": "0001001250",
    "fillingDate": "2020-11-02",
    "acceptedDate": "2020-11-02 13:13:14",
    "calendarYear": "2021",
    "period": "Q1",
    "revenue": 3562000000,
    "costOfRevenue": 825000000,
    "grossProfit": 2737000000,
    "grossProfitRatio": 0.7683885458,
    "researchAndDevelopmentExpenses": 0,
    "generalAndAdministrativeExpenses": 2026000000,
    "sellingAndMarketingExpenses": 0,
    "sellingGeneralAndAdministrativeExpenses": 2026000000,
    "otherExpenses": 6000000,
    "operatingExpenses": 2032000000,
    "costAndExpenses": 2857000000,
    "interestIncome": 14000000,
    "interestExpense": 45000000,
    "depreciationAndAmortization": 156000000,
    "ebitda": 872000000,
    "ebitdaratio": 0.2448062886,
    "operatingIncome": 705000000,
    "operatingIncomeRatio": 0.1979225154,
    "totalOtherIncomeExpensesNet": -34000000,
    "incomeBeforeTax": 671000000,
    "incomeBeforeTaxRatio": 0.1883773161,
    "incomeTaxExpense": 146000000,
    "netIncome": 523000000,
    "netIncomeRatio": 0.1468276249,
    "eps": 1.44,
    "epsdiluted": 1.42,
    "weightedAverageShsOut": 362100000,
    "weightedAverageShsOutDil": 367200000,
    "link": "https://www.sec.gov/Archives/edgar/data/1001250/000100125020000107/0001001250-20-000107-index.htm",
    "finalLink": "https://www.sec.gov/Archives/edgar/data/1001250/000100125020000107/el-20200930.htm"
  },
  {
    "date": "2020-06-30",
    "symbol": "EL",
    "reportedCurrency": "USD",
    "cik": "0001001250",
    "fillingDate": "2020-08-28",
    "acceptedDate": "2020-08-28 16:07:12",
    "calendarYear": "2020",
    "period": "Q4",
    "revenue": 2430000000,
    "costOfRevenue": 767000000,
    "grossProfit": 1663000000,
    "grossProfitRatio": 0.6843621399,
    "researchAndDevelopmentExpenses": 0,
    "generalAndAdministrativeExpenses": 1884000000,
    "sellingAndMarketingExpenses": 0,
    "sellingGeneralAndAdministrativeExpenses": 1884000000,
    "otherExpenses": 322000000,
    "operatingExpenses": 2206000000,
    "costAndExpenses": 2973000000,
    "interestIncome": 7000000,
    "interestExpense": 49000000,
    "depreciationAndAmortization": 164000000,
    "ebitda": -392000000,
    "ebitdaratio": -0.1613168724,
    "operatingIncome": -543000000,
    "operatingIncomeRatio": -0.2234567901,
    "totalOtherIncomeExpensesNet": -62000000,
    "incomeBeforeTax": -605000000,
    "incomeBeforeTaxRatio": -0.2489711934,
    "incomeTaxExpense": -146000000,
    "netIncome": -462000000,
    "netIncomeRatio": -0.1901234568,
    "eps": -1.28,
    "epsdiluted": -1.28,
    "weightedAverageShsOut": 359885117,
    "weightedAverageShsOutDil": 360600000,
    "link": "https://www.sec.gov/Archives/edgar/data/1001250/000100125020000065/0001001250-20-000065-index.htm",
    "finalLink": "https://www.sec.gov/Archives/edgar/data/1001250/000100125020000065/el-20200630.htm"
  },
  {
    "date": "2020-03-31",
    "symbol": "EL",
    "reportedCurrency": "USD",
    "cik": "0001001250",
    "fillingDate": "2020-05-01",
    "acceptedDate": "2020-05-01 12:59:31",
    "calendarYear": "2020",
    "period": "Q3",
    "revenue": 3345000000,
    "costOfRevenue": 836000000,
    "grossProfit": 2509000000,
    "grossProfitRatio": 0.7500747384,
    "researchAndDevelopmentExpenses": 0,
    "generalAndAdministrativeExpenses": 2030000000,
    "sellingAndMarketingExpenses": 0,
    "sellingGeneralAndAdministrativeExpenses": 2030000000,
    "otherExpenses": 370000000,
    "operatingExpenses": 2400000000,
    "costAndExpenses": 3236000000,
    "interestIncome": 14000000,
    "interestExpense": 42000000,
    "depreciationAndAmortization": 160000000,
    "ebitda": 282000000,
    "ebitdaratio": 0.0843049327,
    "operatingIncome": 109000000,
    "operatingIncomeRatio": 0.0325859492,
    "totalOtherIncomeExpensesNet": -29000000,
    "incomeBeforeTax": 80000000,
    "incomeBeforeTaxRatio": 0.023916293,
    "incomeTaxExpense": 84000000,
    "netIncome": -6000000,
    "netIncomeRatio": -0.001793722,
    "eps": -0.0167,
    "epsdiluted": -0.0167,
    "weightedAverageShsOut": 360200000,
    "weightedAverageShsOutDil": 360200000,
    "link": "https://www.sec.gov/Archives/edgar/data/1001250/000100125020000033/0001001250-20-000033-index.htm",
    "finalLink": "https://www.sec.gov/Archives/edgar/data/1001250/000100125020000033/el-20200331.htm"
  },
  {
    "date": "2019-12-31",
    "symbol": "EL",
    "reportedCurrency": "USD",
    "cik": "0001001250",
    "fillingDate": "2020-02-06",
    "acceptedDate": "2020-02-06 15:05:03",
    "calendarYear": "2020",
    "period": "Q2",
    "revenue": 4624000000,
    "costOfRevenue": 1041000000,
    "grossProfit": 3583000000,
    "grossProfitRatio": 0.7748702422,
    "researchAndDevelopmentExpenses": 0,
    "generalAndAdministrativeExpenses": 2538000000,
    "sellingAndMarketingExpenses": 0,
    "sellingGeneralAndAdministrativeExpenses": 2538000000,
    "otherExpenses": 784000000,
    "operatingExpenses": 3322000000,
    "costAndExpenses": 4363000000,
    "interestIncome": 13000000,
    "interestExpense": 38000000,
    "depreciationAndAmortization": 144000000,
    "ebitda": 993000000,
    "ebitdaratio": 0.2147491349,
    "operatingIncome": 261000000,
    "operatingIncomeRatio": 0.0564446367,
    "totalOtherIncomeExpensesNet": 550000000,
    "incomeBeforeTax": 811000000,
    "incomeBeforeTaxRatio": 0.1753892734,
    "incomeTaxExpense": 250000000,
    "netIncome": 557000000,
    "netIncomeRatio": 0.1204584775,
    "eps": 1.55,
    "epsdiluted": 1.52,
    "weightedAverageShsOut": 360200000,
    "weightedAverageShsOutDil": 366700000,
    "link": "https://www.sec.gov/Archives/edgar/data/1001250/000110465920011857/0001104659-20-011857-index.htm",
    "finalLink": "https://www.sec.gov/Archives/edgar/data/1001250/000110465920011857/el-20191231x10qd9aa32.htm"
  },
  {
    "date": "2019-09-30",
    "symbol": "EL",
    "reportedCurrency": "USD",
    "cik": "0001001250",
    "fillingDate": "2019-10-31",
    "acceptedDate": "2019-10-31 12:46:25",
    "calendarYear": "2020",
    "period": "Q1",
    "revenue": 3895000000,
    "costOfRevenue": 908000000,
    "grossProfit": 2987000000,
    "grossProfitRatio": 0.7668806162,
    "researchAndDevelopmentExpenses": 0,
    "generalAndAdministrativeExpenses": 2185000000,
    "sellingAndMarketingExpenses": 0,
    "sellingGeneralAndAdministrativeExpenses": 2185000000,
    "otherExpenses": 23000000,
    "operatingExpenses": 2208000000,
    "costAndExpenses": 3116000000,
    "interestIncome": 14000000,
    "interestExpense": 32000000,
    "depreciationAndAmortization": 143000000,
    "ebitda": 935000000,
    "ebitdaratio": 0.2400513479,
    "operatingIncome": 779000000,
    "operatingIncomeRatio": 0.2,
    "totalOtherIncomeExpensesNet": -19000000,
    "incomeBeforeTax": 760000000,
    "incomeBeforeTaxRatio": 0.1951219512,
    "incomeTaxExpense": 162000000,
    "netIncome": 595000000,
    "netIncomeRatio": 0.1527599487,
    "eps": 1.65,
    "epsdiluted": 1.61,
    "weightedAverageShsOut": 361400000,
    "weightedAverageShsOutDil": 368600000,
    "link": "https://www.sec.gov/Archives/edgar/data/1001250/000110465919058209/0001104659-19-058209-index.htm",
    "finalLink": "https://www.sec.gov/Archives/edgar/data/1001250/000110465919058209/el-20190930x10q815441.htm"
  },
  {
    "date": "2019-06-30",
    "symbol": "EL",
    "reportedCurrency": "USD",
    "cik": "0001001250",
    "fillingDate": "2019-08-23",
    "acceptedDate": "2019-08-23 13:01:04",
    "calendarYear": "2019",
    "period": "Q4",
    "revenue": 3590000000,
    "costOfRevenue": 835000000,
    "grossProfit": 2755000000,
    "grossProfitRatio": 0.7674094708,
    "researchAndDevelopmentExpenses": 0,
    "generalAndAdministrativeExpenses": 2422000000,
    "sellingAndMarketingExpenses": 0,
    "sellingGeneralAndAdministrativeExpenses": 2422000000,
    "otherExpenses": 117000000,
    "operatingExpenses": 2539000000,
    "costAndExpenses": 3374000000,
    "interestIncome": 16000000,
    "interestExpense": 32000000,
    "depreciationAndAmortization": 153000000,
    "ebitda": 384000000,
    "ebitdaratio": 0.1069637883,
    "operatingIncome": 216000000,
    "operatingIncomeRatio": 0.0601671309,
    "totalOtherIncomeExpensesNet": -17000000,
    "incomeBeforeTax": 199000000,
    "incomeBeforeTaxRatio": 0.0554317549,
    "incomeTaxExpense": 41000000,
    "netIncome": 157000000,
    "netIncomeRatio": 0.0437325905,
    "eps": 0.43,
    "epsdiluted": 0.43,
    "weightedAverageShsOut": 361800000,
    "weightedAverageShsOutDil": 369100000,
    "link": "https://www.sec.gov/Archives/edgar/data/1001250/000110465919047085/0001104659-19-047085-index.htm",
    "finalLink": "https://www.sec.gov/Archives/edgar/data/1001250/000110465919047085/a19-11548_110k.htm"
  },
  {
    "date": "2019-03-31",
    "symbol": "EL",
    "reportedCurrency": "USD",
    "cik": "0001001250",
    "fillingDate": "2019-05-01",
    "acceptedDate": "2019-05-01 12:28:37",
    "calendarYear": "2019",
    "period": "Q3",
    "revenue": 3744000000,
    "costOfRevenue": 819000000,
    "grossProfit": 2925000000,
    "grossProfitRatio": 0.78125,
    "researchAndDevelopmentExpenses": 0,
    "generalAndAdministrativeExpenses": 2170000000,
    "sellingAndMarketingExpenses": 0,
    "sellingGeneralAndAdministrativeExpenses": 2170000000,
    "otherExpenses": 81000000,
    "operatingExpenses": 2251000000,
    "costAndExpenses": 3070000000,
    "interestIncome": 15000000,
    "interestExpense": 32000000,
    "depreciationAndAmortization": 135000000,
    "ebitda": 894000000,
    "ebitdaratio": 0.2387820513,
    "operatingIncome": 674000000,
    "operatingIncomeRatio": 0.1800213675,
    "totalOtherIncomeExpensesNet": 53000000,
    "incomeBeforeTax": 727000000,
    "incomeBeforeTaxRatio": 0.1941773504,
    "incomeTaxExpense": 170000000,
    "netIncome": 555000000,
    "netIncomeRatio": 0.1482371795,
    "eps": 1.53,
    "epsdiluted": 1.51,
    "weightedAverageShsOut": 361900000,
    "weightedAverageShsOutDil": 368300000,
    "link": "https://www.sec.gov/Archives/edgar/data/1001250/000110465919025836/0001104659-19-025836-index.htm",
    "finalLink": "https://www.sec.gov/Archives/edgar/data/1001250/000110465919025836/a19-7309_110q.htm"
  },
  {
    "date": "2018-12-31",
    "symbol": "EL",
    "reportedCurrency": "USD",
    "cik": "0001001250",
    "fillingDate": "2019-02-05",
    "acceptedDate": "2019-02-05 12:17:28",
    "calendarYear": "2019",
    "period": "Q2",
    "revenue": 4005000000,
    "costOfRevenue": 910000000,
    "grossProfit": 3095000000,
    "grossProfitRatio": 0.77278402,
    "researchAndDevelopmentExpenses": 0,
    "generalAndAdministrativeExpenses": 2257000000,
    "sellingAndMarketingExpenses": 0,
    "sellingGeneralAndAdministrativeExpenses": 2257000000,
    "otherExpenses": 67000000,
    "operatingExpenses": 2324000000,
    "costAndExpenses": 3234000000,
    "interestIncome": 12000000,
    "interestExpense": 35000000,
    "depreciationAndAmortization": 137000000,
    "ebitda": 920000000,
    "ebitdaratio": 0.2297128589,
    "operatingIncome": 771000000,
    "operatingIncomeRatio": 0.1925093633,
    "totalOtherIncomeExpensesNet": -23000000,
    "incomeBeforeTax": 748000000,
    "incomeBeforeTaxRatio": 0.1867665418,
    "incomeTaxExpense": 171000000,
    "netIncome": 573000000,
    "netIncomeRatio": 0.143071161,
    "eps": 1.58,
    "epsdiluted": 1.55,
    "weightedAverageShsOut": 363300000,
    "weightedAverageShsOutDil": 369900000,
    "link": "https://www.sec.gov/Archives/edgar/data/1001250/000110465919005765/0001104659-19-005765-index.htm",
    "finalLink": "https://www.sec.gov/Archives/edgar/data/1001250/000110465919005765/a18-41566_110q.htm"
  },
  {
    "date": "2018-09-30",
    "symbol": "EL",
    "reportedCurrency": "USD",
    "cik": "0001001250",
    "fillingDate": "2018-10-31",
    "acceptedDate": "2018-10-31 13:10:41",
    "calendarYear": "2019",
    "period": "Q1",
    "revenue": 3524000000,
    "costOfRevenue": 823000000,
    "grossProfit": 2701000000,
    "grossProfitRatio": 0.7664585698,
    "researchAndDevelopmentExpenses": 0,
    "generalAndAdministrativeExpenses": 2008000000,
    "sellingAndMarketingExpenses": 0,
    "sellingGeneralAndAdministrativeExpenses": 2008000000,
    "otherExpenses": 41000000,
    "operatingExpenses": 2049000000,
    "costAndExpenses": 2872000000,
    "interestIncome": 15000000,
    "interestExpense": 34000000,
    "depreciationAndAmortization": 132000000,
    "ebitda": 799000000,
    "ebitdaratio": 0.2267309875,
    "operatingIncome": 652000000,
    "operatingIncomeRatio": 0.1850170261,
    "totalOtherIncomeExpensesNet": -19000000,
    "incomeBeforeTax": 633000000,
    "incomeBeforeTaxRatio": 0.1796254257,
    "incomeTaxExpense": 131000000,
    "netIncome": 500000000,
    "netIncomeRatio": 0.1418842225,
    "eps": 1.36,
    "epsdiluted": 1.34,
    "weightedAverageShsOut": 366800000,
    "weightedAverageShsOutDil": 374400000,
    "link": "https://www.sec.gov/Archives/edgar/data/1001250/000110465918065017/0001104659-18-065017-index.htm",
    "finalLink": "https://www.sec.gov/Archives/edgar/data/1001250/000110465918065017/a18-30065_110q.htm"
  },
  {
    "date": "2018-06-30",
    "symbol": "EL",
    "reportedCurrency": "USD",
    "cik": "0001001250",
    "fillingDate": "2018-08-24",
    "acceptedDate": "2018-08-24 13:53:14",
    "calendarYear": "2018",
    "period": "Q4",
    "revenue": 3295000000,
    "costOfRevenue": 697000000,
    "grossProfit": 2598000000,
    "grossProfitRatio": 0.7884673748,
    "researchAndDevelopmentExpenses": 0,
    "generalAndAdministrativeExpenses": 2288000000,
    "sellingAndMarketingExpenses": 0,
    "sellingGeneralAndAdministrativeExpenses": 2288000000,
    "otherExpenses": 33000000,
    "operatingExpenses": 2321000000,
    "costAndExpenses": 3018000000,
    "interestIncome": 16000000,
    "interestExpense": 32000000,
    "depreciationAndAmortization": 142000000,
    "ebitda": 435000000,
    "ebitdaratio": 0.1320182094,
    "operatingIncome": 277000000,
    "operatingIncomeRatio": 0.0840667678,
    "totalOtherIncomeExpensesNet": -16000000,
    "incomeBeforeTax": 261000000,
    "incomeBeforeTaxRatio": 0.0792109256,
    "incomeTaxExpense": 73000000,
    "netIncome": 186000000,
    "netIncomeRatio": 0.0564491654,
    "eps": 0.51,
    "epsdiluted": 0.49,
    "weightedAverageShsOut": 367200000,
    "weightedAverageShsOutDil": 375800000,
    "link": "https://www.sec.gov/Archives/edgar/data/1001250/000110465918053494/0001104659-18-053494-index.htm",
    "finalLink": "https://www.sec.gov/Archives/edgar/data/1001250/000110465918053494/a18-14745_110k.htm"
  },
  {
    "date": "2018-03-31",
    "symbol": "EL",
    "reportedCurrency": "USD",
    "cik": "0001001250",
    "fillingDate": "2018-05-02",
    "acceptedDate": "2018-05-02 13:47:43",
    "calendarYear": "2018",
    "period": "Q3",
    "revenue": 3370000000,
    "costOfRevenue": 683000000,
    "grossProfit": 2687000000,
    "grossProfitRatio": 0.7973293769,
    "researchAndDevelopmentExpenses": 0,
    "generalAndAdministrativeExpenses": 2093000000,
    "sellingAndMarketingExpenses": 0,
    "sellingGeneralAndAdministrativeExpenses": 2093000000,
    "otherExpenses": 97000000,
    "operatingExpenses": 2189000000,
    "costAndExpenses": 2872000000,
    "interestIncome": 16000000,
    "interestExpense": 33000000,
    "depreciationAndAmortization": 133000000,
    "ebitda": 646000000,
    "ebitdaratio": 0.1916913947,
    "operatingIncome": 498000000,
    "operatingIncomeRatio": 0.1477744807,
    "totalOtherIncomeExpensesNet": -18000000,
    "incomeBeforeTax": 480000000,
    "incomeBeforeTaxRatio": 0.1424332344,
    "incomeTaxExpense": 106000000,
    "netIncome": 372000000,
    "netIncomeRatio": 0.1103857567,
    "eps": 1.01,
    "epsdiluted": 0.99,
    "weightedAverageShsOut": 367900000,
    "weightedAverageShsOutDil": 375700000,
    "link": "https://www.sec.gov/Archives/edgar/data/1001250/000110465918029710/0001104659-18-029710-index.htm",
    "finalLink": "https://www.sec.gov/Archives/edgar/data/1001250/000110465918029710/a18-8697_110q.htm"
  },
  {
    "date": "2017-12-31",
    "symbol": "EL",
    "reportedCurrency": "USD",
    "cik": "0001001250",
    "fillingDate": "2018-02-02",
    "acceptedDate": "2018-02-02 11:10:29",
    "calendarYear": "2018",
    "period": "Q2",
    "revenue": 3744000000,
    "costOfRevenue": 753000000,
    "grossProfit": 2991000000,
    "grossProfitRatio": 0.7988782051,
    "researchAndDevelopmentExpenses": 0,
    "generalAndAdministrativeExpenses": 2214000000,
    "sellingAndMarketingExpenses": 0,
    "sellingGeneralAndAdministrativeExpenses": 2214000000,
    "otherExpenses": 67000000,
    "operatingExpenses": 2281000000,
    "costAndExpenses": 3034000000,
    "interestIncome": 12000000,
    "interestExpense": 32000000,
    "depreciationAndAmortization": 129000000,
    "ebitda": 851000000,
    "ebitdaratio": 0.2272970085,
    "operatingIncome": 710000000,
    "operatingIncomeRatio": 0.1896367521,
    "totalOtherIncomeExpensesNet": -20000000,
    "incomeBeforeTax": 690000000,
    "incomeBeforeTaxRatio": 0.1842948718,
    "incomeTaxExpense": 565000000,
    "netIncome": 123000000,
    "netIncomeRatio": 0.0328525641,
    "eps": 0.33,
    "epsdiluted": 0.33,
    "weightedAverageShsOut": 368700000,
    "weightedAverageShsOutDil": 376100000,
    "link": "https://www.sec.gov/Archives/edgar/data/1001250/000110465918006059/0001104659-18-006059-index.htm",
    "finalLink": "https://www.sec.gov/Archives/edgar/data/1001250/000110465918006059/a17-27582_110q.htm"
  },
  {
    "date": "2017-09-30",
    "symbol": "EL",
    "reportedCurrency": "USD",
    "cik": "0001001250",
    "fillingDate": "2017-11-01",
    "acceptedDate": "2017-11-01 13:27:28",
    "calendarYear": "2018",
    "period": "Q1",
    "revenue": 3274000000,
    "costOfRevenue": 711000000,
    "grossProfit": 2563000000,
    "grossProfitRatio": 0.7828344533,
    "researchAndDevelopmentExpenses": 0,
    "generalAndAdministrativeExpenses": 1961000000,
    "sellingAndMarketingExpenses": 0,
    "sellingGeneralAndAdministrativeExpenses": 1961000000,
    "otherExpenses": 34000000,
    "operatingExpenses": 1994000000,
    "costAndExpenses": 2705000000,
    "interestIncome": 12000000,
    "interestExpense": 31000000,
    "depreciationAndAmortization": 127000000,
    "ebitda": 707000000,
    "ebitdaratio": 0.2159437996,
    "operatingIncome": 569000000,
    "operatingIncomeRatio": 0.1737935247,
    "totalOtherIncomeExpensesNet": -20000000,
    "incomeBeforeTax": 549000000,
    "incomeBeforeTaxRatio": 0.1676847892,
    "incomeTaxExpense": 119000000,
    "netIncome": 427000000,
    "netIncomeRatio": 0.1304215027,
    "eps": 1.16,
    "epsdiluted": 1.14,
    "weightedAverageShsOut": 368400000,
    "weightedAverageShsOutDil": 375400000,
    "link": "https://www.sec.gov/Archives/edgar/data/1001250/000110465917065144/0001104659-17-065144-index.htm",
    "finalLink": "https://www.sec.gov/Archives/edgar/data/1001250/000110465917065144/a17-21413_110q.htm"
  },
  {
    "date": "2017-06-30",
    "symbol": "EL",
    "reportedCurrency": "USD",
    "cik": "0001001250",
    "fillingDate": "2017-08-25",
    "acceptedDate": "2017-08-25 11:13:53",
    "calendarYear": "2017",
    "period": "Q4",
    "revenue": 2894000000,
    "costOfRevenue": 613000000,
    "grossProfit": 2281000000,
    "grossProfitRatio": 0.7881824464,
    "researchAndDevelopmentExpenses": 0,
    "generalAndAdministrativeExpenses": 1947000000,
    "sellingAndMarketingExpenses": 0,
    "sellingGeneralAndAdministrativeExpenses": 1947000000,
    "otherExpenses": 104000000,
    "operatingExpenses": 2051000000,
    "costAndExpenses": 2664000000,
    "interestIncome": 9000000,
    "interestExpense": 32000000,
    "depreciationAndAmortization": 127000000,
    "ebitda": 366000000,
    "ebitdaratio": 0.1264685556,
    "operatingIncome": 230000000,
    "operatingIncomeRatio": 0.0794747754,
    "totalOtherIncomeExpensesNet": -23000000,
    "incomeBeforeTax": 207000000,
    "incomeBeforeTaxRatio": 0.0715272979,
    "incomeTaxExpense": -23000000,
    "netIncome": 229000000,
    "netIncomeRatio": 0.0791292329,
    "eps": 0.62,
    "epsdiluted": 0.61,
    "weightedAverageShsOut": 368100000,
    "weightedAverageShsOutDil": 374000000,
    "link": "https://www.sec.gov/Archives/edgar/data/1001250/000110465917053604/0001104659-17-053604-index.htm",
    "finalLink": "https://www.sec.gov/Archives/edgar/data/1001250/000110465917053604/a17-15494_110k.htm"
  },
  {
    "date": "2017-03-31",
    "symbol": "EL",
    "reportedCurrency": "USD",
    "cik": "0001001250",
    "fillingDate": "2017-05-03",
    "acceptedDate": "2017-05-03 11:37:31",
    "calendarYear": "2017",
    "period": "Q3",
    "revenue": 2857000000,
    "costOfRevenue": 591000000,
    "grossProfit": 2266000000,
    "grossProfitRatio": 0.793139657,
    "researchAndDevelopmentExpenses": 0,
    "generalAndAdministrativeExpenses": 1780000000,
    "sellingAndMarketingExpenses": 0,
    "sellingGeneralAndAdministrativeExpenses": 1780000000,
    "otherExpenses": 59000000,
    "operatingExpenses": 1839000000,
    "costAndExpenses": 2430000000,
    "interestIncome": 8000000,
    "interestExpense": 28000000,
    "depreciationAndAmortization": 119000000,
    "ebitda": 554000000,
    "ebitdaratio": 0.1939096955,
    "operatingIncome": 427000000,
    "operatingIncomeRatio": 0.1494574729,
    "totalOtherIncomeExpensesNet": -20000000,
    "incomeBeforeTax": 407000000,
    "incomeBeforeTaxRatio": 0.1424571229,
    "incomeTaxExpense": 107000000,
    "netIncome": 298000000,
    "netIncomeRatio": 0.1043052153,
    "eps": 0.81,
    "epsdiluted": 0.8,
    "weightedAverageShsOut": 367000000,
    "weightedAverageShsOutDil": 372300000,
    "link": "https://www.sec.gov/Archives/edgar/data/1001250/000110465917029271/0001104659-17-029271-index.htm",
    "finalLink": "https://www.sec.gov/Archives/edgar/data/1001250/000110465917029271/a17-7355_110q.htm"
  },
  {
    "date": "2016-12-31",
    "symbol": "EL",
    "reportedCurrency": "USD",
    "cik": "0001001250",
    "fillingDate": "2017-02-02",
    "acceptedDate": "2017-02-02 12:18:37",
    "calendarYear": "2017",
    "period": "Q2",
    "revenue": 3208000000,
    "costOfRevenue": 637000000,
    "grossProfit": 2571000000,
    "grossProfitRatio": 0.8014339152,
    "researchAndDevelopmentExpenses": 0,
    "generalAndAdministrativeExpenses": 1917000000,
    "sellingAndMarketingExpenses": 0,
    "sellingGeneralAndAdministrativeExpenses": 1917000000,
    "otherExpenses": 37000000,
    "operatingExpenses": 1954000000,
    "costAndExpenses": 2591000000,
    "interestIncome": 5000000,
    "interestExpense": 22000000,
    "depreciationAndAmortization": 112000000,
    "ebitda": 734000000,
    "ebitdaratio": 0.2288029925,
    "operatingIncome": 617000000,
    "operatingIncomeRatio": 0.1923316708,
    "totalOtherIncomeExpensesNet": -17000000,
    "incomeBeforeTax": 600000000,
    "incomeBeforeTaxRatio": 0.187032419,
    "incomeTaxExpense": 170000000,
    "netIncome": 428000000,
    "netIncomeRatio": 0.1334164589,
    "eps": 1.17,
    "epsdiluted": 1.15,
    "weightedAverageShsOut": 366900000,
    "weightedAverageShsOutDil": 372600000,
    "link": "https://www.sec.gov/Archives/edgar/data/1001250/000110465917006054/0001104659-17-006054-index.htm",
    "finalLink": "https://www.sec.gov/Archives/edgar/data/1001250/000110465917006054/a16-22889_110q.htm"
  },
  {
    "date": "2016-09-30",
    "symbol": "EL",
    "reportedCurrency": "USD",
    "cik": "0001001250",
    "fillingDate": "2016-11-02",
    "acceptedDate": "2016-11-02 16:41:49",
    "calendarYear": "2017",
    "period": "Q1",
    "revenue": 2865000000,
    "costOfRevenue": 596000000,
    "grossProfit": 2269000000,
    "grossProfitRatio": 0.7919720768,
    "researchAndDevelopmentExpenses": 0,
    "generalAndAdministrativeExpenses": 1825000000,
    "sellingAndMarketingExpenses": 0,
    "sellingGeneralAndAdministrativeExpenses": 1825000000,
    "otherExpenses": 26000000,
    "operatingExpenses": 1851000000,
    "costAndExpenses": 2447000000,
    "interestIncome": 6000000,
    "interestExpense": 21000000,
    "depreciationAndAmortization": 106000000,
    "ebitda": 530000000,
    "ebitdaratio": 0.184991274,
    "operatingIncome": 418000000,
    "operatingIncomeRatio": 0.1458987784,
    "totalOtherIncomeExpensesNet": -15000000,
    "incomeBeforeTax": 403000000,
    "incomeBeforeTaxRatio": 0.1406631763,
    "incomeTaxExpense": 107000000,
    "netIncome": 294000000,
    "netIncomeRatio": 0.102617801,
    "eps": 0.8,
    "epsdiluted": 0.79,
    "weightedAverageShsOut": 366400000,
    "weightedAverageShsOutDil": 373300000,
    "link": "https://www.sec.gov/Archives/edgar/data/1001250/000110465916154197/0001104659-16-154197-index.htm",
    "finalLink": "https://www.sec.gov/Archives/edgar/data/1001250/000110465916154197/a16-17860_110q.htm"
  },
  {
    "date": "2016-06-30",
    "symbol": "EL",
    "reportedCurrency": "USD",
    "cik": "0001001250",
    "fillingDate": "2016-08-24",
    "acceptedDate": "2016-08-24 14:10:00",
    "calendarYear": "2016",
    "period": "Q4",
    "revenue": 2646300000,
    "costOfRevenue": 510700000,
    "grossProfit": 2135600000,
    "grossProfitRatio": 0.8070135661,
    "researchAndDevelopmentExpenses": 0,
    "generalAndAdministrativeExpenses": 1892500000,
    "sellingAndMarketingExpenses": 0,
    "sellingGeneralAndAdministrativeExpenses": 1892500000,
    "otherExpenses": 99400000,
    "operatingExpenses": 1991900000,
    "costAndExpenses": 2502600000,
    "interestIncome": 5200000,
    "interestExpense": 18600000,
    "depreciationAndAmortization": 109800000,
    "ebitda": 258700000,
    "ebitdaratio": 0.0977591354,
    "operatingIncome": 143700000,
    "operatingIncomeRatio": 0.0543022333,
    "totalOtherIncomeExpensesNet": -13400000,
    "incomeBeforeTax": 130300000,
    "incomeBeforeTaxRatio": 0.0492385595,
    "incomeTaxExpense": 35300000,
    "netIncome": 93500000,
    "netIncomeRatio": 0.0353323508,
    "eps": 0.25,
    "epsdiluted": 0.25,
    "weightedAverageShsOut": 368800000,
    "weightedAverageShsOutDil": 375800000,
    "link": "https://www.sec.gov/Archives/edgar/data/1001250/000110465916141179/0001104659-16-141179-index.htm",
    "finalLink": "https://www.sec.gov/Archives/edgar/data/1001250/000110465916141179/a16-11315_110k.htm"
  },
  {
    "date": "2016-03-31",
    "symbol": "EL",
    "reportedCurrency": "USD",
    "cik": "0001001250",
    "fillingDate": "2016-05-03",
    "acceptedDate": "2016-05-03 14:15:27",
    "calendarYear": "2016",
    "period": "Q3",
    "revenue": 2656500000,
    "costOfRevenue": 504200000,
    "grossProfit": 2152300000,
    "grossProfitRatio": 0.8102013928,
    "researchAndDevelopmentExpenses": 0,
    "generalAndAdministrativeExpenses": 1753100000,
    "sellingAndMarketingExpenses": 0,
    "sellingGeneralAndAdministrativeExpenses": 1753100000,
    "otherExpenses": 15000000,
    "operatingExpenses": 1769000000,
    "costAndExpenses": 2273000000,
    "interestIncome": 4200000,
    "interestExpense": 18000000,
    "depreciationAndAmortization": 103000000,
    "ebitda": 491000000,
    "ebitdaratio": 0.1848296631,
    "operatingIncome": 384000000,
    "operatingIncomeRatio": 0.1445511011,
    "totalOtherIncomeExpensesNet": -14000000,
    "incomeBeforeTax": 370200000,
    "incomeBeforeTaxRatio": 0.1393562959,
    "incomeTaxExpense": 103600000,
    "netIncome": 265600000,
    "netIncomeRatio": 0.0999811782,
    "eps": 0.72,
    "epsdiluted": 0.71,
    "weightedAverageShsOut": 369100000,
    "weightedAverageShsOutDil": 375600000,
    "link": "https://www.sec.gov/Archives/edgar/data/1001250/000110465916117119/0001104659-16-117119-index.htm",
    "finalLink": "https://www.sec.gov/Archives/edgar/data/1001250/000110465916117119/a16-5365_110q.htm"
  },
  {
    "date": "2015-12-31",
    "symbol": "EL",
    "reportedCurrency": "USD",
    "cik": "0001001250",
    "fillingDate": "2016-02-05",
    "acceptedDate": "2016-02-05 14:53:06",
    "calendarYear": "2016",
    "period": "Q2",
    "revenue": 3124800000,
    "costOfRevenue": 589000000,
    "grossProfit": 2535800000,
    "grossProfitRatio": 0.8115079365,
    "researchAndDevelopmentExpenses": 0,
    "generalAndAdministrativeExpenses": 1887900000,
    "sellingAndMarketingExpenses": 0,
    "sellingGeneralAndAdministrativeExpenses": 1887900000,
    "otherExpenses": 19000000,
    "operatingExpenses": 1905000000,
    "costAndExpenses": 2494000000,
    "interestIncome": 3200000,
    "interestExpense": 17000000,
    "depreciationAndAmortization": 104000000,
    "ebitda": 737000000,
    "ebitdaratio": 0.2358550947,
    "operatingIncome": 630000000,
    "operatingIncomeRatio": 0.2016129032,
    "totalOtherIncomeExpensesNet": -14000000,
    "incomeBeforeTax": 615600000,
    "incomeBeforeTaxRatio": 0.1970046083,
    "incomeTaxExpense": 167200000,
    "netIncome": 446200000,
    "netIncomeRatio": 0.1427931388,
    "eps": 1.21,
    "epsdiluted": 1.19,
    "weightedAverageShsOut": 369600000,
    "weightedAverageShsOutDil": 376000000,
    "link": "https://www.sec.gov/Archives/edgar/data/1001250/000110465916094265/0001104659-16-094265-index.htm",
    "finalLink": "https://www.sec.gov/Archives/edgar/data/1001250/000110465916094265/a15-23972_110q.htm"
  },
  {
    "date": "2015-09-30",
    "symbol": "EL",
    "reportedCurrency": "USD",
    "cik": "0001001250",
    "fillingDate": "2015-11-02",
    "acceptedDate": "2015-11-02 14:08:38",
    "calendarYear": "2016",
    "period": "Q1",
    "revenue": 2834700000,
    "costOfRevenue": 577200000,
    "grossProfit": 2257500000,
    "grossProfitRatio": 0.7963805694,
    "researchAndDevelopmentExpenses": 0,
    "generalAndAdministrativeExpenses": 1804300000,
    "sellingAndMarketingExpenses": 0,
    "sellingGeneralAndAdministrativeExpenses": 1804300000,
    "otherExpenses": 0,
    "operatingExpenses": 1805000000,
    "costAndExpenses": 2382000000,
    "interestIncome": 3000000,
    "interestExpense": 17100000,
    "depreciationAndAmortization": 98000000,
    "ebitda": 554000000,
    "ebitdaratio": 0.195435143,
    "operatingIncome": 453000000,
    "operatingIncomeRatio": 0.1598052704,
    "totalOtherIncomeExpensesNet": -14000000,
    "incomeBeforeTax": 439100000,
    "incomeBeforeTaxRatio": 0.1549017533,
    "incomeTaxExpense": 128300000,
    "netIncome": 309300000,
    "netIncomeRatio": 0.1091120754,
    "eps": 0.83,
    "epsdiluted": 0.82,
    "weightedAverageShsOut": 372500000,
    "weightedAverageShsOutDil": 379000000,
    "link": "https://www.sec.gov/Archives/edgar/data/1001250/000110465915074840/0001104659-15-074840-index.htm",
    "finalLink": "https://www.sec.gov/Archives/edgar/data/1001250/000110465915074840/a15-19200_110q.htm"
  },
  {
    "date": "2015-06-30",
    "symbol": "EL",
    "reportedCurrency": "USD",
    "cik": "0001001250",
    "fillingDate": "2015-08-20",
    "acceptedDate": "2015-08-20 15:37:29",
    "calendarYear": "2015",
    "period": "Q4",
    "revenue": 2524400000,
    "costOfRevenue": 488000000,
    "grossProfit": 2036400000,
    "grossProfitRatio": 0.8066867374,
    "researchAndDevelopmentExpenses": 0,
    "generalAndAdministrativeExpenses": 1808100000,
    "sellingAndMarketingExpenses": 0,
    "sellingGeneralAndAdministrativeExpenses": 1808100000,
    "otherExpenses": 0,
    "operatingExpenses": 1808100000,
    "costAndExpenses": 2296100000,
    "interestIncome": 5800000,
    "interestExpense": 15000000,
    "depreciationAndAmortization": 110700000,
    "ebitda": 344800000,
    "ebitdaratio": 0.1365869117,
    "operatingIncome": 228300000,
    "operatingIncomeRatio": 0.0904373316,
    "totalOtherIncomeExpensesNet": -9200000,
    "incomeBeforeTax": 219100000,
    "incomeBeforeTaxRatio": 0.0867929013,
    "incomeTaxExpense": 65300000,
    "netIncome": 153000000,
    "netIncomeRatio": 0.0606084614,
    "eps": 0.41,
    "epsdiluted": 0.4,
    "weightedAverageShsOut": 377000000,
    "weightedAverageShsOutDil": 383700000,
    "link": "https://www.sec.gov/Archives/edgar/data/1001250/000110465915061122/0001104659-15-061122-index.htm",
    "finalLink": "https://www.sec.gov/Archives/edgar/data/1001250/000110465915061122/a15-12311_110k.htm"
  },
  {
    "date": "2015-03-31",
    "symbol": "EL",
    "reportedCurrency": "USD",
    "cik": "0001001250",
    "fillingDate": "2015-05-05",
    "acceptedDate": "2015-05-05 14:59:22",
    "calendarYear": "2015",
    "period": "Q3",
    "revenue": 2580500000,
    "costOfRevenue": 502900000,
    "grossProfit": 2077600000,
    "grossProfitRatio": 0.8051152877,
    "researchAndDevelopmentExpenses": 0,
    "generalAndAdministrativeExpenses": 1680400000,
    "sellingAndMarketingExpenses": 0,
    "sellingGeneralAndAdministrativeExpenses": 1680400000,
    "otherExpenses": 0,
    "operatingExpenses": 1680400000,
    "costAndExpenses": 2183300000,
    "interestIncome": 3100000,
    "interestExpense": 15200000,
    "depreciationAndAmortization": 100000000,
    "ebitda": 500300000,
    "ebitdaratio": 0.1938771556,
    "operatingIncome": 397200000,
    "operatingIncomeRatio": 0.1539236582,
    "totalOtherIncomeExpensesNet": -12100000,
    "incomeBeforeTax": 385100000,
    "incomeBeforeTaxRatio": 0.1492346444,
    "incomeTaxExpense": 112400000,
    "netIncome": 272100000,
    "netIncomeRatio": 0.1054446813,
    "eps": 0.72,
    "epsdiluted": 0.71,
    "weightedAverageShsOut": 378500000,
    "weightedAverageShsOutDil": 384700000,
    "link": "https://www.sec.gov/Archives/edgar/data/1001250/000110465915034223/0001104659-15-034223-index.htm",
    "finalLink": "https://www.sec.gov/Archives/edgar/data/1001250/000110465915034223/a15-5611_110q.htm"
  },
  {
    "date": "2014-12-31",
    "symbol": "EL",
    "reportedCurrency": "USD",
    "cik": "0001001250",
    "fillingDate": "2015-02-05",
    "acceptedDate": "2015-02-05 15:02:58",
    "calendarYear": "2015",
    "period": "Q2",
    "revenue": 3044500000,
    "costOfRevenue": 573100000,
    "grossProfit": 2471400000,
    "grossProfitRatio": 0.8117589095,
    "researchAndDevelopmentExpenses": 0,
    "generalAndAdministrativeExpenses": 1838600000,
    "sellingAndMarketingExpenses": 0,
    "sellingGeneralAndAdministrativeExpenses": 1838600000,
    "otherExpenses": 0,
    "operatingExpenses": 1838600000,
    "costAndExpenses": 2411700000,
    "interestIncome": 3800000,
    "interestExpense": 15000000,
    "depreciationAndAmortization": 98000000,
    "ebitda": 734600000,
    "ebitdaratio": 0.2412875677,
    "operatingIncome": 632800000,
    "operatingIncomeRatio": 0.2078502217,
    "totalOtherIncomeExpensesNet": -11200000,
    "incomeBeforeTax": 621600000,
    "incomeBeforeTaxRatio": 0.2041714567,
    "incomeTaxExpense": 183900000,
    "netIncome": 435700000,
    "netIncomeRatio": 0.1431105272,
    "eps": 1.15,
    "epsdiluted": 1.13,
    "weightedAverageShsOut": 380000000,
    "weightedAverageShsOutDil": 386100000,
    "link": "https://www.sec.gov/Archives/edgar/data/1001250/000110465915006983/0001104659-15-006983-index.htm",
    "finalLink": "https://www.sec.gov/Archives/edgar/data/1001250/000110465915006983/a14-25281_110q.htm"
  },
  {
    "date": "2014-09-30",
    "symbol": "EL",
    "reportedCurrency": "USD",
    "cik": "0001001250",
    "fillingDate": "2014-11-04",
    "acceptedDate": "2014-11-04 16:20:45",
    "calendarYear": "2015",
    "period": "Q1",
    "revenue": 2631000000,
    "costOfRevenue": 536600000,
    "grossProfit": 2094400000,
    "grossProfitRatio": 0.7960471304,
    "researchAndDevelopmentExpenses": 0,
    "generalAndAdministrativeExpenses": 1746400000,
    "sellingAndMarketingExpenses": 0,
    "sellingGeneralAndAdministrativeExpenses": 1746400000,
    "otherExpenses": 0,
    "operatingExpenses": 1746400000,
    "costAndExpenses": 2283000000,
    "interestIncome": 0,
    "interestExpense": 13200000,
    "depreciationAndAmortization": 100600000,
    "ebitda": 450200000,
    "ebitdaratio": 0.171113645,
    "operatingIncome": 348000000,
    "operatingIncomeRatio": 0.1322690992,
    "totalOtherIncomeExpensesNet": -13200000,
    "incomeBeforeTax": 334800000,
    "incomeBeforeTaxRatio": 0.1272519954,
    "incomeTaxExpense": 105600000,
    "netIncome": 228100000,
    "netIncomeRatio": 0.0866970734,
    "eps": 0.6,
    "epsdiluted": 0.59,
    "weightedAverageShsOut": 381800000,
    "weightedAverageShsOutDil": 388200000,
    "link": "https://www.sec.gov/Archives/edgar/data/1001250/000110465914076517/0001104659-14-076517-index.htm",
    "finalLink": "https://www.sec.gov/Archives/edgar/data/1001250/000110465914076517/a14-20044_110q.htm"
  },
  {
    "date": "2014-06-30",
    "symbol": "EL",
    "reportedCurrency": "USD",
    "cik": "0001001250",
    "fillingDate": "2014-08-20",
    "acceptedDate": "2014-08-20 16:11:42",
    "calendarYear": "2014",
    "period": "Q4",
    "revenue": 2725300000,
    "costOfRevenue": 533800000,
    "grossProfit": 2191500000,
    "grossProfitRatio": 0.8041316552,
    "researchAndDevelopmentExpenses": 0,
    "generalAndAdministrativeExpenses": 1812000000,
    "sellingAndMarketingExpenses": 0,
    "sellingGeneralAndAdministrativeExpenses": 1812000000,
    "otherExpenses": -700000,
    "operatingExpenses": 1811300000,
    "costAndExpenses": 2345100000,
    "interestIncome": 0,
    "interestExpense": 12600000,
    "depreciationAndAmortization": 104600000,
    "ebitda": 484800000,
    "ebitdaratio": 0.1778886728,
    "operatingIncome": 380200000,
    "operatingIncomeRatio": 0.1395075771,
    "totalOtherIncomeExpensesNet": -12600000,
    "incomeBeforeTax": 367600000,
    "incomeBeforeTaxRatio": 0.1348842329,
    "incomeTaxExpense": 109200000,
    "netIncome": 257700000,
    "netIncomeRatio": 0.0945583972,
    "eps": 0.67,
    "epsdiluted": 0.66,
    "weightedAverageShsOut": 383000000,
    "weightedAverageShsOutDil": 389800000,
    "link": "https://www.sec.gov/Archives/edgar/data/1001250/000110465914062259/0001104659-14-062259-index.htm",
    "finalLink": "https://www.sec.gov/Archives/edgar/data/1001250/000110465914062259/a14-14862_110k.htm"
  },
  {
    "date": "2014-03-31",
    "symbol": "EL",
    "reportedCurrency": "USD",
    "cik": "0001001250",
    "fillingDate": "2014-05-02",
    "acceptedDate": "2014-05-02 16:10:14",
    "calendarYear": "2014",
    "period": "Q3",
    "revenue": 2549800000,
    "costOfRevenue": 498700000,
    "grossProfit": 2051100000,
    "grossProfitRatio": 0.8044160326,
    "researchAndDevelopmentExpenses": 0,
    "generalAndAdministrativeExpenses": 1709500000,
    "sellingAndMarketingExpenses": 0,
    "sellingGeneralAndAdministrativeExpenses": 1709500000,
    "otherExpenses": 0,
    "operatingExpenses": 1709500000,
    "costAndExpenses": 2208200000,
    "interestIncome": 0,
    "interestExpense": 12300000,
    "depreciationAndAmortization": 95600000,
    "ebitda": 439900000,
    "ebitdaratio": 0.1725233352,
    "operatingIncome": 341600000,
    "operatingIncomeRatio": 0.1339712919,
    "totalOtherIncomeExpensesNet": -12300000,
    "incomeBeforeTax": 329300000,
    "incomeBeforeTaxRatio": 0.1291473841,
    "incomeTaxExpense": 115600000,
    "netIncome": 213200000,
    "netIncomeRatio": 0.0836144011,
    "eps": 0.55,
    "epsdiluted": 0.54,
    "weightedAverageShsOut": 385800000,
    "weightedAverageShsOutDil": 392100000,
    "link": "https://www.sec.gov/Archives/edgar/data/1001250/000110465914034101/0001104659-14-034101-index.htm",
    "finalLink": "https://www.sec.gov/Archives/edgar/data/1001250/000110465914034101/a14-7129_110q.htm"
  },
  {
    "date": "2013-12-31",
    "symbol": "EL",
    "reportedCurrency": "USD",
    "cik": "0001001250",
    "fillingDate": "2014-02-05",
    "acceptedDate": "2014-02-05 16:08:25",
    "calendarYear": "2014",
    "period": "Q2",
    "revenue": 3018700000,
    "costOfRevenue": 581600000,
    "grossProfit": 2437100000,
    "grossProfitRatio": 0.807334283,
    "researchAndDevelopmentExpenses": 0,
    "generalAndAdministrativeExpenses": 1784200000,
    "sellingAndMarketingExpenses": 0,
    "sellingGeneralAndAdministrativeExpenses": 1784200000,
    "otherExpenses": -3400000,
    "operatingExpenses": 1780800000,
    "costAndExpenses": 2362400000,
    "interestIncome": 0,
    "interestExpense": 12400000,
    "depreciationAndAmortization": 95500000,
    "ebitda": 754000000,
    "ebitdaratio": 0.2497763938,
    "operatingIncome": 656300000,
    "operatingIncomeRatio": 0.2174114685,
    "totalOtherIncomeExpensesNet": -12400000,
    "incomeBeforeTax": 643900000,
    "incomeBeforeTaxRatio": 0.21330374,
    "incomeTaxExpense": 208700000,
    "netIncome": 432500000,
    "netIncomeRatio": 0.1432735946,
    "eps": 1.11,
    "epsdiluted": 1.09,
    "weightedAverageShsOut": 388300000,
    "weightedAverageShsOutDil": 395400000,
    "link": "https://www.sec.gov/Archives/edgar/data/1001250/000110465914006766/0001104659-14-006766-index.htm",
    "finalLink": "https://www.sec.gov/Archives/edgar/data/1001250/000110465914006766/a13-24950_110q.htm"
  },
  {
    "date": "2013-09-30",
    "symbol": "EL",
    "reportedCurrency": "USD",
    "cik": "0001001250",
    "fillingDate": "2013-11-01",
    "acceptedDate": "2013-11-01 13:25:38",
    "calendarYear": "2014",
    "period": "Q1",
    "revenue": 2675000000,
    "costOfRevenue": 544100000,
    "grossProfit": 2130900000,
    "grossProfitRatio": 0.7965981308,
    "researchAndDevelopmentExpenses": 0,
    "generalAndAdministrativeExpenses": 1680200000,
    "sellingAndMarketingExpenses": 0,
    "sellingGeneralAndAdministrativeExpenses": 1680200000,
    "otherExpenses": 1200000,
    "operatingExpenses": 1681400000,
    "costAndExpenses": 2225500000,
    "interestIncome": 0,
    "interestExpense": 13500000,
    "depreciationAndAmortization": 88900000,
    "ebitda": 538400000,
    "ebitdaratio": 0.201271028,
    "operatingIncome": 449500000,
    "operatingIncomeRatio": 0.1680373832,
    "totalOtherIncomeExpensesNet": -13500000,
    "incomeBeforeTax": 436000000,
    "incomeBeforeTaxRatio": 0.1629906542,
    "incomeTaxExpense": 134200000,
    "netIncome": 300700000,
    "netIncomeRatio": 0.112411215,
    "eps": 0.78,
    "epsdiluted": 0.76,
    "weightedAverageShsOut": 387800000,
    "weightedAverageShsOutDil": 394900000,
    "link": "https://www.sec.gov/Archives/edgar/data/1001250/000110465913079964/0001104659-13-079964-index.htm",
    "finalLink": "https://www.sec.gov/Archives/edgar/data/1001250/000110465913079964/a13-20042_110q.htm"
  },
  {
    "date": "2013-06-30",
    "symbol": "EL",
    "reportedCurrency": "USD",
    "cik": "0001001250",
    "fillingDate": "2013-08-23",
    "acceptedDate": "2013-08-23 14:23:47",
    "calendarYear": "2013",
    "period": "Q4",
    "revenue": 2407400000,
    "costOfRevenue": 475600000,
    "grossProfit": 1931800000,
    "grossProfitRatio": 0.8024424691,
    "researchAndDevelopmentExpenses": 0,
    "generalAndAdministrativeExpenses": 1765200000,
    "sellingAndMarketingExpenses": 0,
    "sellingGeneralAndAdministrativeExpenses": 1765200000,
    "otherExpenses": 20800000,
    "operatingExpenses": 1786000000,
    "costAndExpenses": 2261600000,
    "interestIncome": 0,
    "interestExpense": 13000000,
    "depreciationAndAmortization": 89700000,
    "ebitda": 235500000,
    "ebitdaratio": 0.0978233779,
    "operatingIncome": 145800000,
    "operatingIncomeRatio": 0.0605632633,
    "totalOtherIncomeExpensesNet": -13000000,
    "incomeBeforeTax": 132800000,
    "incomeBeforeTaxRatio": 0.0551632467,
    "incomeTaxExpense": 36900000,
    "netIncome": 94000000,
    "netIncomeRatio": 0.039046274,
    "eps": 0.24,
    "epsdiluted": 0.24,
    "weightedAverageShsOut": 388200000,
    "weightedAverageShsOutDil": 395500000,
    "link": "https://www.sec.gov/Archives/edgar/data/1001250/000110465913065820/0001104659-13-065820-index.htm",
    "finalLink": "https://www.sec.gov/Archives/edgar/data/1001250/000110465913065820/a13-12592_110k.htm"
  },
  {
    "date": "2013-03-31",
    "symbol": "EL",
    "reportedCurrency": "USD",
    "cik": "0001001250",
    "fillingDate": "2013-05-03",
    "acceptedDate": "2013-05-03 12:45:21",
    "calendarYear": "2013",
    "period": "Q3",
    "revenue": 2291800000,
    "costOfRevenue": 443100000,
    "grossProfit": 1848700000,
    "grossProfitRatio": 0.8066585217,
    "researchAndDevelopmentExpenses": 0,
    "generalAndAdministrativeExpenses": 1605300000,
    "sellingAndMarketingExpenses": 0,
    "sellingGeneralAndAdministrativeExpenses": 1605300000,
    "otherExpenses": -1700000,
    "operatingExpenses": 1603600000,
    "costAndExpenses": 2046700000,
    "interestIncome": 0,
    "interestExpense": 12600000,
    "depreciationAndAmortization": 90400000,
    "ebitda": 335500000,
    "ebitdaratio": 0.1463914827,
    "operatingIncome": 245100000,
    "operatingIncomeRatio": 0.1069465049,
    "totalOtherIncomeExpensesNet": -12600000,
    "incomeBeforeTax": 232500000,
    "incomeBeforeTaxRatio": 0.101448643,
    "incomeTaxExpense": 53600000,
    "netIncome": 178800000,
    "netIncomeRatio": 0.078017279,
    "eps": 0.46,
    "epsdiluted": 0.45,
    "weightedAverageShsOut": 387200000,
    "weightedAverageShsOutDil": 394000000,
    "link": "https://www.sec.gov/Archives/edgar/data/1001250/000110465913036980/0001104659-13-036980-index.htm",
    "finalLink": "https://www.sec.gov/Archives/edgar/data/1001250/000110465913036980/a13-5006_110q.htm"
  },
  {
    "date": "2012-12-31",
    "symbol": "EL",
    "reportedCurrency": "USD",
    "cik": "0001001250",
    "fillingDate": "2013-02-06",
    "acceptedDate": "2013-02-06 13:54:34",
    "calendarYear": "2013",
    "period": "Q2",
    "revenue": 2933000000,
    "costOfRevenue": 568000000,
    "grossProfit": 2365000000,
    "grossProfitRatio": 0.8063416297,
    "researchAndDevelopmentExpenses": 0,
    "generalAndAdministrativeExpenses": 1698600000,
    "sellingAndMarketingExpenses": 0,
    "sellingGeneralAndAdministrativeExpenses": 1698600000,
    "otherExpenses": 13300000,
    "operatingExpenses": 1711900000,
    "costAndExpenses": 2279900000,
    "interestIncome": 0,
    "interestExpense": 13400000,
    "depreciationAndAmortization": 79300000,
    "ebitda": 753700000,
    "ebitdaratio": 0.2569723832,
    "operatingIncome": 653100000,
    "operatingIncomeRatio": 0.222673031,
    "totalOtherIncomeExpensesNet": 7900000,
    "incomeBeforeTax": 661000000,
    "incomeBeforeTaxRatio": 0.2253665189,
    "incomeTaxExpense": 211600000,
    "netIncome": 447500000,
    "netIncomeRatio": 0.1525741562,
    "eps": 1.16,
    "epsdiluted": 1.13,
    "weightedAverageShsOut": 387400000,
    "weightedAverageShsOutDil": 394700000,
    "link": "https://www.sec.gov/Archives/edgar/data/1001250/000110465913007939/0001104659-13-007939-index.htm",
    "finalLink": "https://www.sec.gov/Archives/edgar/data/1001250/000110465913007939/a12-28228_110q.htm"
  },
  {
    "date": "2012-09-30",
    "symbol": "EL",
    "reportedCurrency": "USD",
    "cik": "0001001250",
    "fillingDate": "2012-11-02",
    "acceptedDate": "2012-11-02 14:53:01",
    "calendarYear": "2013",
    "period": "Q1",
    "revenue": 2549500000,
    "costOfRevenue": 539200000,
    "grossProfit": 2010300000,
    "grossProfitRatio": 0.7885075505,
    "researchAndDevelopmentExpenses": 0,
    "generalAndAdministrativeExpenses": 1527900000,
    "sellingAndMarketingExpenses": 0,
    "sellingGeneralAndAdministrativeExpenses": 1527900000,
    "otherExpenses": 400000,
    "operatingExpenses": 1528300000,
    "costAndExpenses": 2067500000,
    "interestIncome": 0,
    "interestExpense": 34900000,
    "depreciationAndAmortization": 77500000,
    "ebitda": 542200000,
    "ebitdaratio": 0.2126691508,
    "operatingIncome": 482000000,
    "operatingIncomeRatio": 0.1890566778,
    "totalOtherIncomeExpensesNet": -33100000,
    "incomeBeforeTax": 448900000,
    "incomeBeforeTaxRatio": 0.1760737399,
    "incomeTaxExpense": 149300000,
    "netIncome": 299500000,
    "netIncomeRatio": 0.1174740145,
    "eps": 0.77,
    "epsdiluted": 0.76,
    "weightedAverageShsOut": 387800000,
    "weightedAverageShsOutDil": 395500000,
    "link": "https://www.sec.gov/Archives/edgar/data/1001250/000110465912073618/0001104659-12-073618-index.htm",
    "finalLink": "https://www.sec.gov/Archives/edgar/data/1001250/000110465912073618/a12-19563_110q.htm"
  },
  {
    "date": "2012-06-30",
    "symbol": "EL",
    "reportedCurrency": "USD",
    "cik": "0001001250",
    "fillingDate": "2012-08-17",
    "acceptedDate": "2012-08-17 16:24:54",
    "calendarYear": "2012",
    "period": "Q4",
    "revenue": 2251200000,
    "costOfRevenue": 441200000,
    "grossProfit": 1810000000,
    "grossProfitRatio": 0.8040156361,
    "researchAndDevelopmentExpenses": 0,
    "generalAndAdministrativeExpenses": 1701400000,
    "sellingAndMarketingExpenses": 0,
    "sellingGeneralAndAdministrativeExpenses": 1701400000,
    "otherExpenses": 35400000,
    "operatingExpenses": 1736800000,
    "costAndExpenses": 2178000000,
    "interestIncome": 0,
    "interestExpense": 14000000,
    "depreciationAndAmortization": 80400000,
    "ebitda": 153600000,
    "ebitdaratio": 0.0682302772,
    "operatingIncome": 73200000,
    "operatingIncomeRatio": 0.0325159915,
    "totalOtherIncomeExpensesNet": -14000000,
    "incomeBeforeTax": 59200000,
    "incomeBeforeTaxRatio": 0.026297086,
    "incomeTaxExpense": 7000000,
    "netIncome": 51200000,
    "netIncomeRatio": 0.0227434257,
    "eps": 0.13,
    "epsdiluted": 0.13,
    "weightedAverageShsOut": 388200000,
    "weightedAverageShsOutDil": 388200000,
    "link": "https://www.sec.gov/Archives/edgar/data/1001250/000110465912058698/0001104659-12-058698-index.htm",
    "finalLink": "https://www.sec.gov/Archives/edgar/data/1001250/000110465912058698/a12-12514_110k.htm"
  },
  {
    "date": "2012-03-31",
    "symbol": "EL",
    "reportedCurrency": "USD",
    "cik": "0001001250",
    "fillingDate": "2012-05-07",
    "acceptedDate": "2012-05-07 09:15:49",
    "calendarYear": "2012",
    "period": "Q3",
    "revenue": 2248200000,
    "costOfRevenue": 469300000,
    "grossProfit": 1778900000,
    "grossProfitRatio": 0.7912552264,
    "researchAndDevelopmentExpenses": 0,
    "generalAndAdministrativeExpenses": 1539000000,
    "sellingAndMarketingExpenses": 0,
    "sellingGeneralAndAdministrativeExpenses": 1539000000,
    "otherExpenses": 28400000,
    "operatingExpenses": 1567400000,
    "costAndExpenses": 2036700000,
    "interestIncome": 0,
    "interestExpense": 14500000,
    "depreciationAndAmortization": 74400000,
    "ebitda": 285900000,
    "ebitdaratio": 0.1271684014,
    "operatingIncome": 211500000,
    "operatingIncomeRatio": 0.0940752602,
    "totalOtherIncomeExpensesNet": -14500000,
    "incomeBeforeTax": 197000000,
    "incomeBeforeTaxRatio": 0.0876256561,
    "incomeTaxExpense": 65700000,
    "netIncome": 130400000,
    "netIncomeRatio": 0.0580019571,
    "eps": 0.34,
    "epsdiluted": 0.33,
    "weightedAverageShsOut": 388200000,
    "weightedAverageShsOutDil": 396300000,
    "link": "https://www.sec.gov/Archives/edgar/data/1001250/000110465912033532/0001104659-12-033532-index.htm",
    "finalLink": "https://www.sec.gov/Archives/edgar/data/1001250/000110465912033532/a12-5846_110q.htm"
  },
  {
    "date": "2011-12-31",
    "symbol": "EL",
    "reportedCurrency": "USD",
    "cik": "0001001250",
    "fillingDate": "2012-02-06",
    "acceptedDate": "2012-02-06 09:09:30",
    "calendarYear": "2012",
    "period": "Q2",
    "revenue": 2737500000,
    "costOfRevenue": 551000000,
    "grossProfit": 2186500000,
    "grossProfitRatio": 0.7987214612,
    "researchAndDevelopmentExpenses": 0,
    "generalAndAdministrativeExpenses": 1576700000,
    "sellingAndMarketingExpenses": 0,
    "sellingGeneralAndAdministrativeExpenses": 1576700000,
    "otherExpenses": 12800000,
    "operatingExpenses": 1589500000,
    "costAndExpenses": 2140500000,
    "interestIncome": 0,
    "interestExpense": 16600000,
    "depreciationAndAmortization": 71400000,
    "ebitda": 678900000,
    "ebitdaratio": 0.248,
    "operatingIncome": 597000000,
    "operatingIncomeRatio": 0.2180821918,
    "totalOtherIncomeExpensesNet": -6100000,
    "incomeBeforeTax": 590900000,
    "incomeBeforeTaxRatio": 0.2158538813,
    "incomeTaxExpense": 192500000,
    "netIncome": 396700000,
    "netIncomeRatio": 0.144913242,
    "eps": 1.03,
    "epsdiluted": 1,
    "weightedAverageShsOut": 386800000,
    "weightedAverageShsOutDil": 395200000,
    "link": "https://www.sec.gov/Archives/edgar/data/1001250/000110465912006720/0001104659-12-006720-index.htm",
    "finalLink": "https://www.sec.gov/Archives/edgar/data/1001250/000110465912006720/a11-29930_110q.htm"
  },
  {
    "date": "2011-09-30",
    "symbol": "EL",
    "reportedCurrency": "USD",
    "cik": "0001001250",
    "fillingDate": "2011-11-04",
    "acceptedDate": "2011-11-04 10:55:16",
    "calendarYear": "2012",
    "period": "Q1",
    "revenue": 2476700000,
    "costOfRevenue": 534300000,
    "grossProfit": 1942400000,
    "grossProfitRatio": 0.7842693907,
    "researchAndDevelopmentExpenses": 0,
    "generalAndAdministrativeExpenses": 1507700000,
    "sellingAndMarketingExpenses": 0,
    "sellingGeneralAndAdministrativeExpenses": 1507700000,
    "otherExpenses": 4700000,
    "operatingExpenses": 1512400000,
    "costAndExpenses": 2046700000,
    "interestIncome": 0,
    "interestExpense": 16000000,
    "depreciationAndAmortization": 69600000,
    "ebitda": 499600000,
    "ebitdaratio": 0.2017200307,
    "operatingIncome": 430000000,
    "operatingIncomeRatio": 0.1736181209,
    "totalOtherIncomeExpensesNet": -16000000,
    "incomeBeforeTax": 414000000,
    "incomeBeforeTaxRatio": 0.1671579117,
    "incomeTaxExpense": 135400000,
    "netIncome": 278600000,
    "netIncomeRatio": 0.1124883918,
    "eps": 0.72,
    "epsdiluted": 0.7,
    "weightedAverageShsOut": 390600000,
    "weightedAverageShsOutDil": 399200000,
    "link": "https://www.sec.gov/Archives/edgar/data/1001250/000110465911060914/0001104659-11-060914-index.htm",
    "finalLink": "https://www.sec.gov/Archives/edgar/data/1001250/000110465911060914/a11-26271_110q.htm"
  },
  {
    "date": "2011-06-30",
    "symbol": "EL",
    "reportedCurrency": "USD",
    "cik": "0001001250",
    "fillingDate": "2011-08-22",
    "acceptedDate": "2011-08-22 12:55:47",
    "calendarYear": "2011",
    "period": "Q4",
    "revenue": 2060600000,
    "costOfRevenue": 425100000,
    "grossProfit": 1635500000,
    "grossProfitRatio": 0.7937008638,
    "researchAndDevelopmentExpenses": 0,
    "generalAndAdministrativeExpenses": 1559800000,
    "sellingAndMarketingExpenses": 0,
    "sellingGeneralAndAdministrativeExpenses": 1559800000,
    "otherExpenses": 11100000,
    "operatingExpenses": 1570900000,
    "costAndExpenses": 1996000000,
    "interestIncome": -96000000,
    "interestExpense": 15900000,
    "depreciationAndAmortization": 81800000,
    "ebitda": 106800000,
    "ebitdaratio": 0.0518295642,
    "operatingIncome": 64600000,
    "operatingIncomeRatio": 0.0313500922,
    "totalOtherIncomeExpensesNet": -15900000,
    "incomeBeforeTax": 48700000,
    "incomeBeforeTaxRatio": 0.023633893,
    "incomeTaxExpense": 5500000,
    "netIncome": 41100000,
    "netIncomeRatio": 0.0199456469,
    "eps": 0.1,
    "epsdiluted": 0.1,
    "weightedAverageShsOut": 394000000,
    "weightedAverageShsOutDil": 395400000,
    "link": "https://www.sec.gov/Archives/edgar/data/1001250/000110465911048120/0001104659-11-048120-index.htm",
    "finalLink": "https://www.sec.gov/Archives/edgar/data/1001250/000110465911048120/a11-17991_110k.htm"
  },
  {
    "date": "2011-03-31",
    "symbol": "EL",
    "reportedCurrency": "USD",
    "cik": "0001001250",
    "fillingDate": "2011-05-06",
    "acceptedDate": "2011-05-06 12:07:28",
    "calendarYear": "2011",
    "period": "Q3",
    "revenue": 2165700000,
    "costOfRevenue": 482600000,
    "grossProfit": 1683100000,
    "grossProfitRatio": 0.7771621185,
    "researchAndDevelopmentExpenses": 0,
    "generalAndAdministrativeExpenses": 1415900000,
    "sellingAndMarketingExpenses": 0,
    "sellingGeneralAndAdministrativeExpenses": 1415900000,
    "otherExpenses": 58100000,
    "operatingExpenses": 1474000000,
    "costAndExpenses": 1956600000,
    "interestIncome": 0,
    "interestExpense": 15800000,
    "depreciationAndAmortization": 77300000,
    "ebitda": 286400000,
    "ebitdaratio": 0.1322436164,
    "operatingIncome": 209100000,
    "operatingIncomeRatio": 0.0965507688,
    "totalOtherIncomeExpensesNet": -15800000,
    "incomeBeforeTax": 193300000,
    "incomeBeforeTaxRatio": 0.0892552062,
    "incomeTaxExpense": 68200000,
    "netIncome": 124700000,
    "netIncomeRatio": 0.0575795355,
    "eps": 0.32,
    "epsdiluted": 0.31,
    "weightedAverageShsOut": 395400000,
    "weightedAverageShsOutDil": 404000000,
    "link": "https://www.sec.gov/Archives/edgar/data/1001250/000110465911026692/0001104659-11-026692-index.htm",
    "finalLink": "https://www.sec.gov/Archives/edgar/data/1001250/000110465911026692/a11-7816_110q.htm"
  },
  {
    "date": "2010-12-31",
    "symbol": "EL",
    "reportedCurrency": "USD",
    "cik": "0001001250",
    "fillingDate": "2011-02-04",
    "acceptedDate": "2011-02-04 17:13:22",
    "calendarYear": "2011",
    "period": "Q2",
    "revenue": 2492000000,
    "costOfRevenue": 541100000,
    "grossProfit": 1950900000,
    "grossProfitRatio": 0.7828651685,
    "researchAndDevelopmentExpenses": 0,
    "generalAndAdministrativeExpenses": 1419200000,
    "sellingAndMarketingExpenses": 0,
    "sellingGeneralAndAdministrativeExpenses": 1419200000,
    "otherExpenses": 14000000,
    "operatingExpenses": 1433200000,
    "costAndExpenses": 1974300000,
    "interestIncome": 0,
    "interestExpense": 16100000,
    "depreciationAndAmortization": 66500000,
    "ebitda": 598200000,
    "ebitdaratio": 0.2400481541,
    "operatingIncome": 517700000,
    "operatingIncomeRatio": 0.2077447833,
    "totalOtherIncomeExpensesNet": -16100000,
    "incomeBeforeTax": 501600000,
    "incomeBeforeTaxRatio": 0.2012841091,
    "incomeTaxExpense": 155700000,
    "netIncome": 343900000,
    "netIncomeRatio": 0.1380016051,
    "eps": 0.88,
    "epsdiluted": 0.86,
    "weightedAverageShsOut": 393400000,
    "weightedAverageShsOutDil": 401800000,
    "link": "https://www.sec.gov/Archives/edgar/data/1001250/000110465911005139/0001104659-11-005139-index.htm",
    "finalLink": "https://www.sec.gov/Archives/edgar/data/1001250/000110465911005139/a10-22874_110q.htm"
  },
  {
    "date": "2010-09-30",
    "symbol": "EL",
    "reportedCurrency": "USD",
    "cik": "0001001250",
    "fillingDate": "2010-11-01",
    "acceptedDate": "2010-11-01 16:53:18",
    "calendarYear": "2011",
    "period": "Q1",
    "revenue": 2091700000,
    "costOfRevenue": 488100000,
    "grossProfit": 1603600000,
    "grossProfitRatio": 0.7666491371,
    "researchAndDevelopmentExpenses": 0,
    "generalAndAdministrativeExpenses": 1301800000,
    "sellingAndMarketingExpenses": 0,
    "sellingGeneralAndAdministrativeExpenses": 1301800000,
    "otherExpenses": 3800000,
    "operatingExpenses": 1305600000,
    "costAndExpenses": 1793700000,
    "interestIncome": 0,
    "interestExpense": 16100000,
    "depreciationAndAmortization": 68800000,
    "ebitda": 370600000,
    "ebitdaratio": 0.1771764593,
    "operatingIncome": 298000000,
    "operatingIncomeRatio": 0.1424678491,
    "totalOtherIncomeExpensesNet": -16100000,
    "incomeBeforeTax": 281900000,
    "incomeBeforeTaxRatio": 0.1347707606,
    "incomeTaxExpense": 92300000,
    "netIncome": 191100000,
    "netIncomeRatio": 0.0913610938,
    "eps": 0.49,
    "epsdiluted": 0.48,
    "weightedAverageShsOut": 393400000,
    "weightedAverageShsOutDil": 400800000,
    "link": "https://www.sec.gov/Archives/edgar/data/1001250/000110465910055000/0001104659-10-055000-index.htm",
    "finalLink": "https://www.sec.gov/Archives/edgar/data/1001250/000110465910055000/a10-18232_110q.htm"
  },
  {
    "date": "2010-06-30",
    "symbol": "EL",
    "reportedCurrency": "USD",
    "cik": "0001001250",
    "fillingDate": "2010-08-20",
    "acceptedDate": "2010-08-20 06:02:45",
    "calendarYear": "2010",
    "period": "Q4",
    "revenue": 1840100000,
    "costOfRevenue": 414300000,
    "grossProfit": 1425800000,
    "grossProfitRatio": 0.774849193,
    "researchAndDevelopmentExpenses": 0,
    "generalAndAdministrativeExpenses": 1358300000,
    "sellingAndMarketingExpenses": 0,
    "sellingGeneralAndAdministrativeExpenses": 1358300000,
    "otherExpenses": 23900000,
    "operatingExpenses": 1382200000,
    "costAndExpenses": 1796500000,
    "interestIncome": 0,
    "interestExpense": 16600000,
    "depreciationAndAmortization": 66900000,
    "ebitda": 134400000,
    "ebitdaratio": 0.0730395087,
    "operatingIncome": 43600000,
    "operatingIncomeRatio": 0.0236943644,
    "totalOtherIncomeExpensesNet": -43900000,
    "incomeBeforeTax": -300000,
    "incomeBeforeTaxRatio": -0.0001630346,
    "incomeTaxExpense": -25300000,
    "netIncome": 23900000,
    "netIncomeRatio": 0.0129884245,
    "eps": 0.0604,
    "epsdiluted": 0.0604,
    "weightedAverageShsOut": 396000000,
    "weightedAverageShsOutDil": 396000000,
    "link": "https://www.sec.gov/Archives/edgar/data/1001250/000110465910045250/0001104659-10-045250-index.htm",
    "finalLink": "https://www.sec.gov/Archives/edgar/data/1001250/000110465910045250/a10-15930_110k.htm"
  },
  {
    "date": "2010-03-31",
    "symbol": "EL",
    "reportedCurrency": "USD",
    "cik": "0001001250",
    "fillingDate": "2010-04-27",
    "acceptedDate": "2010-04-27 17:30:50",
    "calendarYear": "2010",
    "period": "Q3",
    "revenue": 1860000000,
    "costOfRevenue": 444600000,
    "grossProfit": 1415400000,
    "grossProfitRatio": 0.7609677419,
    "researchAndDevelopmentExpenses": 0,
    "generalAndAdministrativeExpenses": 1276600000,
    "sellingAndMarketingExpenses": 0,
    "sellingGeneralAndAdministrativeExpenses": 1276600000,
    "otherExpenses": 12500000,
    "operatingExpenses": 1289100000,
    "costAndExpenses": 1733700000,
    "interestIncome": 0,
    "interestExpense": 18200000,
    "depreciationAndAmortization": 69100000,
    "ebitda": 207900000,
    "ebitdaratio": 0.1117741935,
    "operatingIncome": 126300000,
    "operatingIncomeRatio": 0.0679032258,
    "totalOtherIncomeExpensesNet": -18200000,
    "incomeBeforeTax": 108100000,
    "incomeBeforeTaxRatio": 0.0581182796,
    "incomeTaxExpense": 50200000,
    "netIncome": 57500000,
    "netIncomeRatio": 0.0309139785,
    "eps": 0.14,
    "epsdiluted": 0.14,
    "weightedAverageShsOut": 396000000,
    "weightedAverageShsOutDil": 403600000,
    "link": "https://www.sec.gov/Archives/edgar/data/1001250/000110465910022169/0001104659-10-022169-index.htm",
    "finalLink": "https://www.sec.gov/Archives/edgar/data/1001250/000110465910022169/a10-6182_110q.htm"
  },
  {
    "date": "2009-12-31",
    "symbol": "EL",
    "reportedCurrency": "USD",
    "cik": "0001001250",
    "fillingDate": "2010-01-28",
    "acceptedDate": "2010-01-28 17:23:32",
    "calendarYear": "2010",
    "period": "Q2",
    "revenue": 2262300000,
    "costOfRevenue": 525400000,
    "grossProfit": 1736900000,
    "grossProfitRatio": 0.7677584759,
    "researchAndDevelopmentExpenses": 0,
    "generalAndAdministrativeExpenses": 1282400000,
    "sellingAndMarketingExpenses": 0,
    "sellingGeneralAndAdministrativeExpenses": 1282400000,
    "otherExpenses": 54900000,
    "operatingExpenses": 1337300000,
    "costAndExpenses": 1862700000,
    "interestIncome": 0,
    "interestExpense": 19900000,
    "depreciationAndAmortization": 62400000,
    "ebitda": 516900000,
    "ebitdaratio": 0.2284842859,
    "operatingIncome": 399600000,
    "operatingIncomeRatio": 0.1766343986,
    "totalOtherIncomeExpensesNet": -19900000,
    "incomeBeforeTax": 379700000,
    "incomeBeforeTaxRatio": 0.1678380409,
    "incomeTaxExpense": 118000000,
    "netIncome": 256200000,
    "netIncomeRatio": 0.1132475799,
    "eps": 0.65,
    "epsdiluted": 0.64,
    "weightedAverageShsOut": 394600000,
    "weightedAverageShsOutDil": 400800000,
    "link": "https://www.sec.gov/Archives/edgar/data/1001250/000110465910003688/0001104659-10-003688-index.htm",
    "finalLink": "https://www.sec.gov/Archives/edgar/data/1001250/000110465910003688/a10-2446_110q.htm"
  },
  {
    "date": "2009-09-30",
    "symbol": "EL",
    "reportedCurrency": "USD",
    "cik": "0001001250",
    "fillingDate": "2009-10-30",
    "acceptedDate": "2009-10-30 17:23:54",
    "calendarYear": "2010",
    "period": "Q1",
    "revenue": 1833400000,
    "costOfRevenue": 445100000,
    "grossProfit": 1388300000,
    "grossProfitRatio": 0.7572270099,
    "researchAndDevelopmentExpenses": 0,
    "generalAndAdministrativeExpenses": 1149700000,
    "sellingAndMarketingExpenses": 0,
    "sellingGeneralAndAdministrativeExpenses": 1149700000,
    "otherExpenses": 18200000,
    "operatingExpenses": 1167900000,
    "costAndExpenses": 1613000000,
    "interestIncome": 39200000,
    "interestExpense": 19600000,
    "depreciationAndAmortization": 65300000,
    "ebitda": 303900000,
    "ebitdaratio": 0.1657576088,
    "operatingIncome": 220400000,
    "operatingIncomeRatio": 0.1202138104,
    "totalOtherIncomeExpensesNet": -19600000,
    "incomeBeforeTax": 200800000,
    "incomeBeforeTaxRatio": 0.1095232901,
    "incomeTaxExpense": 63000000,
    "netIncome": 140700000,
    "netIncomeRatio": 0.0767426639,
    "eps": 0.36,
    "epsdiluted": 0.36,
    "weightedAverageShsOut": 393400000,
    "weightedAverageShsOutDil": 396400000,
    "link": "https://www.sec.gov/Archives/edgar/data/1001250/000110465909061587/0001104659-09-061587-index.htm",
    "finalLink": "https://www.sec.gov/Archives/edgar/data/1001250/000110465909061587/a09-31681_210q.htm"
  },
  {
    "date": "2009-06-30",
    "symbol": "EL",
    "reportedCurrency": "USD",
    "cik": "0001001250",
    "fillingDate": "2009-08-19",
    "acceptedDate": "2009-08-19 17:20:46",
    "calendarYear": "2009",
    "period": "Q4",
    "revenue": 1682800000,
    "costOfRevenue": 427100000,
    "grossProfit": 1255700000,
    "grossProfitRatio": 0.7461968148,
    "researchAndDevelopmentExpenses": 0,
    "generalAndAdministrativeExpenses": 1151700000,
    "sellingAndMarketingExpenses": 0,
    "sellingGeneralAndAdministrativeExpenses": 1151700000,
    "otherExpenses": 118700000,
    "operatingExpenses": 1270400000,
    "costAndExpenses": 1697500000,
    "interestIncome": 0,
    "interestExpense": 20200000,
    "depreciationAndAmortization": 62200000,
    "ebitda": 47500000,
    "ebitdaratio": 0.0282267649,
    "operatingIncome": -14700000,
    "operatingIncomeRatio": -0.0087354409,
    "totalOtherIncomeExpensesNet": -20200000,
    "incomeBeforeTax": -34900000,
    "incomeBeforeTaxRatio": -0.0207392441,
    "incomeTaxExpense": -22500000,
    "netIncome": -17900000,
    "netIncomeRatio": -0.0106370335,
    "eps": -0.0455,
    "epsdiluted": -0.0455,
    "weightedAverageShsOut": 393200000,
    "weightedAverageShsOutDil": 393400000,
    "link": "https://www.sec.gov/Archives/edgar/data/1001250/000110465909050626/0001104659-09-050626-index.htm",
    "finalLink": "https://www.sec.gov/Archives/edgar/data/1001250/000110465909050626/a09-23484_110k.htm"
  },
  {
    "date": "2009-03-31",
    "symbol": "EL",
    "reportedCurrency": "USD",
    "cik": "0001001250",
    "fillingDate": "2009-05-05",
    "acceptedDate": "2009-05-04 18:45:36",
    "calendarYear": "2009",
    "period": "Q3",
    "revenue": 1696500000,
    "costOfRevenue": 446400000,
    "grossProfit": 1250100000,
    "grossProfitRatio": 0.7368700265,
    "researchAndDevelopmentExpenses": 0,
    "generalAndAdministrativeExpenses": 1159000000,
    "sellingAndMarketingExpenses": 0,
    "sellingGeneralAndAdministrativeExpenses": 1159000000,
    "otherExpenses": 20800000,
    "operatingExpenses": 1179800000,
    "costAndExpenses": 1626200000,
    "interestIncome": 0,
    "interestExpense": 20600000,
    "depreciationAndAmortization": 65900000,
    "ebitda": 157000000,
    "ebitdaratio": 0.0925434719,
    "operatingIncome": 70300000,
    "operatingIncomeRatio": 0.0414382552,
    "totalOtherIncomeExpensesNet": -20600000,
    "incomeBeforeTax": 49700000,
    "incomeBeforeTaxRatio": 0.0292956086,
    "incomeTaxExpense": 21400000,
    "netIncome": 27200000,
    "netIncomeRatio": 0.0160330091,
    "eps": 0.07,
    "epsdiluted": 0.07,
    "weightedAverageShsOut": 393400000,
    "weightedAverageShsOutDil": 394400000,
    "link": "https://www.sec.gov/Archives/edgar/data/1001250/000110465909029123/0001104659-09-029123-index.htm",
    "finalLink": "https://www.sec.gov/Archives/edgar/data/1001250/000110465909029123/a09-12038_110q.htm"
  },
  {
    "date": "2008-12-31",
    "symbol": "EL",
    "reportedCurrency": "USD",
    "cik": "0001001250",
    "fillingDate": "2009-02-05",
    "acceptedDate": "2009-02-05 17:21:06",
    "calendarYear": "2009",
    "period": "Q2",
    "revenue": 2041000000,
    "costOfRevenue": 508000000,
    "grossProfit": 1533000000,
    "grossProfitRatio": 0.7511024008,
    "researchAndDevelopmentExpenses": 0,
    "generalAndAdministrativeExpenses": 1262400000,
    "sellingAndMarketingExpenses": 0,
    "sellingGeneralAndAdministrativeExpenses": 1262400000,
    "otherExpenses": 300000,
    "operatingExpenses": 1262700000,
    "costAndExpenses": 1770700000,
    "interestIncome": 0,
    "interestExpense": 19600000,
    "depreciationAndAmortization": 63300000,
    "ebitda": 333900000,
    "ebitdaratio": 0.1635962763,
    "operatingIncome": 270300000,
    "operatingIncomeRatio": 0.1324350808,
    "totalOtherIncomeExpensesNet": -19600000,
    "incomeBeforeTax": 250700000,
    "incomeBeforeTaxRatio": 0.1228319451,
    "incomeTaxExpense": 89400000,
    "netIncome": 158000000,
    "netIncomeRatio": 0.0774130328,
    "eps": 0.4,
    "epsdiluted": 0.4,
    "weightedAverageShsOut": 393200000,
    "weightedAverageShsOutDil": 395000000,
    "link": "https://www.sec.gov/Archives/edgar/data/1001250/000110465909006911/0001104659-09-006911-index.htm",
    "finalLink": "https://www.sec.gov/Archives/edgar/data/1001250/000110465909006911/a09-4626_110q.htm"
  },
  {
    "date": "2008-09-30",
    "symbol": "EL",
    "reportedCurrency": "USD",
    "cik": "0001001250",
    "fillingDate": "2008-10-28",
    "acceptedDate": "2008-10-28 14:43:46",
    "calendarYear": "2009",
    "period": "Q1",
    "revenue": 1903500000,
    "costOfRevenue": 500100000,
    "grossProfit": 1403400000,
    "grossProfitRatio": 0.7372734437,
    "researchAndDevelopmentExpenses": 0,
    "generalAndAdministrativeExpenses": 1310800000,
    "sellingAndMarketingExpenses": 0,
    "sellingGeneralAndAdministrativeExpenses": 1310800000,
    "otherExpenses": 100000,
    "operatingExpenses": 1310900000,
    "costAndExpenses": 1811000000,
    "interestIncome": 0,
    "interestExpense": 15300000,
    "depreciationAndAmortization": 62600000,
    "ebitda": 155100000,
    "ebitdaratio": 0.0814814815,
    "operatingIncome": 92500000,
    "operatingIncomeRatio": 0.048594694,
    "totalOtherIncomeExpensesNet": -15300000,
    "incomeBeforeTax": 77200000,
    "incomeBeforeTaxRatio": 0.0405568689,
    "incomeTaxExpense": 27600000,
    "netIncome": 51100000,
    "netIncomeRatio": 0.026845285,
    "eps": 0.13,
    "epsdiluted": 0.13,
    "weightedAverageShsOut": 390600000,
    "weightedAverageShsOutDil": 397600000,
    "link": "https://www.sec.gov/Archives/edgar/data/1001250/000110465908066226/0001104659-08-066226-index.htm",
    "finalLink": "https://www.sec.gov/Archives/edgar/data/1001250/000110465908066226/a08-26650_110q.htm"
  },
  {
    "date": "2008-06-30",
    "symbol": "EL",
    "reportedCurrency": "USD",
    "cik": "0001001250",
    "fillingDate": "2008-08-21",
    "acceptedDate": "2008-08-21 17:07:40",
    "calendarYear": "2008",
    "period": "Q4",
    "revenue": 2012100000,
    "costOfRevenue": 490600000,
    "grossProfit": 1521500000,
    "grossProfitRatio": 0.7561751404,
    "researchAndDevelopmentExpenses": 0,
    "generalAndAdministrativeExpenses": 1319500000,
    "sellingAndMarketingExpenses": 0,
    "sellingGeneralAndAdministrativeExpenses": 1319500000,
    "otherExpenses": 900000,
    "operatingExpenses": 1320400000,
    "costAndExpenses": 1811000000,
    "interestIncome": 0,
    "interestExpense": 14000000,
    "depreciationAndAmortization": 66200000,
    "ebitda": 267300000,
    "ebitdaratio": 0.13284628,
    "operatingIncome": 201100000,
    "operatingIncomeRatio": 0.0999453307,
    "totalOtherIncomeExpensesNet": -14000000,
    "incomeBeforeTax": 187100000,
    "incomeBeforeTaxRatio": 0.0929874261,
    "incomeTaxExpense": 62200000,
    "netIncome": 120200000,
    "netIncomeRatio": 0.0597385816,
    "eps": 0.31,
    "epsdiluted": 0.31,
    "weightedAverageShsOut": 387800000,
    "weightedAverageShsOutDil": 387800000,
    "link": "https://www.sec.gov/Archives/edgar/data/1001250/000110465908054348/0001104659-08-054348-index.htm",
    "finalLink": "https://www.sec.gov/Archives/edgar/data/1001250/000110465908054348/a08-22004_110k.htm"
  },
  {
    "date": "2008-03-31",
    "symbol": "EL",
    "reportedCurrency": "USD",
    "cik": "0001001250",
    "fillingDate": "2008-05-06",
    "acceptedDate": "2008-05-06 17:24:26",
    "calendarYear": "2008",
    "period": "Q3",
    "revenue": 1879800000,
    "costOfRevenue": 471900000,
    "grossProfit": 1407900000,
    "grossProfitRatio": 0.7489626556,
    "researchAndDevelopmentExpenses": 0,
    "generalAndAdministrativeExpenses": 1247400000,
    "sellingAndMarketingExpenses": 0,
    "sellingGeneralAndAdministrativeExpenses": 1247400000,
    "otherExpenses": -700000,
    "operatingExpenses": 1246700000,
    "costAndExpenses": 1718600000,
    "interestIncome": 0,
    "interestExpense": 16100000,
    "depreciationAndAmortization": 62600000,
    "ebitda": 223800000,
    "ebitdaratio": 0.1190552186,
    "operatingIncome": 161200000,
    "operatingIncomeRatio": 0.0857538036,
    "totalOtherIncomeExpensesNet": -16100000,
    "incomeBeforeTax": 145100000,
    "incomeBeforeTaxRatio": 0.0771890627,
    "incomeTaxExpense": 53700000,
    "netIncome": 90100000,
    "netIncomeRatio": 0.0479306309,
    "eps": 0.24,
    "epsdiluted": 0.23,
    "weightedAverageShsOut": 387800000,
    "weightedAverageShsOutDil": 393200000,
    "link": "https://www.sec.gov/Archives/edgar/data/1001250/000110465908030367/0001104659-08-030367-index.htm",
    "finalLink": "https://www.sec.gov/Archives/edgar/data/1001250/000110465908030367/a08-13266_110q.htm"
  },
  {
    "date": "2007-12-31",
    "symbol": "EL",
    "reportedCurrency": "USD",
    "cik": "0001001250",
    "fillingDate": "2008-02-01",
    "acceptedDate": "2008-02-01 17:28:19",
    "calendarYear": "2008",
    "period": "Q2",
    "revenue": 2308800000,
    "costOfRevenue": 578500000,
    "grossProfit": 1730300000,
    "grossProfitRatio": 0.7494369369,
    "researchAndDevelopmentExpenses": 0,
    "generalAndAdministrativeExpenses": 1359900000,
    "sellingAndMarketingExpenses": 0,
    "sellingGeneralAndAdministrativeExpenses": 1359900000,
    "otherExpenses": -100000,
    "operatingExpenses": 1359800000,
    "costAndExpenses": 1938300000,
    "interestIncome": 0,
    "interestExpense": 18300000,
    "depreciationAndAmortization": 62900000,
    "ebitda": 433400000,
    "ebitdaratio": 0.1877165627,
    "operatingIncome": 370500000,
    "operatingIncomeRatio": 0.160472973,
    "totalOtherIncomeExpensesNet": -18300000,
    "incomeBeforeTax": 352200000,
    "incomeBeforeTaxRatio": 0.1525467775,
    "incomeTaxExpense": 122900000,
    "netIncome": 224400000,
    "netIncomeRatio": 0.0971933472,
    "eps": 0.58,
    "epsdiluted": 0.57,
    "weightedAverageShsOut": 386600000,
    "weightedAverageShsOutDil": 393000000,
    "link": "https://www.sec.gov/Archives/edgar/data/1001250/000110465908006667/0001104659-08-006667-index.htm",
    "finalLink": "https://www.sec.gov/Archives/edgar/data/1001250/000110465908006667/a08-4139_110q.htm"
  },
  {
    "date": "2007-09-30",
    "symbol": "EL",
    "reportedCurrency": "USD",
    "cik": "0001001250",
    "fillingDate": "2007-10-25",
    "acceptedDate": "2007-10-25 16:37:29",
    "calendarYear": "2008",
    "period": "Q1",
    "revenue": 1710100000,
    "costOfRevenue": 455800000,
    "grossProfit": 1254300000,
    "grossProfitRatio": 0.7334658792,
    "researchAndDevelopmentExpenses": 0,
    "generalAndAdministrativeExpenses": 1176100000,
    "sellingAndMarketingExpenses": 0,
    "sellingGeneralAndAdministrativeExpenses": 1176100000,
    "otherExpenses": 300000,
    "operatingExpenses": 1176400000,
    "costAndExpenses": 1632200000,
    "interestIncome": 0,
    "interestExpense": 18400000,
    "depreciationAndAmortization": 59000000,
    "ebitda": 136900000,
    "ebitdaratio": 0.080053798,
    "operatingIncome": 77900000,
    "operatingIncomeRatio": 0.0455528916,
    "totalOtherIncomeExpensesNet": -17700000,
    "incomeBeforeTax": 59500000,
    "incomeBeforeTaxRatio": 0.0347932869,
    "incomeTaxExpense": 21100000,
    "netIncome": 39100000,
    "netIncomeRatio": 0.02286416,
    "eps": 0.1,
    "epsdiluted": 0.1,
    "weightedAverageShsOut": 388000000,
    "weightedAverageShsOutDil": 394400000,
    "link": "https://www.sec.gov/Archives/edgar/data/1001250/000110465907077053/0001104659-07-077053-index.htm",
    "finalLink": "https://www.sec.gov/Archives/edgar/data/1001250/000110465907077053/a07-27402_110q.htm"
  },
  {
    "date": "2007-06-30",
    "symbol": "EL",
    "reportedCurrency": "USD",
    "cik": "0001001250",
    "fillingDate": "2007-08-28",
    "acceptedDate": "2007-08-28 17:16:17",
    "calendarYear": "2007",
    "period": "Q4",
    "revenue": 1762400000,
    "costOfRevenue": 421700000,
    "grossProfit": 1340700000,
    "grossProfitRatio": 0.7607240127,
    "researchAndDevelopmentExpenses": 0,
    "generalAndAdministrativeExpenses": 1179100000,
    "sellingAndMarketingExpenses": 0,
    "sellingGeneralAndAdministrativeExpenses": 1179100000,
    "otherExpenses": 700000,
    "operatingExpenses": 1179800000,
    "costAndExpenses": 1601500000,
    "interestIncome": 0,
    "interestExpense": 30100000,
    "depreciationAndAmortization": 54400000,
    "ebitda": 215300000,
    "ebitdaratio": 0.1221629596,
    "operatingIncome": 160900000,
    "operatingIncomeRatio": 0.0912959601,
    "totalOtherIncomeExpensesNet": -15700000,
    "incomeBeforeTax": 145200000,
    "incomeBeforeTaxRatio": 0.0823876532,
    "incomeTaxExpense": 56100000,
    "netIncome": 88600000,
    "netIncomeRatio": 0.0502723559,
    "eps": 0.22,
    "epsdiluted": 0.22,
    "weightedAverageShsOut": 388200000,
    "weightedAverageShsOutDil": 407600000,
    "link": "https://www.sec.gov/Archives/edgar/data/1001250/000110465907065600/0001104659-07-065600-index.htm",
    "finalLink": "https://www.sec.gov/Archives/edgar/data/1001250/000110465907065600/a07-22032_210k.htm"
  },
  {
    "date": "2007-03-31",
    "symbol": "EL",
    "reportedCurrency": "USD",
    "cik": "0001001250",
    "fillingDate": "2007-05-03",
    "acceptedDate": "2007-05-03 17:18:49",
    "calendarYear": "2007",
    "period": "Q3",
    "revenue": 1690500000,
    "costOfRevenue": 426000000,
    "grossProfit": 1264500000,
    "grossProfitRatio": 0.7480035492,
    "researchAndDevelopmentExpenses": 0,
    "generalAndAdministrativeExpenses": 1107900000,
    "sellingAndMarketingExpenses": 0,
    "sellingGeneralAndAdministrativeExpenses": 1107900000,
    "otherExpenses": -100000,
    "operatingExpenses": 1107800000,
    "costAndExpenses": 1533800000,
    "interestIncome": 0,
    "interestExpense": 8800000,
    "depreciationAndAmortization": 49000000,
    "ebitda": 205700000,
    "ebitdaratio": 0.1216799763,
    "operatingIncome": 156700000,
    "operatingIncomeRatio": 0.0926944691,
    "totalOtherIncomeExpensesNet": -10400000,
    "incomeBeforeTax": 147900000,
    "incomeBeforeTaxRatio": 0.0874889086,
    "incomeTaxExpense": 52400000,
    "netIncome": 93900000,
    "netIncomeRatio": 0.0555456965,
    "eps": 0.23,
    "epsdiluted": 0.23,
    "weightedAverageShsOut": 407600000,
    "weightedAverageShsOutDil": 416000000,
    "link": "https://www.sec.gov/Archives/edgar/data/1001250/000110465907035473/0001104659-07-035473-index.htm",
    "finalLink": "https://www.sec.gov/Archives/edgar/data/1001250/000110465907035473/a07-12955_110q.htm"
  },
  {
    "date": "2006-12-31",
    "symbol": "EL",
    "reportedCurrency": "USD",
    "cik": "0001001250",
    "fillingDate": "2006-12-31",
    "acceptedDate": "2006-12-30 19:00:00",
    "calendarYear": "2007",
    "period": "Q2",
    "revenue": 1991100000,
    "costOfRevenue": 499000000,
    "grossProfit": 1492100000,
    "grossProfitRatio": 0.7493847622,
    "researchAndDevelopmentExpenses": 0,
    "generalAndAdministrativeExpenses": 1159700000,
    "sellingAndMarketingExpenses": 0,
    "sellingGeneralAndAdministrativeExpenses": 1159700000,
    "otherExpenses": 0,
    "operatingExpenses": 1159700000,
    "costAndExpenses": 1658700000,
    "interestIncome": 0,
    "interestExpense": 0,
    "depreciationAndAmortization": 52900000,
    "ebitda": 385300000,
    "ebitdaratio": 0.1935111245,
    "operatingIncome": 332400000,
    "operatingIncomeRatio": 0.1669428959,
    "totalOtherIncomeExpensesNet": -7700000,
    "incomeBeforeTax": 324700000,
    "incomeBeforeTaxRatio": 0.1630756868,
    "incomeTaxExpense": 113300000,
    "netIncome": 208400000,
    "netIncomeRatio": 0.1046657626,
    "eps": 0.5,
    "epsdiluted": 0.5,
    "weightedAverageShsOut": 416600000,
    "weightedAverageShsOutDil": 422800000,
    "link": "",
    "finalLink": ""
  },
  {
    "date": "2006-10-24",
    "symbol": "EL",
    "reportedCurrency": "USD",
    "cik": "0001001250",
    "fillingDate": "2006-10-26",
    "acceptedDate": "2006-10-25 19:23:05",
    "calendarYear": "2007",
    "period": "Q1",
    "revenue": 1593500000,
    "costOfRevenue": 428100000,
    "grossProfit": 1165400000,
    "grossProfitRatio": 0.7313460935,
    "researchAndDevelopmentExpenses": 0,
    "generalAndAdministrativeExpenses": 1065000000,
    "sellingAndMarketingExpenses": 0,
    "sellingGeneralAndAdministrativeExpenses": 1065000000,
    "otherExpenses": 500000,
    "operatingExpenses": 1065500000,
    "costAndExpenses": 1493600000,
    "interestIncome": 0,
    "interestExpense": 0,
    "depreciationAndAmortization": 50900000,
    "ebitda": 150800000,
    "ebitdaratio": 0.0946344525,
    "operatingIncome": 99900000,
    "operatingIncomeRatio": 0.062692187,
    "totalOtherIncomeExpensesNet": -6700000,
    "incomeBeforeTax": 93200000,
    "incomeBeforeTaxRatio": 0.0584876059,
    "incomeTaxExpense": 33400000,
    "netIncome": 58300000,
    "netIncomeRatio": 0.0365861312,
    "eps": 0.14,
    "epsdiluted": 0.14,
    "weightedAverageShsOut": 422200000,
    "weightedAverageShsOutDil": 427200000,
    "link": "https://www.sec.gov/Archives/edgar/data/1001250/000100125006000146/0001001250-06-000146-index.htm",
    "finalLink": "https://www.sec.gov/Archives/edgar/data/1001250/000100125006000146/form_10q-102506.txt"
  },
  {
    "date": "2006-06-30",
    "symbol": "EL",
    "reportedCurrency": "USD",
    "cik": "0001001250",
    "fillingDate": "2006-08-25",
    "acceptedDate": "2006-08-25 17:25:57",
    "calendarYear": "2006",
    "period": "Q4",
    "revenue": 1604600000,
    "costOfRevenue": 397100000,
    "grossProfit": 1207500000,
    "grossProfitRatio": 0.7525239935,
    "researchAndDevelopmentExpenses": 0,
    "generalAndAdministrativeExpenses": 1021100000,
    "sellingAndMarketingExpenses": 0,
    "sellingGeneralAndAdministrativeExpenses": 1021100000,
    "otherExpenses": 38900000,
    "operatingExpenses": 1060000000,
    "costAndExpenses": 1457100000,
    "interestIncome": 0,
    "interestExpense": 23800000,
    "depreciationAndAmortization": 51400000,
    "ebitda": 198900000,
    "ebitdaratio": 0.1239561261,
    "operatingIncome": 147500000,
    "operatingIncomeRatio": 0.0919232207,
    "totalOtherIncomeExpensesNet": -4700000,
    "incomeBeforeTax": 142800000,
    "incomeBeforeTaxRatio": 0.0889941418,
    "incomeTaxExpense": 90300000,
    "netIncome": 44500000,
    "netIncomeRatio": 0.0277327683,
    "eps": 0.1,
    "epsdiluted": 0.1,
    "weightedAverageShsOut": 424600000,
    "weightedAverageShsOutDil": 424800000,
    "link": "https://www.sec.gov/Archives/edgar/data/1001250/000110465906057258/0001104659-06-057258-index.htm",
    "finalLink": "https://www.sec.gov/Archives/edgar/data/1001250/000110465906057258/a06-18435_110k.htm"
  },
  {
    "date": "2006-03-31",
    "symbol": "EL",
    "reportedCurrency": "USD",
    "cik": "0001001250",
    "fillingDate": "2006-05-04",
    "acceptedDate": "2006-05-04 16:26:22",
    "calendarYear": "2006",
    "period": "Q3",
    "revenue": 1578200000,
    "costOfRevenue": 411500000,
    "grossProfit": 1166700000,
    "grossProfitRatio": 0.7392599164,
    "researchAndDevelopmentExpenses": 0,
    "generalAndAdministrativeExpenses": 998800000,
    "sellingAndMarketingExpenses": 0,
    "sellingGeneralAndAdministrativeExpenses": 998800000,
    "otherExpenses": 51600000,
    "operatingExpenses": 1050400000,
    "costAndExpenses": 1461900000,
    "interestIncome": 0,
    "interestExpense": 0,
    "depreciationAndAmortization": 49900000,
    "ebitda": 166200000,
    "ebitdaratio": 0.1053098467,
    "operatingIncome": 116300000,
    "operatingIncomeRatio": 0.0736915473,
    "totalOtherIncomeExpensesNet": -6600000,
    "incomeBeforeTax": 109700000,
    "incomeBeforeTaxRatio": 0.0695095679,
    "incomeTaxExpense": 43400000,
    "netIncome": 59500000,
    "netIncomeRatio": 0.0377011786,
    "eps": 0.14,
    "epsdiluted": 0.14,
    "weightedAverageShsOut": 424800000,
    "weightedAverageShsOutDil": 429800000,
    "link": "https://www.sec.gov/Archives/edgar/data/1001250/000100125006000050/0001001250-06-000050-index.htm",
    "finalLink": "https://www.sec.gov/Archives/edgar/data/1001250/000100125006000050/form_10q-033106.txt"
  },
  {
    "date": "2005-12-31",
    "symbol": "EL",
    "reportedCurrency": "USD",
    "cik": "0001001250",
    "fillingDate": "2006-01-26",
    "acceptedDate": "2006-01-25 20:16:29",
    "calendarYear": "2006",
    "period": "Q2",
    "revenue": 1783900000,
    "costOfRevenue": 458500000,
    "grossProfit": 1325400000,
    "grossProfitRatio": 0.7429788665,
    "researchAndDevelopmentExpenses": 0,
    "generalAndAdministrativeExpenses": 1074700000,
    "sellingAndMarketingExpenses": 0,
    "sellingGeneralAndAdministrativeExpenses": 1074700000,
    "otherExpenses": 0,
    "operatingExpenses": 1074700000,
    "costAndExpenses": 1533200000,
    "interestIncome": 0,
    "interestExpense": 0,
    "depreciationAndAmortization": 49900000,
    "ebitda": 300600000,
    "ebitdaratio": 0.1685072033,
    "operatingIncome": 250700000,
    "operatingIncomeRatio": 0.1405347833,
    "totalOtherIncomeExpensesNet": -6900000,
    "incomeBeforeTax": 243800000,
    "incomeBeforeTaxRatio": 0.1366668535,
    "incomeTaxExpense": 90200000,
    "netIncome": 81700000,
    "netIncomeRatio": 0.0457985313,
    "eps": 0.19,
    "epsdiluted": 0.19,
    "weightedAverageShsOut": 429400000,
    "weightedAverageShsOutDil": 433200000,
    "link": "https://www.sec.gov/Archives/edgar/data/1001250/000100125006000007/0001001250-06-000007-index.htm",
    "finalLink": "https://www.sec.gov/Archives/edgar/data/1001250/000100125006000007/form_10q-123105.txt"
  },
  {
    "date": "2005-09-30",
    "symbol": "EL",
    "reportedCurrency": "USD",
    "cik": "0001001250",
    "fillingDate": "2005-10-27",
    "acceptedDate": "2005-10-26 21:25:29",
    "calendarYear": "2006",
    "period": "Q1",
    "revenue": 1497100000,
    "costOfRevenue": 419500000,
    "grossProfit": 1077600000,
    "grossProfitRatio": 0.7197915971,
    "researchAndDevelopmentExpenses": 0,
    "generalAndAdministrativeExpenses": 972500000,
    "sellingAndMarketingExpenses": 0,
    "sellingGeneralAndAdministrativeExpenses": 972500000,
    "otherExpenses": 0,
    "operatingExpenses": 972500000,
    "costAndExpenses": 1392000000,
    "interestIncome": 0,
    "interestExpense": 0,
    "depreciationAndAmortization": 47200000,
    "ebitda": 152300000,
    "ebitdaratio": 0.1017300114,
    "operatingIncome": 105100000,
    "operatingIncomeRatio": 0.0702023913,
    "totalOtherIncomeExpensesNet": -5600000,
    "incomeBeforeTax": 99500000,
    "incomeBeforeTaxRatio": 0.0664618262,
    "incomeTaxExpense": 35800000,
    "netIncome": 58500000,
    "netIncomeRatio": 0.0390755461,
    "eps": 0.13,
    "epsdiluted": 0.13,
    "weightedAverageShsOut": 441200000,
    "weightedAverageShsOutDil": 447200000,
    "link": "https://www.sec.gov/Archives/edgar/data/1001250/000100125005000176/0001001250-05-000176-index.htm",
    "finalLink": "https://www.sec.gov/Archives/edgar/data/1001250/000100125005000176/form_10q-102605.txt"
  },
  {
    "date": "2005-06-30",
    "symbol": "EL",
    "reportedCurrency": "USD",
    "cik": "0001001250",
    "fillingDate": "2005-09-02",
    "acceptedDate": "2005-09-02 14:09:49",
    "calendarYear": "2005",
    "period": "Q4",
    "revenue": 1543700000,
    "costOfRevenue": 371600000,
    "grossProfit": 1172100000,
    "grossProfitRatio": 0.7592796528,
    "researchAndDevelopmentExpenses": 0,
    "generalAndAdministrativeExpenses": 1013700000,
    "sellingAndMarketingExpenses": 0,
    "sellingGeneralAndAdministrativeExpenses": 1013700000,
    "otherExpenses": 0,
    "operatingExpenses": 1013700000,
    "costAndExpenses": 1385300000,
    "interestIncome": 0,
    "interestExpense": 13900000,
    "depreciationAndAmortization": 52700000,
    "ebitda": 211100000,
    "ebitdaratio": 0.1367493684,
    "operatingIncome": 158400000,
    "operatingIncomeRatio": 0.1026106109,
    "totalOtherIncomeExpensesNet": -3200000,
    "incomeBeforeTax": 155200000,
    "incomeBeforeTaxRatio": 0.1005376692,
    "incomeTaxExpense": 85100000,
    "netIncome": 66600000,
    "netIncomeRatio": 0.0431430978,
    "eps": 0.15,
    "epsdiluted": 0.15,
    "weightedAverageShsOut": 445800000,
    "weightedAverageShsOutDil": 451000000,
    "link": "https://www.sec.gov/Archives/edgar/data/1001250/000110465905042689/0001104659-05-042689-index.htm",
    "finalLink": "https://www.sec.gov/Archives/edgar/data/1001250/000110465905042689/a05-15349_110k.htm"
  },
  {
    "date": "2005-03-31",
    "symbol": "EL",
    "reportedCurrency": "USD",
    "cik": "0001001250",
    "fillingDate": "2005-04-29",
    "acceptedDate": "2005-04-28 18:07:58",
    "calendarYear": "2005",
    "period": "Q3",
    "revenue": 1538200000,
    "costOfRevenue": 386500000,
    "grossProfit": 1151700000,
    "grossProfitRatio": 0.7487322845,
    "researchAndDevelopmentExpenses": 0,
    "generalAndAdministrativeExpenses": 975300000,
    "sellingAndMarketingExpenses": 0,
    "sellingGeneralAndAdministrativeExpenses": 975300000,
    "otherExpenses": 0,
    "operatingExpenses": 962800000,
    "costAndExpenses": 1346500000,
    "interestIncome": 0,
    "interestExpense": 0,
    "depreciationAndAmortization": 49500000,
    "ebitda": 228300000,
    "ebitdaratio": 0.1484202314,
    "operatingIncome": 178800000,
    "operatingIncomeRatio": 0.1162397608,
    "totalOtherIncomeExpensesNet": -3300000,
    "incomeBeforeTax": 173100000,
    "incomeBeforeTaxRatio": 0.1125341308,
    "incomeTaxExpense": 64700000,
    "netIncome": 106200000,
    "netIncomeRatio": 0.0690417371,
    "eps": 0.24,
    "epsdiluted": 0.23,
    "weightedAverageShsOut": 451000000,
    "weightedAverageShsOutDil": 457400000,
    "link": "https://www.sec.gov/Archives/edgar/data/1001250/000100125005000047/0001001250-05-000047-index.htm",
    "finalLink": "https://www.sec.gov/Archives/edgar/data/1001250/000100125005000047/form_10q-042805.txt"
  },
  {
    "date": "2004-12-31",
    "symbol": "EL",
    "reportedCurrency": "USD",
    "cik": "0001001250",
    "fillingDate": "2005-01-27",
    "acceptedDate": "2005-01-27 17:10:16",
    "calendarYear": "2005",
    "period": "Q2",
    "revenue": 1750300000,
    "costOfRevenue": 448000000,
    "grossProfit": 1302300000,
    "grossProfitRatio": 0.7440438782,
    "researchAndDevelopmentExpenses": 0,
    "generalAndAdministrativeExpenses": 1071800000,
    "sellingAndMarketingExpenses": 0,
    "sellingGeneralAndAdministrativeExpenses": 1071800000,
    "otherExpenses": 0,
    "operatingExpenses": 1059700000,
    "costAndExpenses": 1503600000,
    "interestIncome": 0,
    "interestExpense": 0,
    "depreciationAndAmortization": 47600000,
    "ebitda": 280300000,
    "ebitdaratio": 0.1601439753,
    "operatingIncome": 232700000,
    "operatingIncomeRatio": 0.1329486374,
    "totalOtherIncomeExpensesNet": -3300000,
    "incomeBeforeTax": 227200000,
    "incomeBeforeTaxRatio": 0.1298063189,
    "incomeTaxExpense": 85500000,
    "netIncome": 138300000,
    "netIncomeRatio": 0.079015026,
    "eps": 0.31,
    "epsdiluted": 0.3,
    "weightedAverageShsOut": 451200000,
    "weightedAverageShsOutDil": 458400000,
    "link": "https://www.sec.gov/Archives/edgar/data/1001250/000100125005000014/0001001250-05-000014-index.htm",
    "finalLink": "https://www.sec.gov/Archives/edgar/data/1001250/000100125005000014/form_10q-012704.txt"
  },
  {
    "date": "2004-09-30",
    "symbol": "EL",
    "reportedCurrency": "USD",
    "cik": "0001001250",
    "fillingDate": "2004-11-09",
    "acceptedDate": "2004-11-09 15:07:00",
    "calendarYear": "2005",
    "period": "Q1",
    "revenue": 1504100000,
    "costOfRevenue": 411300000,
    "grossProfit": 1092800000,
    "grossProfitRatio": 0.726547437,
    "researchAndDevelopmentExpenses": 0,
    "generalAndAdministrativeExpenses": 937500000,
    "sellingAndMarketingExpenses": 0,
    "sellingGeneralAndAdministrativeExpenses": 937500000,
    "otherExpenses": 0,
    "operatingExpenses": 926300000,
    "costAndExpenses": 1334000000,
    "interestIncome": 0,
    "interestExpense": 0,
    "depreciationAndAmortization": 46900000,
    "ebitda": 203200000,
    "ebitdaratio": 0.1350974004,
    "operatingIncome": 156300000,
    "operatingIncomeRatio": 0.103915963,
    "totalOtherIncomeExpensesNet": -4100000,
    "incomeBeforeTax": 151200000,
    "incomeBeforeTaxRatio": 0.100525231,
    "incomeTaxExpense": 56000000,
    "netIncome": 95000000,
    "netIncomeRatio": 0.0631606941,
    "eps": 0.21,
    "epsdiluted": 0.21,
    "weightedAverageShsOut": 454200000,
    "weightedAverageShsOutDil": 462400000,
    "link": "https://www.sec.gov/Archives/edgar/data/1001250/000100125004000177/0001001250-04-000177-index.htm",
    "finalLink": "https://www.sec.gov/Archives/edgar/data/1001250/000100125004000177/form_10q-110304.txt"
  },
  {
    "date": "2004-06-30",
    "symbol": "EL",
    "reportedCurrency": "USD",
    "cik": "0001001250",
    "fillingDate": "2004-09-03",
    "acceptedDate": "2004-09-03 15:27:35",
    "calendarYear": "2004",
    "period": "Q4",
    "revenue": 1403100000,
    "costOfRevenue": 340900000,
    "grossProfit": 1062200000,
    "grossProfitRatio": 0.7570379873,
    "researchAndDevelopmentExpenses": 0,
    "generalAndAdministrativeExpenses": 917700000,
    "sellingAndMarketingExpenses": 0,
    "sellingGeneralAndAdministrativeExpenses": 917700000,
    "otherExpenses": 18800000,
    "operatingExpenses": 936500000,
    "costAndExpenses": 1277400000,
    "interestIncome": 0,
    "interestExpense": 27100000,
    "depreciationAndAmortization": 52500000,
    "ebitda": 178200000,
    "ebitdaratio": 0.1270044901,
    "operatingIncome": 125700000,
    "operatingIncomeRatio": 0.0895873423,
    "totalOtherIncomeExpensesNet": 1400000,
    "incomeBeforeTax": 127100000,
    "incomeBeforeTaxRatio": 0.0905851329,
    "incomeTaxExpense": 46900000,
    "netIncome": 71100000,
    "netIncomeRatio": 0.0506735087,
    "eps": 0.16,
    "epsdiluted": 0.16,
    "weightedAverageShsOut": 455800000,
    "weightedAverageShsOutDil": 456600000,
    "link": "https://www.sec.gov/Archives/edgar/data/1001250/000110465904026881/0001104659-04-026881-index.htm",
    "finalLink": "https://www.sec.gov/Archives/edgar/data/1001250/000110465904026881/a04-10115_110k.htm"
  },
  {
    "date": "2004-03-31",
    "symbol": "EL",
    "reportedCurrency": "USD",
    "cik": "0001001250",
    "fillingDate": "2004-04-29",
    "acceptedDate": "2004-04-28 17:38:18",
    "calendarYear": "2004",
    "period": "Q3",
    "revenue": 1421600000,
    "costOfRevenue": 358600000,
    "grossProfit": 1063000000,
    "grossProfitRatio": 0.7477490152,
    "researchAndDevelopmentExpenses": 0,
    "generalAndAdministrativeExpenses": 893400000,
    "sellingAndMarketingExpenses": 0,
    "sellingGeneralAndAdministrativeExpenses": 893400000,
    "otherExpenses": 0,
    "operatingExpenses": 893400000,
    "costAndExpenses": 1252000000,
    "interestIncome": 0,
    "interestExpense": 0,
    "depreciationAndAmortization": 47400000,
    "ebitda": 217000000,
    "ebitdaratio": 0.1526449071,
    "operatingIncome": 169600000,
    "operatingIncomeRatio": 0.1193021947,
    "totalOtherIncomeExpensesNet": -8600000,
    "incomeBeforeTax": 161000000,
    "incomeBeforeTaxRatio": 0.113252673,
    "incomeTaxExpense": 60900000,
    "netIncome": 98300000,
    "netIncomeRatio": 0.0691474395,
    "eps": 0.22,
    "epsdiluted": 0.21,
    "weightedAverageShsOut": 456600000,
    "weightedAverageShsOutDil": 463800000,
    "link": "https://www.sec.gov/Archives/edgar/data/1001250/000100125004000069/0001001250-04-000069-index.htm",
    "finalLink": "https://www.sec.gov/Archives/edgar/data/1001250/000100125004000069/form_10q-apr04.txt"
  },
  {
    "date": "2003-12-31",
    "symbol": "EL",
    "reportedCurrency": "USD",
    "cik": "0001001250",
    "fillingDate": "2004-01-29",
    "acceptedDate": "2004-01-29 17:26:27",
    "calendarYear": "2004",
    "period": "Q2",
    "revenue": 1619100000,
    "costOfRevenue": 412700000,
    "grossProfit": 1206400000,
    "grossProfitRatio": 0.7451053054,
    "researchAndDevelopmentExpenses": 0,
    "generalAndAdministrativeExpenses": 987400000,
    "sellingAndMarketingExpenses": 0,
    "sellingGeneralAndAdministrativeExpenses": 987400000,
    "otherExpenses": 0,
    "operatingExpenses": 987400000,
    "costAndExpenses": 1400100000,
    "interestIncome": 0,
    "interestExpense": 0,
    "depreciationAndAmortization": 46700000,
    "ebitda": 265700000,
    "ebitdaratio": 0.1641035143,
    "operatingIncome": 219000000,
    "operatingIncomeRatio": 0.1352603298,
    "totalOtherIncomeExpensesNet": -7200000,
    "incomeBeforeTax": 211800000,
    "incomeBeforeTaxRatio": 0.1308134149,
    "incomeTaxExpense": 80700000,
    "netIncome": 95700000,
    "netIncomeRatio": 0.0591069112,
    "eps": 0.21,
    "epsdiluted": 0.21,
    "weightedAverageShsOut": 457200000,
    "weightedAverageShsOutDil": 463200000,
    "link": "https://www.sec.gov/Archives/edgar/data/1001250/000100125004000026/0001001250-04-000026-index.htm",
    "finalLink": "https://www.sec.gov/Archives/edgar/data/1001250/000100125004000026/form_10q-dec03.txt"
  },
  {
    "date": "2003-09-30",
    "symbol": "EL",
    "reportedCurrency": "USD",
    "cik": "0001001250",
    "fillingDate": "2003-10-28",
    "acceptedDate": "2003-10-28 17:23:02",
    "calendarYear": "2004",
    "period": "Q1",
    "revenue": 1351700000,
    "costOfRevenue": 366300000,
    "grossProfit": 985400000,
    "grossProfitRatio": 0.729007916,
    "researchAndDevelopmentExpenses": 0,
    "generalAndAdministrativeExpenses": 852700000,
    "sellingAndMarketingExpenses": 0,
    "sellingGeneralAndAdministrativeExpenses": 852700000,
    "otherExpenses": 4300000,
    "operatingExpenses": 852800000,
    "costAndExpenses": 1216900000,
    "interestIncome": 0,
    "interestExpense": 0,
    "depreciationAndAmortization": 45100000,
    "ebitda": 174800000,
    "ebitdaratio": 0.1293186358,
    "operatingIncome": 129700000,
    "operatingIncomeRatio": 0.0959532441,
    "totalOtherIncomeExpensesNet": -7700000,
    "incomeBeforeTax": 120700000,
    "incomeBeforeTaxRatio": 0.0892949619,
    "incomeTaxExpense": 43500000,
    "netIncome": 77000000,
    "netIncomeRatio": 0.056965303,
    "eps": 0.17,
    "epsdiluted": 0.17,
    "weightedAverageShsOut": 456200000,
    "weightedAverageShsOutDil": 461200000,
    "link": "https://www.sec.gov/Archives/edgar/data/1001250/000100125003000269/0001001250-03-000269-index.html",
    "finalLink": "https://www.sec.gov/Archives/edgar/data/1001250/000100125003000269/form_10q-102803.txt"
  },
  {
    "date": "2003-06-30",
    "symbol": "EL",
    "reportedCurrency": "USD",
    "cik": "0001001250",
    "fillingDate": "2003-09-15",
    "acceptedDate": "2003-09-15 17:16:19",
    "calendarYear": "2003",
    "period": "Q4",
    "revenue": 1223000000,
    "costOfRevenue": 290600000,
    "grossProfit": 932400000,
    "grossProfitRatio": 0.7623875715,
    "researchAndDevelopmentExpenses": 0,
    "generalAndAdministrativeExpenses": 807200000,
    "sellingAndMarketingExpenses": 0,
    "sellingGeneralAndAdministrativeExpenses": 807200000,
    "otherExpenses": 42300000,
    "operatingExpenses": 849500000,
    "costAndExpenses": 1140100000,
    "interestIncome": 0,
    "interestExpense": 0,
    "depreciationAndAmortization": 47000000,
    "ebitda": 151900000,
    "ebitdaratio": 0.12420278,
    "operatingIncome": 82900000,
    "operatingIncomeRatio": 0.0677841374,
    "totalOtherIncomeExpensesNet": 2800000,
    "incomeBeforeTax": 85700000,
    "incomeBeforeTaxRatio": 0.0700735895,
    "incomeTaxExpense": 26000000,
    "netIncome": 53000000,
    "netIncomeRatio": 0.0433360589,
    "eps": 0.11,
    "epsdiluted": 0.11,
    "weightedAverageShsOut": 459800000,
    "weightedAverageShsOutDil": 464200000,
    "link": "https://www.sec.gov/Archives/edgar/data/1001250/000093041303002786/0000930413-03-002786-index.htm",
    "finalLink": "https://www.sec.gov/Archives/edgar/data/1001250/000093041303002786/c29284_10k.txt"
  },
  {
    "date": "2003-03-31",
    "symbol": "EL",
    "reportedCurrency": "USD",
    "cik": "0001001250",
    "fillingDate": "2003-05-01",
    "acceptedDate": "2003-05-01 11:15:14",
    "calendarYear": "2003",
    "period": "Q3",
    "revenue": 1239400000,
    "costOfRevenue": 316600000,
    "grossProfit": 922800000,
    "grossProfitRatio": 0.7445538164,
    "researchAndDevelopmentExpenses": 0,
    "generalAndAdministrativeExpenses": 795000000,
    "sellingAndMarketingExpenses": 0,
    "sellingGeneralAndAdministrativeExpenses": 795000000,
    "otherExpenses": 0,
    "operatingExpenses": 790400000,
    "costAndExpenses": 1104200000,
    "interestIncome": 0,
    "interestExpense": 0,
    "depreciationAndAmortization": 42700000,
    "ebitda": 172000000,
    "ebitdaratio": 0.1387768275,
    "operatingIncome": 129300000,
    "operatingIncomeRatio": 0.1043246732,
    "totalOtherIncomeExpensesNet": -3000000,
    "incomeBeforeTax": 124800000,
    "incomeBeforeTaxRatio": 0.1006938841,
    "incomeTaxExpense": 41000000,
    "netIncome": 83800000,
    "netIncomeRatio": 0.0676133613,
    "eps": 0.17,
    "epsdiluted": 0.17,
    "weightedAverageShsOut": 464200000,
    "weightedAverageShsOutDil": 468000000,
    "link": "https://www.sec.gov/Archives/edgar/data/1001250/000100125003000077/0001001250-03-000077-index.htm",
    "finalLink": "https://www.sec.gov/Archives/edgar/data/1001250/000100125003000077/form_10q-mar31.txt"
  },
  {
    "date": "2002-12-31",
    "symbol": "EL",
    "reportedCurrency": "USD",
    "cik": "0001001250",
    "fillingDate": "2003-01-30",
    "acceptedDate": "2003-01-30 16:32:44",
    "calendarYear": "2003",
    "period": "Q2",
    "revenue": 1412700000,
    "costOfRevenue": 371400000,
    "grossProfit": 1041300000,
    "grossProfitRatio": 0.7370991718,
    "researchAndDevelopmentExpenses": 0,
    "generalAndAdministrativeExpenses": 871300000,
    "sellingAndMarketingExpenses": 0,
    "sellingGeneralAndAdministrativeExpenses": 871300000,
    "otherExpenses": 0,
    "operatingExpenses": 867300000,
    "costAndExpenses": 1236200000,
    "interestIncome": 0,
    "interestExpense": 0,
    "depreciationAndAmortization": 43400000,
    "ebitda": 214600000,
    "ebitdaratio": 0.1519076945,
    "operatingIncome": 171200000,
    "operatingIncomeRatio": 0.1211863807,
    "totalOtherIncomeExpensesNet": -2200000,
    "incomeBeforeTax": 167800000,
    "incomeBeforeTaxRatio": 0.1187796418,
    "incomeTaxExpense": 56100000,
    "netIncome": 109600000,
    "netIncomeRatio": 0.0775819353,
    "eps": 0.23,
    "epsdiluted": 0.22,
    "weightedAverageShsOut": 466200000,
    "weightedAverageShsOutDil": 470000000,
    "link": "https://www.sec.gov/Archives/edgar/data/1001250/000100125003000028/0001001250-03-000028-index.htm",
    "finalLink": "https://www.sec.gov/Archives/edgar/data/1001250/000100125003000028/form_10q-jdec02.txt"
  },
  {
    "date": "2002-09-30",
    "symbol": "EL",
    "reportedCurrency": "USD",
    "cik": "0001001250",
    "fillingDate": "2002-10-30",
    "acceptedDate": "2002-10-29 20:00:40",
    "calendarYear": "2003",
    "period": "Q1",
    "revenue": 1242500000,
    "costOfRevenue": 357100000,
    "grossProfit": 885400000,
    "grossProfitRatio": 0.7125955734,
    "researchAndDevelopmentExpenses": 0,
    "generalAndAdministrativeExpenses": 771000000,
    "sellingAndMarketingExpenses": 0,
    "sellingGeneralAndAdministrativeExpenses": 771000000,
    "otherExpenses": 0,
    "operatingExpenses": 771000000,
    "costAndExpenses": 1128100000,
    "interestIncome": 0,
    "interestExpense": 0,
    "depreciationAndAmortization": 41700000,
    "ebitda": 156100000,
    "ebitdaratio": 0.1256338028,
    "operatingIncome": 114400000,
    "operatingIncomeRatio": 0.0920724346,
    "totalOtherIncomeExpensesNet": -2900000,
    "incomeBeforeTax": 111500000,
    "incomeBeforeTaxRatio": 0.0897384306,
    "incomeTaxExpense": 37400000,
    "netIncome": 73400000,
    "netIncomeRatio": 0.0590744467,
    "eps": 0.14,
    "epsdiluted": 0.14,
    "weightedAverageShsOut": 470400000,
    "weightedAverageShsOutDil": 474800000,
    "link": "https://www.sec.gov/Archives/edgar/data/1001250/000100125002000141/0001001250-02-000141-index.htm",
    "finalLink": "https://www.sec.gov/Archives/edgar/data/1001250/000100125002000141/form_10q-sept02.txt"
  },
  {
    "date": "2002-06-30",
    "symbol": "EL",
    "reportedCurrency": "USD",
    "cik": "0001001250",
    "fillingDate": "2002-09-17",
    "acceptedDate": "2002-09-17 17:26:38",
    "calendarYear": "2002",
    "period": "Q4",
    "revenue": 1129000000,
    "costOfRevenue": 266500000,
    "grossProfit": 862500000,
    "grossProfitRatio": 0.7639503986,
    "researchAndDevelopmentExpenses": 0,
    "generalAndAdministrativeExpenses": 788200000,
    "sellingAndMarketingExpenses": 0,
    "sellingGeneralAndAdministrativeExpenses": 788200000,
    "otherExpenses": 110400000,
    "operatingExpenses": 898600000,
    "costAndExpenses": 1165100000,
    "interestIncome": 0,
    "interestExpense": 0,
    "depreciationAndAmortization": 44400000,
    "ebitda": 118700000,
    "ebitdaratio": 0.1051372896,
    "operatingIncome": -36100000,
    "operatingIncomeRatio": -0.0319751993,
    "totalOtherIncomeExpensesNet": -2300000,
    "incomeBeforeTax": -38400000,
    "incomeBeforeTaxRatio": -0.0340124004,
    "incomeTaxExpense": -13000000,
    "netIncome": -25400000,
    "netIncomeRatio": -0.0224977857,
    "eps": -0.0534,
    "epsdiluted": -0.0534,
    "weightedAverageShsOut": 475800000,
    "weightedAverageShsOutDil": 475800000,
    "link": "https://www.sec.gov/Archives/edgar/data/1001250/000093041302002851/0000930413-02-002851-index.htm",
    "finalLink": "https://www.sec.gov/Archives/edgar/data/1001250/000093041302002851/c25612_10k-.txt"
  },
  {
    "date": "2002-03-31",
    "symbol": "EL",
    "reportedCurrency": "USD",
    "cik": "0001001250",
    "fillingDate": "2002-05-01",
    "acceptedDate": "2002-04-30 17:45:24",
    "calendarYear": "2002",
    "period": "Q3",
    "revenue": 1121700000,
    "costOfRevenue": 318300000,
    "grossProfit": 803400000,
    "grossProfitRatio": 0.7162342872,
    "researchAndDevelopmentExpenses": 0,
    "generalAndAdministrativeExpenses": 722300000,
    "sellingAndMarketingExpenses": 0,
    "sellingGeneralAndAdministrativeExpenses": 722300000,
    "otherExpenses": 0,
    "operatingExpenses": 722300000,
    "costAndExpenses": 1040600000,
    "interestIncome": 0,
    "interestExpense": 0,
    "depreciationAndAmortization": 40200000,
    "ebitda": 121300000,
    "ebitdaratio": 0.1081394312,
    "operatingIncome": 81100000,
    "operatingIncomeRatio": 0.0723009717,
    "totalOtherIncomeExpensesNet": -3300000,
    "incomeBeforeTax": 77800000,
    "incomeBeforeTaxRatio": 0.0693590086,
    "incomeTaxExpense": 27100000,
    "netIncome": 50700000,
    "netIncomeRatio": 0.0451992511,
    "eps": 0.095,
    "epsdiluted": 0.095,
    "weightedAverageShsOut": 475800000,
    "weightedAverageShsOutDil": 480800000,
    "link": "https://www.sec.gov/Archives/edgar/data/1001250/000100125002000019/0001001250-02-000019-index.htm",
    "finalLink": "https://www.sec.gov/Archives/edgar/data/1001250/000100125002000019/form_10q-mar02.txt"
  },
  {
    "date": "2001-12-31",
    "symbol": "EL",
    "reportedCurrency": "USD",
    "cik": "0001001250",
    "fillingDate": "2002-01-31",
    "acceptedDate": "2002-01-31 00:00:00",
    "calendarYear": "2002",
    "period": "Q2",
    "revenue": 1257400000,
    "costOfRevenue": 276400000,
    "grossProfit": 981000000,
    "grossProfitRatio": 0.7801813265,
    "researchAndDevelopmentExpenses": 0,
    "generalAndAdministrativeExpenses": 837500000,
    "sellingAndMarketingExpenses": 0,
    "sellingGeneralAndAdministrativeExpenses": 837500000,
    "otherExpenses": 0,
    "operatingExpenses": 811400000,
    "costAndExpenses": 1154700000,
    "interestIncome": 0,
    "interestExpense": 0,
    "depreciationAndAmortization": 39700000,
    "ebitda": 183200000,
    "ebitdaratio": 0.145697471,
    "operatingIncome": 143500000,
    "operatingIncomeRatio": 0.1141243836,
    "totalOtherIncomeExpensesNet": -4500000,
    "incomeBeforeTax": 139000000,
    "incomeBeforeTaxRatio": 0.1105455702,
    "incomeTaxExpense": 48900000,
    "netIncome": 90100000,
    "netIncomeRatio": 0.0716557977,
    "eps": 0.18,
    "epsdiluted": 0.18,
    "weightedAverageShsOut": 476200000,
    "weightedAverageShsOutDil": 481400000,
    "link": "https://www.sec.gov/Archives/edgar/data/1001250/000100125002000008/0001001250-02-000008-index.htm",
    "finalLink": "https://www.sec.gov/Archives/edgar/data/1001250/000100125002000008/form_10q-dec01.txt"
  },
  {
    "date": "2001-09-30",
    "symbol": "EL",
    "reportedCurrency": "USD",
    "cik": "0001001250",
    "fillingDate": "2001-10-26",
    "acceptedDate": "2001-10-26 00:00:00",
    "calendarYear": "2002",
    "period": "Q1",
    "revenue": 1187700000,
    "costOfRevenue": 254500000,
    "grossProfit": 933200000,
    "grossProfitRatio": 0.7857202997,
    "researchAndDevelopmentExpenses": 0,
    "generalAndAdministrativeExpenses": 780300000,
    "sellingAndMarketingExpenses": 0,
    "sellingGeneralAndAdministrativeExpenses": 780300000,
    "otherExpenses": 0,
    "operatingExpenses": 696600000,
    "costAndExpenses": 1041900000,
    "interestIncome": 0,
    "interestExpense": 0,
    "depreciationAndAmortization": 37700000,
    "ebitda": 190600000,
    "ebitdaratio": 0.1604782352,
    "operatingIncome": 152900000,
    "operatingIncomeRatio": 0.1287362128,
    "totalOtherIncomeExpensesNet": -4400000,
    "incomeBeforeTax": 148500000,
    "incomeBeforeTaxRatio": 0.1250315736,
    "incomeTaxExpense": 51400000,
    "netIncome": 97100000,
    "netIncomeRatio": 0.0817546518,
    "eps": 0.15,
    "epsdiluted": 0.15,
    "weightedAverageShsOut": 477800000,
    "weightedAverageShsOutDil": 484600000,
    "link": "https://www.sec.gov/Archives/edgar/data/1001250/000100125001500012/0001001250-01-500012-index.htm",
    "finalLink": "https://www.sec.gov/Archives/edgar/data/1001250/000100125001500012/form_10q-form10q.txt"
  },
  {
    "date": "2001-06-30",
    "symbol": "EL",
    "reportedCurrency": "USD",
    "cik": "0001001250",
    "fillingDate": "2001-09-17",
    "acceptedDate": "2001-09-17 00:00:00",
    "calendarYear": "2001",
    "period": "Q4",
    "revenue": 1037100000,
    "costOfRevenue": 204900000,
    "grossProfit": 832200000,
    "grossProfitRatio": 0.8024298525,
    "researchAndDevelopmentExpenses": 0,
    "generalAndAdministrativeExpenses": 744800000,
    "sellingAndMarketingExpenses": 0,
    "sellingGeneralAndAdministrativeExpenses": 744800000,
    "otherExpenses": 53900000,
    "operatingExpenses": 798700000,
    "costAndExpenses": 1003600000,
    "interestIncome": 0,
    "interestExpense": 0,
    "depreciationAndAmortization": 43300000,
    "ebitda": 114400000,
    "ebitdaratio": 0.1103075885,
    "operatingIncome": 33500000,
    "operatingIncomeRatio": 0.0323016103,
    "totalOtherIncomeExpensesNet": -1400000,
    "incomeBeforeTax": 32100000,
    "incomeBeforeTaxRatio": 0.0309516922,
    "incomeTaxExpense": 11700000,
    "netIncome": 20400000,
    "netIncomeRatio": 0.0196702343,
    "eps": 0.0428,
    "epsdiluted": 0.0428,
    "weightedAverageShsOut": 476800000,
    "weightedAverageShsOutDil": 476800000,
    "link": "https://www.sec.gov/Archives/edgar/data/1001250/000093041301501188/0000930413-01-501188-index.htm",
    "finalLink": "https://www.sec.gov/Archives/edgar/data/1001250/000093041301501188/c21673.txt"
  },
  {
    "date": "2001-03-31",
    "symbol": "EL",
    "reportedCurrency": "USD",
    "cik": "0001001250",
    "fillingDate": "2001-04-24",
    "acceptedDate": "2001-04-24 00:00:00",
    "calendarYear": "2001",
    "period": "Q3",
    "revenue": 1101700000,
    "costOfRevenue": 226100000,
    "grossProfit": 875600000,
    "grossProfitRatio": 0.7947717164,
    "researchAndDevelopmentExpenses": 0,
    "generalAndAdministrativeExpenses": 770300000,
    "sellingAndMarketingExpenses": 0,
    "sellingGeneralAndAdministrativeExpenses": 770300000,
    "otherExpenses": 0,
    "operatingExpenses": 770300000,
    "costAndExpenses": 996400000,
    "interestIncome": 0,
    "interestExpense": 0,
    "depreciationAndAmortization": 38800000,
    "ebitda": 144100000,
    "ebitdaratio": 0.1307978579,
    "operatingIncome": 105300000,
    "operatingIncomeRatio": 0.0955795589,
    "totalOtherIncomeExpensesNet": -3000000,
    "incomeBeforeTax": 102300000,
    "incomeBeforeTaxRatio": 0.0928564945,
    "incomeTaxExpense": 37200000,
    "netIncome": 65100000,
    "netIncomeRatio": 0.0590904965,
    "eps": 0.13,
    "epsdiluted": 0.12,
    "weightedAverageShsOut": 476800000,
    "weightedAverageShsOutDil": 484000000,
    "link": "https://www.sec.gov/Archives/edgar/data/1001250/000100125001500006/0001001250-01-500006-index.htm",
    "finalLink": "https://www.sec.gov/Archives/edgar/data/1001250/000100125001500006/f10q-3qtrfyo1_esteelauder.txt"
  },
  {
    "date": "2000-12-31",
    "symbol": "EL",
    "reportedCurrency": "USD",
    "cik": "0001001250",
    "fillingDate": "2001-01-30",
    "acceptedDate": "2001-01-30 00:00:00",
    "calendarYear": "2001",
    "period": "Q2",
    "revenue": 1291600000,
    "costOfRevenue": 278000000,
    "grossProfit": 1013600000,
    "grossProfitRatio": 0.7847630845,
    "researchAndDevelopmentExpenses": 0,
    "generalAndAdministrativeExpenses": 810100000,
    "sellingAndMarketingExpenses": 0,
    "sellingGeneralAndAdministrativeExpenses": 810100000,
    "otherExpenses": 0,
    "operatingExpenses": 810100000,
    "costAndExpenses": 1088100000,
    "interestIncome": 0,
    "interestExpense": 0,
    "depreciationAndAmortization": 40700000,
    "ebitda": 244200000,
    "ebitdaratio": 0.1890678229,
    "operatingIncome": 203500000,
    "operatingIncomeRatio": 0.157556519,
    "totalOtherIncomeExpensesNet": -4500000,
    "incomeBeforeTax": 199000000,
    "incomeBeforeTaxRatio": 0.1540724683,
    "incomeTaxExpense": 71700000,
    "netIncome": 127300000,
    "netIncomeRatio": 0.0985599257,
    "eps": 0.26,
    "epsdiluted": 0.25,
    "weightedAverageShsOut": 476400000,
    "weightedAverageShsOutDil": 484400000,
    "link": "https://www.sec.gov/Archives/edgar/data/1001250/000100125001000002/0001001250-01-000002-index.htm",
    "finalLink": "https://www.sec.gov/Archives/edgar/data/1001250/000100125001000002/0001001250-01-000002-0001.txt"
  },
  {
    "date": "2000-09-30",
    "symbol": "EL",
    "reportedCurrency": "USD",
    "cik": "0001001250",
    "fillingDate": "2000-10-24",
    "acceptedDate": "2000-10-24 00:00:00",
    "calendarYear": "2001",
    "period": "Q1",
    "revenue": 1177700000,
    "costOfRevenue": 263300000,
    "grossProfit": 914400000,
    "grossProfitRatio": 0.7764286321,
    "researchAndDevelopmentExpenses": 0,
    "generalAndAdministrativeExpenses": 761100000,
    "sellingAndMarketingExpenses": 0,
    "sellingGeneralAndAdministrativeExpenses": 761100000,
    "otherExpenses": 0,
    "operatingExpenses": 761100000,
    "costAndExpenses": 1024400000,
    "interestIncome": 0,
    "interestExpense": 0,
    "depreciationAndAmortization": 40100000,
    "ebitda": 193400000,
    "ebitdaratio": 0.1642183918,
    "operatingIncome": 153300000,
    "operatingIncomeRatio": 0.1301689734,
    "totalOtherIncomeExpensesNet": -5300000,
    "incomeBeforeTax": 148000000,
    "incomeBeforeTaxRatio": 0.1256686762,
    "incomeTaxExpense": 53400000,
    "netIncome": 92400000,
    "netIncomeRatio": 0.0784580114,
    "eps": 0.18,
    "epsdiluted": 0.18,
    "weightedAverageShsOut": 476200000,
    "weightedAverageShsOutDil": 484400000,
    "link": "https://www.sec.gov/Archives/edgar/data/1001250/000100125000000022/0001001250-00-000022-index.htm",
    "finalLink": "https://www.sec.gov/Archives/edgar/data/1001250/000100125000000022/0001001250-00-000022-0001.txt"
  },
  {
    "date": "2000-06-30",
    "symbol": "EL",
    "reportedCurrency": "USD",
    "cik": "0001001250",
    "fillingDate": "2000-09-18",
    "acceptedDate": "2000-09-18 00:00:00",
    "calendarYear": "2000",
    "period": "Q4",
    "revenue": 998900000,
    "costOfRevenue": 167500000,
    "grossProfit": 831400000,
    "grossProfitRatio": 0.8323155471,
    "researchAndDevelopmentExpenses": 0,
    "generalAndAdministrativeExpenses": 698600000,
    "sellingAndMarketingExpenses": 0,
    "sellingGeneralAndAdministrativeExpenses": 698600000,
    "otherExpenses": 39000000,
    "operatingExpenses": 737600000,
    "costAndExpenses": 905100000,
    "interestIncome": 0,
    "interestExpense": 0,
    "depreciationAndAmortization": 39000000,
    "ebitda": 132800000,
    "ebitdaratio": 0.1329462409,
    "operatingIncome": 93800000,
    "operatingIncomeRatio": 0.0939032936,
    "totalOtherIncomeExpensesNet": -3200000,
    "incomeBeforeTax": 90600000,
    "incomeBeforeTaxRatio": 0.0906997697,
    "incomeTaxExpense": 33400000,
    "netIncome": 57200000,
    "netIncomeRatio": 0.0572629893,
    "eps": 0.12,
    "epsdiluted": 0.12,
    "weightedAverageShsOut": 475400000,
    "weightedAverageShsOutDil": 476000000,
    "link": "https://www.sec.gov/Archives/edgar/data/1001250/000088981200003866/0000889812-00-003866-index.htm",
    "finalLink": "https://www.sec.gov/Archives/edgar/data/1001250/000088981200003866/0000889812-00-003866-0001.txt"
  },
  {
    "date": "2000-03-31",
    "symbol": "EL",
    "reportedCurrency": "USD",
    "cik": "0001001250",
    "fillingDate": "2000-04-25",
    "acceptedDate": "2000-04-25 00:00:00",
    "calendarYear": "2000",
    "period": "Q3",
    "revenue": 1039100000,
    "costOfRevenue": 193200000,
    "grossProfit": 845900000,
    "grossProfitRatio": 0.8140698682,
    "researchAndDevelopmentExpenses": 0,
    "generalAndAdministrativeExpenses": 709000000,
    "sellingAndMarketingExpenses": 0,
    "sellingGeneralAndAdministrativeExpenses": 709000000,
    "otherExpenses": 37500000,
    "operatingExpenses": 746500000,
    "costAndExpenses": 939700000,
    "interestIncome": 0,
    "interestExpense": 0,
    "depreciationAndAmortization": 37500000,
    "ebitda": 136900000,
    "ebitdaratio": 0.1317486286,
    "operatingIncome": 99400000,
    "operatingIncomeRatio": 0.0956597055,
    "totalOtherIncomeExpensesNet": -3300000,
    "incomeBeforeTax": 96100000,
    "incomeBeforeTaxRatio": 0.0924838803,
    "incomeTaxExpense": 35700000,
    "netIncome": 60400000,
    "netIncomeRatio": 0.0581272255,
    "eps": 0.12,
    "epsdiluted": 0.11,
    "weightedAverageShsOut": 476000000,
    "weightedAverageShsOutDil": 485600000,
    "link": "https://www.sec.gov/Archives/edgar/data/1001250/000100125000000005/0001001250-00-000005-index.html",
    "finalLink": "https://www.sec.gov/Archives/edgar/data/1001250/000100125000000005/"
  },
  {
    "date": "1999-12-31",
    "symbol": "EL",
    "reportedCurrency": "USD",
    "cik": "0001001250",
    "fillingDate": "2000-01-27",
    "acceptedDate": "2000-01-27 00:00:00",
    "calendarYear": "2000",
    "period": "Q2",
    "revenue": 1235100000,
    "costOfRevenue": 246800000,
    "grossProfit": 988300000,
    "grossProfitRatio": 0.8001781232,
    "researchAndDevelopmentExpenses": 0,
    "generalAndAdministrativeExpenses": 765900000,
    "sellingAndMarketingExpenses": 0,
    "sellingGeneralAndAdministrativeExpenses": 765900000,
    "otherExpenses": 0,
    "operatingExpenses": 765900000,
    "costAndExpenses": 1049000000,
    "interestIncome": 0,
    "interestExpense": 0,
    "depreciationAndAmortization": 36300000,
    "ebitda": 222400000,
    "ebitdaratio": 0.1800663914,
    "operatingIncome": 186100000,
    "operatingIncomeRatio": 0.1506760586,
    "totalOtherIncomeExpensesNet": -5200000,
    "incomeBeforeTax": 180900000,
    "incomeBeforeTaxRatio": 0.1464658732,
    "incomeTaxExpense": 67000000,
    "netIncome": 113900000,
    "netIncomeRatio": 0.0922192535,
    "eps": 0.23,
    "epsdiluted": 0.23,
    "weightedAverageShsOut": 475000000,
    "weightedAverageShsOutDil": 484400000,
    "link": "https://www.sec.gov/Archives/edgar/data/1001250/000100125000000002/0001001250-00-000002-index.html",
    "finalLink": "https://www.sec.gov/Archives/edgar/data/1001250/000100125000000002/"
  },
  {
    "date": "1999-09-30",
    "symbol": "EL",
    "reportedCurrency": "USD",
    "cik": "0001001250",
    "fillingDate": "1999-10-26",
    "acceptedDate": "1999-10-26 00:00:00",
    "calendarYear": "2000",
    "period": "Q1",
    "revenue": 1093700000,
    "costOfRevenue": 217800000,
    "grossProfit": 875900000,
    "grossProfitRatio": 0.8008594679,
    "researchAndDevelopmentExpenses": 0,
    "generalAndAdministrativeExpenses": 705400000,
    "sellingAndMarketingExpenses": 0,
    "sellingGeneralAndAdministrativeExpenses": 705400000,
    "otherExpenses": 34000000,
    "operatingExpenses": 739400000,
    "costAndExpenses": 957200000,
    "interestIncome": 0,
    "interestExpense": 0,
    "depreciationAndAmortization": 34000000,
    "ebitda": 170500000,
    "ebitdaratio": 0.1558928408,
    "operatingIncome": 136500000,
    "operatingIncomeRatio": 0.1248057054,
    "totalOtherIncomeExpensesNet": -5400000,
    "incomeBeforeTax": 131100000,
    "incomeBeforeTaxRatio": 0.1198683368,
    "incomeTaxExpense": 48500000,
    "netIncome": 82600000,
    "netIncomeRatio": 0.0755234525,
    "eps": 0.16,
    "epsdiluted": 0.16,
    "weightedAverageShsOut": 479375000,
    "weightedAverageShsOutDil": 479375000,
    "link": "https://www.sec.gov/Archives/edgar/data/1001250/000100125099000010/0001001250-99-000010-index.html",
    "finalLink": "https://www.sec.gov/Archives/edgar/data/1001250/000100125099000010/"
  },
  {
    "date": "1999-06-30",
    "symbol": "EL",
    "reportedCurrency": "USD",
    "cik": "0001001250",
    "fillingDate": "1999-09-13",
    "acceptedDate": "1999-09-13 00:00:00",
    "calendarYear": "1999",
    "period": "Q4",
    "revenue": 908500000,
    "costOfRevenue": 175800000,
    "grossProfit": 732700000,
    "grossProfitRatio": 0.8064942212,
    "researchAndDevelopmentExpenses": 0,
    "generalAndAdministrativeExpenses": 621100000,
    "sellingAndMarketingExpenses": 0,
    "sellingGeneralAndAdministrativeExpenses": 621100000,
    "otherExpenses": 28600000,
    "operatingExpenses": 649700000,
    "costAndExpenses": 825500000,
    "interestIncome": 0,
    "interestExpense": 0,
    "depreciationAndAmortization": 28600000,
    "ebitda": 111600000,
    "ebitdaratio": 0.1228398459,
    "operatingIncome": 83000000,
    "operatingIncomeRatio": 0.0913593836,
    "totalOtherIncomeExpensesNet": -2200000,
    "incomeBeforeTax": 80800000,
    "incomeBeforeTaxRatio": 0.0889378096,
    "incomeTaxExpense": 30400000,
    "netIncome": 50400000,
    "netIncomeRatio": 0.0554760594,
    "eps": 0.11,
    "epsdiluted": 0.11,
    "weightedAverageShsOut": 477000000,
    "weightedAverageShsOutDil": 477000000,
    "link": "https://www.sec.gov/Archives/edgar/data/1001250/000088981299002680/0000889812-99-002680-index.html",
    "finalLink": "https://www.sec.gov/Archives/edgar/data/1001250/000088981299002680/"
  },
  {
    "date": "1999-03-31",
    "symbol": "EL",
    "reportedCurrency": "USD",
    "cik": "0001001250",
    "fillingDate": "1999-04-27",
    "acceptedDate": "1999-04-27 00:00:00",
    "calendarYear": "1999",
    "period": "Q3",
    "revenue": 964800000,
    "costOfRevenue": 186300000,
    "grossProfit": 778500000,
    "grossProfitRatio": 0.8069029851,
    "researchAndDevelopmentExpenses": 0,
    "generalAndAdministrativeExpenses": 658400000,
    "sellingAndMarketingExpenses": 0,
    "sellingGeneralAndAdministrativeExpenses": 658400000,
    "otherExpenses": 29800000,
    "operatingExpenses": 688200000,
    "costAndExpenses": 874500000,
    "interestIncome": 0,
    "interestExpense": 0,
    "depreciationAndAmortization": 30000000,
    "ebitda": 120300000,
    "ebitdaratio": 0.1246890547,
    "operatingIncome": 90300000,
    "operatingIncomeRatio": 0.0935945274,
    "totalOtherIncomeExpensesNet": -3400000,
    "incomeBeforeTax": 86900000,
    "incomeBeforeTaxRatio": 0.0900704809,
    "incomeTaxExpense": 33300000,
    "netIncome": 53600000,
    "netIncomeRatio": 0.0555555556,
    "eps": 0.1,
    "epsdiluted": 0.1,
    "weightedAverageShsOut": 477000000,
    "weightedAverageShsOutDil": 477000000,
    "link": "https://www.sec.gov/Archives/edgar/data/1001250/000100125099000007/0001001250-99-000007-index.html",
    "finalLink": "https://www.sec.gov/Archives/edgar/data/1001250/"
  },
  {
    "date": "1998-12-31",
    "symbol": "EL",
    "reportedCurrency": "USD",
    "cik": "0001001250",
    "fillingDate": "1999-01-26",
    "acceptedDate": "1999-01-26 00:00:00",
    "calendarYear": "1999",
    "period": "Q2",
    "revenue": 1091000000,
    "costOfRevenue": 220800000,
    "grossProfit": 870200000,
    "grossProfitRatio": 0.7976168653,
    "researchAndDevelopmentExpenses": 0,
    "generalAndAdministrativeExpenses": 679400000,
    "sellingAndMarketingExpenses": 0,
    "sellingGeneralAndAdministrativeExpenses": 679400000,
    "otherExpenses": 29000000,
    "operatingExpenses": 708400000,
    "costAndExpenses": 929200000,
    "interestIncome": 0,
    "interestExpense": 0,
    "depreciationAndAmortization": 29000000,
    "ebitda": 190800000,
    "ebitdaratio": 0.1748854262,
    "operatingIncome": 161800000,
    "operatingIncomeRatio": 0.148304308,
    "totalOtherIncomeExpensesNet": -4800000,
    "incomeBeforeTax": 157000000,
    "incomeBeforeTaxRatio": 0.1439046746,
    "incomeTaxExpense": 59700000,
    "netIncome": 97300000,
    "netIncomeRatio": 0.0891842346,
    "eps": 0.2,
    "epsdiluted": 0.19,
    "weightedAverageShsOut": 469230769,
    "weightedAverageShsOutDil": 481578947,
    "link": "https://www.sec.gov/Archives/edgar/data/1001250/000100125099000001/0001001250-99-000001-index.html",
    "finalLink": "https://www.sec.gov/Archives/edgar/data/1001250/"
  },
  {
    "date": "1998-09-30",
    "symbol": "EL",
    "reportedCurrency": "USD",
    "cik": "0001001250",
    "fillingDate": "1998-10-28",
    "acceptedDate": "1998-10-28 00:00:00",
    "calendarYear": "1999",
    "period": "Q1",
    "revenue": 997000000,
    "costOfRevenue": 199900000,
    "grossProfit": 797100000,
    "grossProfitRatio": 0.7994984955,
    "researchAndDevelopmentExpenses": 0,
    "generalAndAdministrativeExpenses": 645800000,
    "sellingAndMarketingExpenses": 0,
    "sellingGeneralAndAdministrativeExpenses": 645800000,
    "otherExpenses": 29700000,
    "operatingExpenses": 675500000,
    "costAndExpenses": 875400000,
    "interestIncome": 0,
    "interestExpense": 0,
    "depreciationAndAmortization": 29700000,
    "ebitda": 151300000,
    "ebitdaratio": 0.1517552658,
    "operatingIncome": 121600000,
    "operatingIncomeRatio": 0.1219658977,
    "totalOtherIncomeExpensesNet": -6100000,
    "incomeBeforeTax": 115500000,
    "incomeBeforeTaxRatio": 0.1158475426,
    "incomeTaxExpense": 43900000,
    "netIncome": 71600000,
    "netIncomeRatio": 0.0718154463,
    "eps": 0.14,
    "epsdiluted": 0.14,
    "weightedAverageShsOut": 469285714,
    "weightedAverageShsOutDil": 469285714,
    "link": "https://www.sec.gov/Archives/edgar/data/1001250/000100125098000015/0001001250-98-000015-index.html",
    "finalLink": "https://www.sec.gov/Archives/edgar/data/1001250/"
  },
  {
    "date": "1998-06-30",
    "symbol": "EL",
    "reportedCurrency": "USD",
    "cik": "0001001250",
    "fillingDate": "1998-09-11",
    "acceptedDate": "1998-09-11 00:00:00",
    "calendarYear": "1998",
    "period": "Q4",
    "revenue": 845000000,
    "costOfRevenue": 163800000,
    "grossProfit": 681200000,
    "grossProfitRatio": 0.8061538462,
    "researchAndDevelopmentExpenses": 0,
    "generalAndAdministrativeExpenses": 576900000,
    "sellingAndMarketingExpenses": 0,
    "sellingGeneralAndAdministrativeExpenses": 576900000,
    "otherExpenses": 26900000,
    "operatingExpenses": 603800000,
    "costAndExpenses": 767600000,
    "interestIncome": 0,
    "interestExpense": 0,
    "depreciationAndAmortization": 26900000,
    "ebitda": 104300000,
    "ebitdaratio": 0.1234319527,
    "operatingIncome": 77400000,
    "operatingIncomeRatio": 0.0915976331,
    "totalOtherIncomeExpensesNet": -4100000,
    "incomeBeforeTax": 73300000,
    "incomeBeforeTaxRatio": 0.0867455621,
    "incomeTaxExpense": 29300000,
    "netIncome": 44000000,
    "netIncomeRatio": 0.0520710059,
    "eps": 0.094,
    "epsdiluted": 0.094,
    "weightedAverageShsOut": 468235294,
    "weightedAverageShsOutDil": 468235294,
    "link": "https://www.sec.gov/Archives/edgar/data/1001250/000088981298002176/0000889812-98-002176-index.html",
    "finalLink": "https://www.sec.gov/Archives/edgar/data/1001250/"
  },
  {
    "date": "1998-03-31",
    "symbol": "EL",
    "reportedCurrency": "USD",
    "cik": "0001001250",
    "fillingDate": "1998-04-28",
    "acceptedDate": "1998-04-28 00:00:00",
    "calendarYear": "1998",
    "period": "Q3",
    "revenue": 871500000,
    "costOfRevenue": 168000000,
    "grossProfit": 703500000,
    "grossProfitRatio": 0.8072289157,
    "researchAndDevelopmentExpenses": 0,
    "generalAndAdministrativeExpenses": 595600000,
    "sellingAndMarketingExpenses": 0,
    "sellingGeneralAndAdministrativeExpenses": 595600000,
    "otherExpenses": 27100000,
    "operatingExpenses": 622700000,
    "costAndExpenses": 790700000,
    "interestIncome": 0,
    "interestExpense": 0,
    "depreciationAndAmortization": 27100000,
    "ebitda": 107900000,
    "ebitdaratio": 0.1238095238,
    "operatingIncome": 80800000,
    "operatingIncomeRatio": 0.092713712,
    "totalOtherIncomeExpensesNet": -4000000,
    "incomeBeforeTax": 76800000,
    "incomeBeforeTaxRatio": 0.0881239243,
    "incomeTaxExpense": 31100000,
    "netIncome": 45700000,
    "netIncomeRatio": 0.0524383247,
    "eps": 0.085,
    "epsdiluted": 0.085,
    "weightedAverageShsOut": 468235294,
    "weightedAverageShsOutDil": 468235294,
    "link": "https://www.sec.gov/Archives/edgar/data/1001250/000100125098000013/0001001250-98-000013-index.html",
    "finalLink": "https://www.sec.gov/Archives/edgar/data/1001250/"
  },
  {
    "date": "1997-12-31",
    "symbol": "EL",
    "reportedCurrency": "USD",
    "cik": "0001001250",
    "fillingDate": "1998-01-27",
    "acceptedDate": "1998-01-27 00:00:00",
    "calendarYear": "1998",
    "period": "Q2",
    "revenue": 1000900000,
    "costOfRevenue": 205600000,
    "grossProfit": 795300000,
    "grossProfitRatio": 0.7945848736,
    "researchAndDevelopmentExpenses": 0,
    "generalAndAdministrativeExpenses": 626700000,
    "sellingAndMarketingExpenses": 0,
    "sellingGeneralAndAdministrativeExpenses": 626700000,
    "otherExpenses": 23700000,
    "operatingExpenses": 650400000,
    "costAndExpenses": 856000000,
    "interestIncome": 0,
    "interestExpense": 0,
    "depreciationAndAmortization": 23700000,
    "ebitda": 168600000,
    "ebitdaratio": 0.1684483964,
    "operatingIncome": 144900000,
    "operatingIncomeRatio": 0.1447697073,
    "totalOtherIncomeExpensesNet": -1700000,
    "incomeBeforeTax": 143200000,
    "incomeBeforeTaxRatio": 0.1430712359,
    "incomeTaxExpense": 57900000,
    "netIncome": 85300000,
    "netIncomeRatio": 0.085223299,
    "eps": 0.17,
    "epsdiluted": 0.17,
    "weightedAverageShsOut": 467647059,
    "weightedAverageShsOutDil": 481818182,
    "link": "https://www.sec.gov/Archives/edgar/data/1001250/000090951898000040/0000909518-98-000040-index.html",
    "finalLink": "https://www.sec.gov/Archives/edgar/data/1001250/"
  },
  {
    "date": "1997-09-30",
    "symbol": "EL",
    "reportedCurrency": "USD",
    "cik": "0001001250",
    "fillingDate": "1997-10-28",
    "acceptedDate": "1997-10-28 00:00:00",
    "calendarYear": "1998",
    "period": "Q1",
    "revenue": 900600000,
    "costOfRevenue": 184600000,
    "grossProfit": 716000000,
    "grossProfitRatio": 0.7950255385,
    "researchAndDevelopmentExpenses": 0,
    "generalAndAdministrativeExpenses": 590200000,
    "sellingAndMarketingExpenses": 0,
    "sellingGeneralAndAdministrativeExpenses": 590200000,
    "otherExpenses": 19800000,
    "operatingExpenses": 610000000,
    "costAndExpenses": 794600000,
    "interestIncome": 0,
    "interestExpense": 0,
    "depreciationAndAmortization": 19800000,
    "ebitda": 125800000,
    "ebitdaratio": 0.1396846547,
    "operatingIncome": 106000000,
    "operatingIncomeRatio": 0.1176993116,
    "totalOtherIncomeExpensesNet": -1400000,
    "incomeBeforeTax": 104600000,
    "incomeBeforeTaxRatio": 0.1161447924,
    "incomeTaxExpense": 42800000,
    "netIncome": 61800000,
    "netIncomeRatio": 0.0686209194,
    "eps": 0.12,
    "epsdiluted": 0.12,
    "weightedAverageShsOut": 465833333,
    "weightedAverageShsOutDil": 465833333,
    "link": "https://www.sec.gov/Archives/edgar/data/1001250/000090951897000621/0000909518-97-000621-index.html",
    "finalLink": "https://www.sec.gov/Archives/edgar/data/1001250/"
  },
  {
    "date": "1997-06-30",
    "symbol": "EL",
    "reportedCurrency": "USD",
    "cik": "0001001250",
    "fillingDate": "1997-09-04",
    "acceptedDate": "1997-09-04 00:00:00",
    "calendarYear": "1997",
    "period": "Q4",
    "revenue": 775900000,
    "costOfRevenue": 160000000,
    "grossProfit": 615900000,
    "grossProfitRatio": 0.7937878593,
    "researchAndDevelopmentExpenses": 0,
    "generalAndAdministrativeExpenses": 532500000,
    "sellingAndMarketingExpenses": 0,
    "sellingGeneralAndAdministrativeExpenses": 532500000,
    "otherExpenses": 20400000,
    "operatingExpenses": 552900000,
    "costAndExpenses": 712900000,
    "interestIncome": 0,
    "interestExpense": 0,
    "depreciationAndAmortization": 20400000,
    "ebitda": 83400000,
    "ebitdaratio": 0.1074880784,
    "operatingIncome": 63000000,
    "operatingIncomeRatio": 0.0811960304,
    "totalOtherIncomeExpensesNet": 1200000,
    "incomeBeforeTax": 64200000,
    "incomeBeforeTaxRatio": 0.0827426215,
    "incomeTaxExpense": 27500000,
    "netIncome": 36700000,
    "netIncomeRatio": 0.0472999098,
    "eps": 0.0793,
    "epsdiluted": 0.0793,
    "weightedAverageShsOut": 462857143,
    "weightedAverageShsOutDil": 462857143,
    "link": "https://www.sec.gov/Archives/edgar/data/1001250/000088981297001841/0000889812-97-001841-index.html",
    "finalLink": "https://www.sec.gov/Archives/edgar/data/1001250/"
  },
  {
    "date": "1997-03-31",
    "symbol": "EL",
    "reportedCurrency": "USD",
    "cik": "0001001250",
    "fillingDate": "1997-04-29",
    "acceptedDate": "1997-04-29 00:00:00",
    "calendarYear": "1997",
    "period": "Q3",
    "revenue": 791400000,
    "costOfRevenue": 148100000,
    "grossProfit": 643300000,
    "grossProfitRatio": 0.8128632803,
    "researchAndDevelopmentExpenses": 0,
    "generalAndAdministrativeExpenses": 555200000,
    "sellingAndMarketingExpenses": 0,
    "sellingGeneralAndAdministrativeExpenses": 555200000,
    "otherExpenses": 19200000,
    "operatingExpenses": 574400000,
    "costAndExpenses": 722500000,
    "interestIncome": 0,
    "interestExpense": 0,
    "depreciationAndAmortization": 19200000,
    "ebitda": 88100000,
    "ebitdaratio": 0.1113217084,
    "operatingIncome": 68900000,
    "operatingIncomeRatio": 0.0870609047,
    "totalOtherIncomeExpensesNet": -700000,
    "incomeBeforeTax": 68200000,
    "incomeBeforeTaxRatio": 0.0861763963,
    "incomeTaxExpense": 29900000,
    "netIncome": 38300000,
    "netIncomeRatio": 0.0483952489,
    "eps": 0.07,
    "epsdiluted": 0.07,
    "weightedAverageShsOut": 462857143,
    "weightedAverageShsOutDil": 462857143,
    "link": "https://www.sec.gov/Archives/edgar/data/1001250/000090951897000251/0000909518-97-000251-index.html",
    "finalLink": "https://www.sec.gov/Archives/edgar/data/1001250/"
  },
  {
    "date": "1996-12-31",
    "symbol": "EL",
    "reportedCurrency": "USD",
    "cik": "0001001250",
    "fillingDate": "1997-01-28",
    "acceptedDate": "1997-01-28 00:00:00",
    "calendarYear": "1997",
    "period": "Q2",
    "revenue": 941500000,
    "costOfRevenue": 198600000,
    "grossProfit": 742900000,
    "grossProfitRatio": 0.7890600106,
    "researchAndDevelopmentExpenses": 0,
    "generalAndAdministrativeExpenses": 598000000,
    "sellingAndMarketingExpenses": 0,
    "sellingGeneralAndAdministrativeExpenses": 598000000,
    "otherExpenses": 19000000,
    "operatingExpenses": 617000000,
    "costAndExpenses": 815600000,
    "interestIncome": 0,
    "interestExpense": 0,
    "depreciationAndAmortization": 19000000,
    "ebitda": 144900000,
    "ebitdaratio": 0.1539033457,
    "operatingIncome": 125900000,
    "operatingIncomeRatio": 0.1337227828,
    "totalOtherIncomeExpensesNet": -5500000,
    "incomeBeforeTax": 120400000,
    "incomeBeforeTaxRatio": 0.1278810409,
    "incomeTaxExpense": 50500000,
    "netIncome": 69900000,
    "netIncomeRatio": 0.0742432289,
    "eps": 0.14,
    "epsdiluted": 0.14,
    "weightedAverageShsOut": 474814815,
    "weightedAverageShsOutDil": 474814815,
    "link": "https://www.sec.gov/Archives/edgar/data/1001250/000090951897000048/0000909518-97-000048-index.html",
    "finalLink": "https://www.sec.gov/Archives/edgar/data/1001250/"
  },
  {
    "date": "1996-09-30",
    "symbol": "EL",
    "reportedCurrency": "USD",
    "cik": "0001001250",
    "fillingDate": "1996-10-30",
    "acceptedDate": "1996-10-30 00:00:00",
    "calendarYear": "1997",
    "period": "Q1",
    "revenue": 872800000,
    "costOfRevenue": 182400000,
    "grossProfit": 690400000,
    "grossProfitRatio": 0.7910174152,
    "researchAndDevelopmentExpenses": 0,
    "generalAndAdministrativeExpenses": 571700000,
    "sellingAndMarketingExpenses": 0,
    "sellingGeneralAndAdministrativeExpenses": 571700000,
    "otherExpenses": 17400000,
    "operatingExpenses": 589100000,
    "costAndExpenses": 771500000,
    "interestIncome": 0,
    "interestExpense": 0,
    "depreciationAndAmortization": 17400000,
    "ebitda": 118700000,
    "ebitdaratio": 0.1359990834,
    "operatingIncome": 101300000,
    "operatingIncomeRatio": 0.1160632447,
    "totalOtherIncomeExpensesNet": -4100000,
    "incomeBeforeTax": 97200000,
    "incomeBeforeTaxRatio": 0.1113657195,
    "incomeTaxExpense": 44500000,
    "netIncome": 52700000,
    "netIncomeRatio": 0.060380385,
    "eps": 0.1,
    "epsdiluted": 0.1,
    "weightedAverageShsOut": 468000000,
    "weightedAverageShsOutDil": 468000000,
    "link": "https://www.sec.gov/Archives/edgar/data/1001250/000090951896000360/0000909518-96-000360-index.html",
    "finalLink": "https://www.sec.gov/Archives/edgar/data/1001250/"
  },
  {
    "date": "1996-06-30",
    "symbol": "EL",
    "reportedCurrency": "USD",
    "cik": "0001001250",
    "fillingDate": "1996-06-30",
    "acceptedDate": "1996-06-30 00:00:00",
    "calendarYear": "1996",
    "period": "Q4",
    "revenue": 736700000,
    "costOfRevenue": 147000000,
    "grossProfit": 589700000,
    "grossProfitRatio": 0.8004615176,
    "researchAndDevelopmentExpenses": 0,
    "generalAndAdministrativeExpenses": 522700000,
    "sellingAndMarketingExpenses": 0,
    "sellingGeneralAndAdministrativeExpenses": 522700000,
    "otherExpenses": 16900000,
    "operatingExpenses": 539600000,
    "costAndExpenses": 686600000,
    "interestIncome": 0,
    "interestExpense": 0,
    "depreciationAndAmortization": 16900000,
    "ebitda": 67000000,
    "ebitdaratio": 0.090946111,
    "operatingIncome": 50100000,
    "operatingIncomeRatio": 0.0680059726,
    "totalOtherIncomeExpensesNet": -2300000,
    "incomeBeforeTax": 47800000,
    "incomeBeforeTaxRatio": 0.0648839419,
    "incomeTaxExpense": 20500000,
    "netIncome": 27300000,
    "netIncomeRatio": 0.0370571467,
    "eps": 0.0612,
    "epsdiluted": 0.0612,
    "weightedAverageShsOut": 446000000,
    "weightedAverageShsOutDil": 446000000,
    "link": null,
    "finalLink": null
  },
  {
    "date": "1996-03-31",
    "symbol": "EL",
    "reportedCurrency": "USD",
    "cik": "0001001250",
    "fillingDate": "1996-03-31",
    "acceptedDate": "1996-03-31 00:00:00",
    "calendarYear": "1996",
    "period": "Q3",
    "revenue": 763900000,
    "costOfRevenue": 144200000,
    "grossProfit": 619700000,
    "grossProfitRatio": 0.8112318366,
    "researchAndDevelopmentExpenses": 0,
    "generalAndAdministrativeExpenses": 542200000,
    "sellingAndMarketingExpenses": 0,
    "sellingGeneralAndAdministrativeExpenses": 542200000,
    "otherExpenses": 19200000,
    "operatingExpenses": 561400000,
    "costAndExpenses": 705600000,
    "interestIncome": 0,
    "interestExpense": 0,
    "depreciationAndAmortization": 17600000,
    "ebitda": 77500000,
    "ebitdaratio": 0.1014530698,
    "operatingIncome": 58300000,
    "operatingIncomeRatio": 0.0763188899,
    "totalOtherIncomeExpensesNet": -3700000,
    "incomeBeforeTax": 54600000,
    "incomeBeforeTaxRatio": 0.071475324,
    "incomeTaxExpense": 26400000,
    "netIncome": 28200000,
    "netIncomeRatio": 0.0369158267,
    "eps": 0.05,
    "epsdiluted": 0.05,
    "weightedAverageShsOut": 446000000,
    "weightedAverageShsOutDil": 446000000,
    "link": null,
    "finalLink": null
  },
  {
    "date": "1995-12-31",
    "symbol": "EL",
    "reportedCurrency": "USD",
    "cik": "0001001250",
    "fillingDate": "1995-12-31",
    "acceptedDate": "1995-12-31 00:00:00",
    "calendarYear": "1996",
    "period": "Q2",
    "revenue": 860800000,
    "costOfRevenue": 198200000,
    "grossProfit": 662600000,
    "grossProfitRatio": 0.7697490706,
    "researchAndDevelopmentExpenses": 0,
    "generalAndAdministrativeExpenses": 541400000,
    "sellingAndMarketingExpenses": 0,
    "sellingGeneralAndAdministrativeExpenses": 541400000,
    "otherExpenses": 12200000,
    "operatingExpenses": 553600000,
    "costAndExpenses": 751800000,
    "interestIncome": 0,
    "interestExpense": 0,
    "depreciationAndAmortization": 13800000,
    "ebitda": 122800000,
    "ebitdaratio": 0.1426579926,
    "operatingIncome": 109000000,
    "operatingIncomeRatio": 0.1266263941,
    "totalOtherIncomeExpensesNet": -3200000,
    "incomeBeforeTax": 105800000,
    "incomeBeforeTaxRatio": 0.1229089219,
    "incomeTaxExpense": 47300000,
    "netIncome": 58500000,
    "netIncomeRatio": 0.0679600372,
    "eps": 0.12,
    "epsdiluted": 0.12,
    "weightedAverageShsOut": 342222222,
    "weightedAverageShsOutDil": 342222222,
    "link": null,
    "finalLink": null
  },
  {
    "date": "1995-09-30",
    "symbol": "EL",
    "reportedCurrency": "USD",
    "cik": "0001001250",
    "fillingDate": "1995-09-30",
    "acceptedDate": "1995-09-30 00:00:00",
    "calendarYear": "1996",
    "period": "Q1",
    "revenue": 833100000,
    "costOfRevenue": 182800000,
    "grossProfit": 650300000,
    "grossProfitRatio": 0.780578562,
    "researchAndDevelopmentExpenses": 0,
    "generalAndAdministrativeExpenses": 546900000,
    "sellingAndMarketingExpenses": 0,
    "sellingGeneralAndAdministrativeExpenses": 546900000,
    "otherExpenses": 10500000,
    "operatingExpenses": 557400000,
    "costAndExpenses": 740200000,
    "interestIncome": 0,
    "interestExpense": 0,
    "depreciationAndAmortization": 10500000,
    "ebitda": 103400000,
    "ebitdaratio": 0.1241147521,
    "operatingIncome": 92900000,
    "operatingIncomeRatio": 0.1115112231,
    "totalOtherIncomeExpensesNet": -2400000,
    "incomeBeforeTax": 90500000,
    "incomeBeforeTaxRatio": 0.1086304165,
    "incomeTaxExpense": 44100000,
    "netIncome": 46400000,
    "netIncomeRatio": 0.0556955948,
    "eps": 0.09,
    "epsdiluted": 0.09,
    "weightedAverageShsOut": 342222222,
    "weightedAverageShsOutDil": 342222222,
    "link": null,
    "finalLink": null
  }
]