[
  {
    "date": "2025-06-30",
    "symbol": "EL",
    "reportedCurrency": "USD",
    "cik": "0001001250",
    "fillingDate": "2025-08-20",
    "acceptedDate": "2025-08-20 12:27:37",
    "calendarYear": "2025",
    "period": "FY",
    "revenue": 14288000000,
    "costOfRevenue": 3730000000,
    "grossProfit": 10558000000,
    "grossProfitRatio": 0.7389417693,
    "researchAndDevelopmentExpenses": 316000000,
    "generalAndAdministrativeExpenses": 0,
    "sellingAndMarketingExpenses": 0,
    "sellingGeneralAndAdministrativeExpenses": 9284000000,
    "otherExpenses": 0,
    "operatingExpenses": 9600000000,
    "costAndExpenses": 13330000000,
    "interestIncome": 114000000,
    "interestExpense": 404000000,
    "depreciationAndAmortization": 829000000,
    "ebitda": 193000000,
    "ebitdaratio": 0.0135078387,
    "operatingIncome": 958000000,
    "operatingIncomeRatio": 0.0670492721,
    "totalOtherIncomeExpensesNet": -1998000000,
    "incomeBeforeTax": -1040000000,
    "incomeBeforeTaxRatio": -0.0727883539,
    "incomeTaxExpense": 93000000,
    "netIncome": -1133000000,
    "netIncomeRatio": -0.0792973124,
    "eps": -3.15,
    "epsdiluted": -3.15,
    "weightedAverageShsOut": 360100000,
    "weightedAverageShsOutDil": 360100000,
    "link": "https://www.sec.gov/Archives/edgar/data/1001250/000100125025000099/0001001250-25-000099-index.htm",
    "finalLink": "https://www.sec.gov/Archives/edgar/data/1001250/000100125025000099/el-20250630.htm"
  },
  {
    "date": "2024-06-30",
    "symbol": "EL",
    "reportedCurrency": "USD",
    "cik": "0001001250",
    "fillingDate": "2024-08-19",
    "acceptedDate": "2024-08-19 12:59:14",
    "calendarYear": "2024",
    "period": "FY",
    "revenue": 15608000000,
    "costOfRevenue": 4424000000,
    "grossProfit": 11184000000,
    "grossProfitRatio": 0.7165556125,
    "researchAndDevelopmentExpenses": 0,
    "generalAndAdministrativeExpenses": 0,
    "sellingAndMarketingExpenses": 0,
    "sellingGeneralAndAdministrativeExpenses": 9621000000,
    "otherExpenses": 593000000,
    "operatingExpenses": 10214000000,
    "costAndExpenses": 14638000000,
    "interestIncome": 167000000,
    "interestExpense": 378000000,
    "depreciationAndAmortization": 825000000,
    "ebitda": 1975000000,
    "ebitdaratio": 0.126537673,
    "operatingIncome": 970000000,
    "operatingIncomeRatio": 0.0621476166,
    "totalOtherIncomeExpensesNet": -198000000,
    "incomeBeforeTax": 772000000,
    "incomeBeforeTaxRatio": 0.0494618145,
    "incomeTaxExpense": 363000000,
    "netIncome": 390000000,
    "netIncomeRatio": 0.0249871861,
    "eps": 1.09,
    "epsdiluted": 1.08,
    "weightedAverageShsOut": 359000000,
    "weightedAverageShsOutDil": 360800000,
    "link": "https://www.sec.gov/Archives/edgar/data/1001250/000100125024000116/0001001250-24-000116-index.htm",
    "finalLink": "https://www.sec.gov/Archives/edgar/data/1001250/000100125024000116/el-20240630.htm"
  },
  {
    "date": "2023-06-30",
    "symbol": "EL",
    "reportedCurrency": "USD",
    "cik": "0001001250",
    "fillingDate": "2023-08-18",
    "acceptedDate": "2023-08-18 14:09:00",
    "calendarYear": "2023",
    "period": "FY",
    "revenue": 15910000000,
    "costOfRevenue": 4564000000,
    "grossProfit": 11346000000,
    "grossProfitRatio": 0.7131363922,
    "researchAndDevelopmentExpenses": 0,
    "generalAndAdministrativeExpenses": 0,
    "sellingAndMarketingExpenses": 0,
    "sellingGeneralAndAdministrativeExpenses": 9575000000,
    "otherExpenses": 262000000,
    "operatingExpenses": 9837000000,
    "costAndExpenses": 14401000000,
    "interestIncome": 131000000,
    "interestExpense": 255000000,
    "depreciationAndAmortization": 744000000,
    "ebitda": 2396000000,
    "ebitdaratio": 0.1505971087,
    "operatingIncome": 1509000000,
    "operatingIncomeRatio": 0.0948460088,
    "totalOtherIncomeExpensesNet": -112000000,
    "incomeBeforeTax": 1397000000,
    "incomeBeforeTaxRatio": 0.0878064111,
    "incomeTaxExpense": 387000000,
    "netIncome": 1006000000,
    "netIncomeRatio": 0.0632306725,
    "eps": 2.81,
    "epsdiluted": 2.79,
    "weightedAverageShsOut": 357900000,
    "weightedAverageShsOutDil": 360900000,
    "link": "https://www.sec.gov/Archives/edgar/data/1001250/000100125023000112/0001001250-23-000112-index.htm",
    "finalLink": "https://www.sec.gov/Archives/edgar/data/1001250/000100125023000112/el-20230630.htm"
  },
  {
    "date": "2022-06-30",
    "symbol": "EL",
    "reportedCurrency": "USD",
    "cik": "0001001250",
    "fillingDate": "2022-08-24",
    "acceptedDate": "2022-08-24 12:21:37",
    "calendarYear": "2022",
    "period": "FY",
    "revenue": 17737000000,
    "costOfRevenue": 4305000000,
    "grossProfit": 13432000000,
    "grossProfitRatio": 0.7572870271,
    "researchAndDevelopmentExpenses": 0,
    "generalAndAdministrativeExpenses": 9888000000,
    "sellingAndMarketingExpenses": 0,
    "sellingGeneralAndAdministrativeExpenses": 9888000000,
    "otherExpenses": 374000000,
    "operatingExpenses": 10262000000,
    "costAndExpenses": 14567000000,
    "interestIncome": 30000000,
    "interestExpense": 167000000,
    "depreciationAndAmortization": 727000000,
    "ebitda": 3930000000,
    "ebitdaratio": 0.2215707279,
    "operatingIncome": 3170000000,
    "operatingIncomeRatio": 0.1787224446,
    "totalOtherIncomeExpensesNet": -134000000,
    "incomeBeforeTax": 3036000000,
    "incomeBeforeTaxRatio": 0.1711676157,
    "incomeTaxExpense": 628000000,
    "netIncome": 2390000000,
    "netIncomeRatio": 0.134746575,
    "eps": 6.64,
    "epsdiluted": 6.55,
    "weightedAverageShsOut": 360000000,
    "weightedAverageShsOutDil": 364900000,
    "link": "https://www.sec.gov/Archives/edgar/data/1001250/000100125022000122/0001001250-22-000122-index.htm",
    "finalLink": "https://www.sec.gov/Archives/edgar/data/1001250/000100125022000122/el-20220630.htm"
  },
  {
    "date": "2021-06-30",
    "symbol": "EL",
    "reportedCurrency": "USD",
    "cik": "0001001250",
    "fillingDate": "2021-08-27",
    "acceptedDate": "2021-08-27 10:19:09",
    "calendarYear": "2021",
    "period": "FY",
    "revenue": 16215000000,
    "costOfRevenue": 3834000000,
    "grossProfit": 12381000000,
    "grossProfitRatio": 0.7635522664,
    "researchAndDevelopmentExpenses": 0,
    "generalAndAdministrativeExpenses": 0,
    "sellingAndMarketingExpenses": 0,
    "sellingGeneralAndAdministrativeExpenses": 9371000000,
    "otherExpenses": 392000000,
    "operatingExpenses": 9763000000,
    "costAndExpenses": 13597000000,
    "interestIncome": 51000000,
    "interestExpense": 173000000,
    "depreciationAndAmortization": 651000000,
    "ebitda": 4155000000,
    "ebitdaratio": 0.2562442183,
    "operatingIncome": 2618000000,
    "operatingIncomeRatio": 0.1614554425,
    "totalOtherIncomeExpensesNet": 713000000,
    "incomeBeforeTax": 3331000000,
    "incomeBeforeTaxRatio": 0.2054270737,
    "incomeTaxExpense": 456000000,
    "netIncome": 2870000000,
    "netIncomeRatio": 0.1769966081,
    "eps": 7.91,
    "epsdiluted": 7.79,
    "weightedAverageShsOut": 362900000,
    "weightedAverageShsOutDil": 368200000,
    "link": "https://www.sec.gov/Archives/edgar/data/1001250/000100125021000127/0001001250-21-000127-index.htm",
    "finalLink": "https://www.sec.gov/Archives/edgar/data/1001250/000100125021000127/el-20210630.htm"
  },
  {
    "date": "2020-06-30",
    "symbol": "EL",
    "reportedCurrency": "USD",
    "cik": "0001001250",
    "fillingDate": "2020-08-28",
    "acceptedDate": "2020-08-28 16:07:12",
    "calendarYear": "2020",
    "period": "FY",
    "revenue": 14294000000,
    "costOfRevenue": 3552000000,
    "grossProfit": 10742000000,
    "grossProfitRatio": 0.7515041276,
    "researchAndDevelopmentExpenses": 0,
    "generalAndAdministrativeExpenses": 0,
    "sellingAndMarketingExpenses": 0,
    "sellingGeneralAndAdministrativeExpenses": 8637000000,
    "otherExpenses": 1499000000,
    "operatingExpenses": 10136000000,
    "costAndExpenses": 13688000000,
    "interestIncome": 48000000,
    "interestExpense": 161000000,
    "depreciationAndAmortization": 611000000,
    "ebitda": 1818000000,
    "ebitdaratio": 0.127186232,
    "operatingIncome": 606000000,
    "operatingIncomeRatio": 0.0423954107,
    "totalOtherIncomeExpensesNet": 440000000,
    "incomeBeforeTax": 1046000000,
    "incomeBeforeTaxRatio": 0.073177557,
    "incomeTaxExpense": 350000000,
    "netIncome": 684000000,
    "netIncomeRatio": 0.0478522457,
    "eps": 1.9,
    "epsdiluted": 1.86,
    "weightedAverageShsOut": 360600000,
    "weightedAverageShsOutDil": 366900000,
    "link": "https://www.sec.gov/Archives/edgar/data/1001250/000100125020000065/0001001250-20-000065-index.htm",
    "finalLink": "https://www.sec.gov/Archives/edgar/data/1001250/000100125020000065/el-20200630.htm"
  },
  {
    "date": "2019-06-30",
    "symbol": "EL",
    "reportedCurrency": "USD",
    "cik": "0001001250",
    "fillingDate": "2019-08-23",
    "acceptedDate": "2019-08-23 13:01:04",
    "calendarYear": "2019",
    "period": "FY",
    "revenue": 14863000000,
    "costOfRevenue": 3387000000,
    "grossProfit": 11476000000,
    "grossProfitRatio": 0.772118684,
    "researchAndDevelopmentExpenses": 0,
    "generalAndAdministrativeExpenses": 0,
    "sellingAndMarketingExpenses": 0,
    "sellingGeneralAndAdministrativeExpenses": 8857000000,
    "otherExpenses": 306000000,
    "operatingExpenses": 9163000000,
    "costAndExpenses": 12550000000,
    "interestIncome": 58000000,
    "interestExpense": 133000000,
    "depreciationAndAmortization": 557000000,
    "ebitda": 2997000000,
    "ebitdaratio": 0.2016416605,
    "operatingIncome": 2313000000,
    "operatingIncomeRatio": 0.1556213416,
    "totalOtherIncomeExpensesNet": -6000000,
    "incomeBeforeTax": 2307000000,
    "incomeBeforeTaxRatio": 0.1552176546,
    "incomeTaxExpense": 513000000,
    "netIncome": 1785000000,
    "netIncomeRatio": 0.1200968849,
    "eps": 4.91,
    "epsdiluted": 4.82,
    "weightedAverageShsOut": 363500000,
    "weightedAverageShsOutDil": 370400000,
    "link": "https://www.sec.gov/Archives/edgar/data/1001250/000110465919047085/0001104659-19-047085-index.htm",
    "finalLink": "https://www.sec.gov/Archives/edgar/data/1001250/000110465919047085/a19-11548_110k.htm"
  },
  {
    "date": "2018-06-30",
    "symbol": "EL",
    "reportedCurrency": "USD",
    "cik": "0001001250",
    "fillingDate": "2018-08-24",
    "acceptedDate": "2018-08-24 13:53:14",
    "calendarYear": "2018",
    "period": "FY",
    "revenue": 13683000000,
    "costOfRevenue": 2844000000,
    "grossProfit": 10839000000,
    "grossProfitRatio": 0.7921508441,
    "researchAndDevelopmentExpenses": 0,
    "generalAndAdministrativeExpenses": 8556000000,
    "sellingAndMarketingExpenses": 0,
    "sellingGeneralAndAdministrativeExpenses": 8556000000,
    "otherExpenses": 231000000,
    "operatingExpenses": 8784000000,
    "costAndExpenses": 11628000000,
    "interestIncome": 56000000,
    "interestExpense": 128000000,
    "depreciationAndAmortization": 531000000,
    "ebitda": 2639000000,
    "ebitdaratio": 0.1928670613,
    "operatingIncome": 2055000000,
    "operatingIncomeRatio": 0.1501863626,
    "totalOtherIncomeExpensesNet": -75000000,
    "incomeBeforeTax": 1980000000,
    "incomeBeforeTaxRatio": 0.1447051085,
    "incomeTaxExpense": 863000000,
    "netIncome": 1108000000,
    "netIncomeRatio": 0.0809763941,
    "eps": 3.01,
    "epsdiluted": 2.95,
    "weightedAverageShsOut": 368000000,
    "weightedAverageShsOutDil": 375700000,
    "link": "https://www.sec.gov/Archives/edgar/data/1001250/000110465918053494/0001104659-18-053494-index.htm",
    "finalLink": "https://www.sec.gov/Archives/edgar/data/1001250/000110465918053494/a18-14745_110k.htm"
  },
  {
    "date": "2017-06-30",
    "symbol": "EL",
    "reportedCurrency": "USD",
    "cik": "0001001250",
    "fillingDate": "2017-08-25",
    "acceptedDate": "2017-08-25 11:13:53",
    "calendarYear": "2017",
    "period": "FY",
    "revenue": 11824000000,
    "costOfRevenue": 2437000000,
    "grossProfit": 9387000000,
    "grossProfitRatio": 0.7938937754,
    "researchAndDevelopmentExpenses": 0,
    "generalAndAdministrativeExpenses": 7469000000,
    "sellingAndMarketingExpenses": 0,
    "sellingGeneralAndAdministrativeExpenses": 7469000000,
    "otherExpenses": 226000000,
    "operatingExpenses": 7686000000,
    "costAndExpenses": 10120000000,
    "interestIncome": 28000000,
    "interestExpense": 103000000,
    "depreciationAndAmortization": 464000000,
    "ebitda": 2184000000,
    "ebitdaratio": 0.1847090663,
    "operatingIncome": 1704000000,
    "operatingIncomeRatio": 0.1441136671,
    "totalOtherIncomeExpensesNet": -87000000,
    "incomeBeforeTax": 1617000000,
    "incomeBeforeTaxRatio": 0.136755751,
    "incomeTaxExpense": 361000000,
    "netIncome": 1249000000,
    "netIncomeRatio": 0.1056326116,
    "eps": 3.4,
    "epsdiluted": 3.35,
    "weightedAverageShsOut": 367100000,
    "weightedAverageShsOutDil": 373000000,
    "link": "https://www.sec.gov/Archives/edgar/data/1001250/000110465917053604/0001104659-17-053604-index.htm",
    "finalLink": "https://www.sec.gov/Archives/edgar/data/1001250/000110465917053604/a17-15494_110k.htm"
  },
  {
    "date": "2016-06-30",
    "symbol": "EL",
    "reportedCurrency": "USD",
    "cik": "0001001250",
    "fillingDate": "2016-08-24",
    "acceptedDate": "2016-08-24 14:10:00",
    "calendarYear": "2016",
    "period": "FY",
    "revenue": 11262300000,
    "costOfRevenue": 2181100000,
    "grossProfit": 9081200000,
    "grossProfitRatio": 0.8063361836,
    "researchAndDevelopmentExpenses": 0,
    "generalAndAdministrativeExpenses": 7337800000,
    "sellingAndMarketingExpenses": 0,
    "sellingGeneralAndAdministrativeExpenses": 7337800000,
    "otherExpenses": 133000000,
    "operatingExpenses": 7471000000,
    "costAndExpenses": 9652000000,
    "interestIncome": 15600000,
    "interestExpense": 70700000,
    "depreciationAndAmortization": 415000000,
    "ebitda": 2041000000,
    "ebitdaratio": 0.1812240839,
    "operatingIncome": 1610000000,
    "operatingIncomeRatio": 0.1429548138,
    "totalOtherIncomeExpensesNet": -55100000,
    "incomeBeforeTax": 1555200000,
    "incomeBeforeTaxRatio": 0.1380890227,
    "incomeTaxExpense": 434400000,
    "netIncome": 1114600000,
    "netIncomeRatio": 0.0989673513,
    "eps": 3.01,
    "epsdiluted": 2.96,
    "weightedAverageShsOut": 370000000,
    "weightedAverageShsOutDil": 376600000,
    "link": "https://www.sec.gov/Archives/edgar/data/1001250/000110465916141179/0001104659-16-141179-index.htm",
    "finalLink": "https://www.sec.gov/Archives/edgar/data/1001250/000110465916141179/a16-11315_110k.htm"
  },
  {
    "date": "2015-06-30",
    "symbol": "EL",
    "reportedCurrency": "USD",
    "cik": "0001001250",
    "fillingDate": "2015-08-20",
    "acceptedDate": "2015-08-20 15:37:29",
    "calendarYear": "2015",
    "period": "FY",
    "revenue": 10780400000,
    "costOfRevenue": 2100600000,
    "grossProfit": 8679800000,
    "grossProfitRatio": 0.8051463768,
    "researchAndDevelopmentExpenses": 0,
    "generalAndAdministrativeExpenses": 7073500000,
    "sellingAndMarketingExpenses": 0,
    "sellingGeneralAndAdministrativeExpenses": 7073500000,
    "otherExpenses": 0,
    "operatingExpenses": 7074000000,
    "costAndExpenses": 9174000000,
    "interestIncome": 15000000,
    "interestExpense": 60000000,
    "depreciationAndAmortization": 409000000,
    "ebitda": 2030000000,
    "ebitdaratio": 0.1883047011,
    "operatingIncome": 1606000000,
    "operatingIncomeRatio": 0.148974064,
    "totalOtherIncomeExpensesNet": -45700000,
    "incomeBeforeTax": 1560600000,
    "incomeBeforeTaxRatio": 0.1447627175,
    "incomeTaxExpense": 467200000,
    "netIncome": 1088900000,
    "netIncomeRatio": 0.1010073838,
    "eps": 2.87,
    "epsdiluted": 2.82,
    "weightedAverageShsOut": 379300000,
    "weightedAverageShsOutDil": 385700000,
    "link": "https://www.sec.gov/Archives/edgar/data/1001250/000110465915061122/0001104659-15-061122-index.htm",
    "finalLink": "https://www.sec.gov/Archives/edgar/data/1001250/000110465915061122/a15-12311_110k.htm"
  },
  {
    "date": "2014-06-30",
    "symbol": "EL",
    "reportedCurrency": "USD",
    "cik": "0001001250",
    "fillingDate": "2014-08-20",
    "acceptedDate": "2014-08-20 16:11:42",
    "calendarYear": "2014",
    "period": "FY",
    "revenue": 10968800000,
    "costOfRevenue": 2158200000,
    "grossProfit": 8810600000,
    "grossProfitRatio": 0.8032419225,
    "researchAndDevelopmentExpenses": 0,
    "generalAndAdministrativeExpenses": 6985900000,
    "sellingAndMarketingExpenses": 0,
    "sellingGeneralAndAdministrativeExpenses": 6985900000,
    "otherExpenses": -2900000,
    "operatingExpenses": 6983000000,
    "costAndExpenses": 9141200000,
    "interestIncome": 0,
    "interestExpense": 50800000,
    "depreciationAndAmortization": 384600000,
    "ebitda": 2220800000,
    "ebitdaratio": 0.2024651739,
    "operatingIncome": 1827600000,
    "operatingIncomeRatio": 0.1666180439,
    "totalOtherIncomeExpensesNet": -50800000,
    "incomeBeforeTax": 1776800000,
    "incomeBeforeTaxRatio": 0.161986726,
    "incomeTaxExpense": 567700000,
    "netIncome": 1204100000,
    "netIncomeRatio": 0.1097749982,
    "eps": 3.12,
    "epsdiluted": 3.06,
    "weightedAverageShsOut": 386200000,
    "weightedAverageShsOutDil": 393100000,
    "link": "https://www.sec.gov/Archives/edgar/data/1001250/000110465914062259/0001104659-14-062259-index.htm",
    "finalLink": "https://www.sec.gov/Archives/edgar/data/1001250/000110465914062259/a14-14862_110k.htm"
  },
  {
    "date": "2013-06-30",
    "symbol": "EL",
    "reportedCurrency": "USD",
    "cik": "0001001250",
    "fillingDate": "2013-08-23",
    "acceptedDate": "2013-08-23 14:23:47",
    "calendarYear": "2013",
    "period": "FY",
    "revenue": 10181700000,
    "costOfRevenue": 2025900000,
    "grossProfit": 8155800000,
    "grossProfitRatio": 0.801025369,
    "researchAndDevelopmentExpenses": 0,
    "generalAndAdministrativeExpenses": 6597000000,
    "sellingAndMarketingExpenses": 0,
    "sellingGeneralAndAdministrativeExpenses": 6597000000,
    "otherExpenses": 32800000,
    "operatingExpenses": 6629800000,
    "costAndExpenses": 8655700000,
    "interestIncome": 0,
    "interestExpense": 54800000,
    "depreciationAndAmortization": 336900000,
    "ebitda": 1875200000,
    "ebitdaratio": 0.1841735663,
    "operatingIncome": 1526000000,
    "operatingIncomeRatio": 0.1498767396,
    "totalOtherIncomeExpensesNet": -50800000,
    "incomeBeforeTax": 1475200000,
    "incomeBeforeTaxRatio": 0.144887396,
    "incomeTaxExpense": 451400000,
    "netIncome": 1019800000,
    "netIncomeRatio": 0.1001600911,
    "eps": 2.63,
    "epsdiluted": 2.58,
    "weightedAverageShsOut": 387600000,
    "weightedAverageShsOutDil": 394900000,
    "link": "https://www.sec.gov/Archives/edgar/data/1001250/000110465913065820/0001104659-13-065820-index.htm",
    "finalLink": "https://www.sec.gov/Archives/edgar/data/1001250/000110465913065820/a13-12592_110k.htm"
  },
  {
    "date": "2012-06-30",
    "symbol": "EL",
    "reportedCurrency": "USD",
    "cik": "0001001250",
    "fillingDate": "2012-08-17",
    "acceptedDate": "2012-08-17 16:24:54",
    "calendarYear": "2012",
    "period": "FY",
    "revenue": 9713600000,
    "costOfRevenue": 1995800000,
    "grossProfit": 7717800000,
    "grossProfitRatio": 0.7945354966,
    "researchAndDevelopmentExpenses": 0,
    "generalAndAdministrativeExpenses": 6324800000,
    "sellingAndMarketingExpenses": 0,
    "sellingGeneralAndAdministrativeExpenses": 6324800000,
    "otherExpenses": 81300000,
    "operatingExpenses": 6406100000,
    "costAndExpenses": 8401900000,
    "interestIncome": 0,
    "interestExpense": 61100000,
    "depreciationAndAmortization": 295800000,
    "ebitda": 1618000000,
    "ebitdaratio": 0.1665705815,
    "operatingIncome": 1311700000,
    "operatingIncomeRatio": 0.1350374732,
    "totalOtherIncomeExpensesNet": -50600000,
    "incomeBeforeTax": 1261100000,
    "incomeBeforeTaxRatio": 0.129828282,
    "incomeTaxExpense": 400600000,
    "netIncome": 856900000,
    "netIncomeRatio": 0.0882165212,
    "eps": 2.2,
    "epsdiluted": 2.16,
    "weightedAverageShsOut": 388700000,
    "weightedAverageShsOutDil": 397000000,
    "link": "https://www.sec.gov/Archives/edgar/data/1001250/000110465912058698/0001104659-12-058698-index.htm",
    "finalLink": "https://www.sec.gov/Archives/edgar/data/1001250/000110465912058698/a12-12514_110k.htm"
  },
  {
    "date": "2011-06-30",
    "symbol": "EL",
    "reportedCurrency": "USD",
    "cik": "0001001250",
    "fillingDate": "2011-08-22",
    "acceptedDate": "2011-08-22 12:55:47",
    "calendarYear": "2011",
    "period": "FY",
    "revenue": 8810000000,
    "costOfRevenue": 1936900000,
    "grossProfit": 6873100000,
    "grossProfitRatio": 0.7801475596,
    "researchAndDevelopmentExpenses": 0,
    "generalAndAdministrativeExpenses": 5696700000,
    "sellingAndMarketingExpenses": 0,
    "sellingGeneralAndAdministrativeExpenses": 5696700000,
    "otherExpenses": 87000000,
    "operatingExpenses": 5783700000,
    "costAndExpenses": 7720600000,
    "interestIncome": 0,
    "interestExpense": 63900000,
    "depreciationAndAmortization": 294400000,
    "ebitda": 1383800000,
    "ebitdaratio": 0.1570715096,
    "operatingIncome": 1089400000,
    "operatingIncomeRatio": 0.1236549376,
    "totalOtherIncomeExpensesNet": -63900000,
    "incomeBeforeTax": 1025500000,
    "incomeBeforeTaxRatio": 0.1164018161,
    "incomeTaxExpense": 321700000,
    "netIncome": 700800000,
    "netIncomeRatio": 0.0795459705,
    "eps": 1.78,
    "epsdiluted": 1.74,
    "weightedAverageShsOut": 394000000,
    "weightedAverageShsOutDil": 402400000,
    "link": "https://www.sec.gov/Archives/edgar/data/1001250/000110465911048120/0001104659-11-048120-index.htm",
    "finalLink": "https://www.sec.gov/Archives/edgar/data/1001250/000110465911048120/a11-17991_110k.htm"
  },
  {
    "date": "2010-06-30",
    "symbol": "EL",
    "reportedCurrency": "USD",
    "cik": "0001001250",
    "fillingDate": "2010-08-20",
    "acceptedDate": "2010-08-20 06:02:45",
    "calendarYear": "2010",
    "period": "FY",
    "revenue": 7795800000,
    "costOfRevenue": 1829400000,
    "grossProfit": 5966400000,
    "grossProfitRatio": 0.7653351805,
    "researchAndDevelopmentExpenses": 0,
    "generalAndAdministrativeExpenses": 5067000000,
    "sellingAndMarketingExpenses": 0,
    "sellingGeneralAndAdministrativeExpenses": 5067000000,
    "otherExpenses": 109500000,
    "operatingExpenses": 5176500000,
    "costAndExpenses": 7005900000,
    "interestIncome": 0,
    "interestExpense": 101600000,
    "depreciationAndAmortization": 263700000,
    "ebitda": 1053600000,
    "ebitdaratio": 0.135149696,
    "operatingIncome": 789900000,
    "operatingIncomeRatio": 0.1013237897,
    "totalOtherIncomeExpensesNet": -101600000,
    "incomeBeforeTax": 688300000,
    "incomeBeforeTaxRatio": 0.0882911311,
    "incomeTaxExpense": 205900000,
    "netIncome": 478300000,
    "netIncomeRatio": 0.0613535493,
    "eps": 1.21,
    "epsdiluted": 1.19,
    "weightedAverageShsOut": 395400000,
    "weightedAverageShsOutDil": 401400000,
    "link": "https://www.sec.gov/Archives/edgar/data/1001250/000110465910045250/0001104659-10-045250-index.htm",
    "finalLink": "https://www.sec.gov/Archives/edgar/data/1001250/000110465910045250/a10-15930_110k.htm"
  },
  {
    "date": "2009-06-30",
    "symbol": "EL",
    "reportedCurrency": "USD",
    "cik": "0001001250",
    "fillingDate": "2009-08-19",
    "acceptedDate": "2009-08-19 17:20:46",
    "calendarYear": "2009",
    "period": "FY",
    "revenue": 7323800000,
    "costOfRevenue": 1881600000,
    "grossProfit": 5442200000,
    "grossProfitRatio": 0.7430841913,
    "researchAndDevelopmentExpenses": 0,
    "generalAndAdministrativeExpenses": 4883900000,
    "sellingAndMarketingExpenses": 0,
    "sellingGeneralAndAdministrativeExpenses": 4883900000,
    "otherExpenses": 139900000,
    "operatingExpenses": 5023800000,
    "costAndExpenses": 6905400000,
    "interestIncome": 0,
    "interestExpense": 75700000,
    "depreciationAndAmortization": 254000000,
    "ebitda": 812300000,
    "ebitdaratio": 0.1109123679,
    "operatingIncome": 418400000,
    "operatingIncomeRatio": 0.0571288129,
    "totalOtherIncomeExpensesNet": -75700000,
    "incomeBeforeTax": 334300000,
    "incomeBeforeTaxRatio": 0.0456457031,
    "incomeTaxExpense": 115900000,
    "netIncome": 218400000,
    "netIncomeRatio": 0.0298205849,
    "eps": 0.56,
    "epsdiluted": 0.55,
    "weightedAverageShsOut": 392400000,
    "weightedAverageShsOutDil": 397090909,
    "link": "https://www.sec.gov/Archives/edgar/data/1001250/000110465909050626/0001104659-09-050626-index.htm",
    "finalLink": "https://www.sec.gov/Archives/edgar/data/1001250/000110465909050626/a09-23484_110k.htm"
  },
  {
    "date": "2008-06-30",
    "symbol": "EL",
    "reportedCurrency": "USD",
    "cik": "0001001250",
    "fillingDate": "2008-08-21",
    "acceptedDate": "2008-08-21 17:07:40",
    "calendarYear": "2008",
    "period": "FY",
    "revenue": 7910800000,
    "costOfRevenue": 1996800000,
    "grossProfit": 5914000000,
    "grossProfitRatio": 0.7475855792,
    "researchAndDevelopmentExpenses": 0,
    "generalAndAdministrativeExpenses": 5102900000,
    "sellingAndMarketingExpenses": 0,
    "sellingGeneralAndAdministrativeExpenses": 5102900000,
    "otherExpenses": 14400000,
    "operatingExpenses": 5103300000,
    "costAndExpenses": 7100100000,
    "interestIncome": 0,
    "interestExpense": 66800000,
    "depreciationAndAmortization": 250700000,
    "ebitda": 1061400000,
    "ebitdaratio": 0.1341710067,
    "operatingIncome": 810700000,
    "operatingIncomeRatio": 0.1024801537,
    "totalOtherIncomeExpensesNet": -66800000,
    "incomeBeforeTax": 743900000,
    "incomeBeforeTaxRatio": 0.0940360014,
    "incomeTaxExpense": 259900000,
    "netIncome": 473800000,
    "netIncomeRatio": 0.0598928048,
    "eps": 1.22,
    "epsdiluted": 1.2,
    "weightedAverageShsOut": 387800000,
    "weightedAverageShsOutDil": 394200000,
    "link": "https://www.sec.gov/Archives/edgar/data/1001250/000110465908054348/0001104659-08-054348-index.htm",
    "finalLink": "https://www.sec.gov/Archives/edgar/data/1001250/000110465908054348/a08-22004_110k.htm"
  },
  {
    "date": "2007-06-30",
    "symbol": "EL",
    "reportedCurrency": "USD",
    "cik": "0001001250",
    "fillingDate": "2007-08-28",
    "acceptedDate": "2007-08-28 17:16:17",
    "calendarYear": "2007",
    "period": "FY",
    "revenue": 7037500000,
    "costOfRevenue": 1774800000,
    "grossProfit": 5262700000,
    "grossProfitRatio": 0.7478081705,
    "researchAndDevelopmentExpenses": 0,
    "generalAndAdministrativeExpenses": 4511700000,
    "sellingAndMarketingExpenses": 0,
    "sellingGeneralAndAdministrativeExpenses": 4511700000,
    "otherExpenses": 1100000,
    "operatingExpenses": 4512800000,
    "costAndExpenses": 6287600000,
    "interestIncome": 0,
    "interestExpense": 38900000,
    "depreciationAndAmortization": 207200000,
    "ebitda": 957100000,
    "ebitdaratio": 0.136,
    "operatingIncome": 749900000,
    "operatingIncomeRatio": 0.1065577265,
    "totalOtherIncomeExpensesNet": -38900000,
    "incomeBeforeTax": 711000000,
    "incomeBeforeTaxRatio": 0.1010301954,
    "incomeTaxExpense": 255200000,
    "netIncome": 449200000,
    "netIncomeRatio": 0.0638294849,
    "eps": 1.1,
    "epsdiluted": 1.08,
    "weightedAverageShsOut": 408600000,
    "weightedAverageShsOutDil": 415600000,
    "link": "https://www.sec.gov/Archives/edgar/data/1001250/000110465907065600/0001104659-07-065600-index.htm",
    "finalLink": "https://www.sec.gov/Archives/edgar/data/1001250/000110465907065600/a07-22032_210k.htm"
  },
  {
    "date": "2006-06-30",
    "symbol": "EL",
    "reportedCurrency": "USD",
    "cik": "0001001250",
    "fillingDate": "2006-08-25",
    "acceptedDate": "2006-08-25 17:25:57",
    "calendarYear": "2006",
    "period": "FY",
    "revenue": 6463800000,
    "costOfRevenue": 1686600000,
    "grossProfit": 4777200000,
    "grossProfitRatio": 0.739069897,
    "researchAndDevelopmentExpenses": 0,
    "generalAndAdministrativeExpenses": 4065500000,
    "sellingAndMarketingExpenses": 0,
    "sellingGeneralAndAdministrativeExpenses": 4065500000,
    "otherExpenses": 92100000,
    "operatingExpenses": 4157600000,
    "costAndExpenses": 5844200000,
    "interestIncome": 0,
    "interestExpense": 23800000,
    "depreciationAndAmortization": 198400000,
    "ebitda": 818000000,
    "ebitdaratio": 0.1265509453,
    "operatingIncome": 619600000,
    "operatingIncomeRatio": 0.0958569263,
    "totalOtherIncomeExpensesNet": -23800000,
    "incomeBeforeTax": 595800000,
    "incomeBeforeTaxRatio": 0.0921748816,
    "incomeTaxExpense": 259700000,
    "netIncome": 244200000,
    "netIncomeRatio": 0.0377796343,
    "eps": 0.57,
    "epsdiluted": 0.56,
    "weightedAverageShsOut": 430000000,
    "weightedAverageShsOutDil": 434800000,
    "link": "https://www.sec.gov/Archives/edgar/data/1001250/000110465906057258/0001104659-06-057258-index.htm",
    "finalLink": "https://www.sec.gov/Archives/edgar/data/1001250/000110465906057258/a06-18435_110k.htm"
  },
  {
    "date": "2005-06-30",
    "symbol": "EL",
    "reportedCurrency": "USD",
    "cik": "0001001250",
    "fillingDate": "2005-09-02",
    "acceptedDate": "2005-09-02 14:09:49",
    "calendarYear": "2005",
    "period": "FY",
    "revenue": 6336300000,
    "costOfRevenue": 1617400000,
    "grossProfit": 4718900000,
    "grossProfitRatio": 0.7447406215,
    "researchAndDevelopmentExpenses": 0,
    "generalAndAdministrativeExpenses": 3998300000,
    "sellingAndMarketingExpenses": 0,
    "sellingGeneralAndAdministrativeExpenses": 3998300000,
    "otherExpenses": 0,
    "operatingExpenses": 3950400000,
    "costAndExpenses": 5553200000,
    "interestIncome": 0,
    "interestExpense": 13900000,
    "depreciationAndAmortization": 196700000,
    "ebitda": 923500000,
    "ebitdaratio": 0.1457475183,
    "operatingIncome": 726800000,
    "operatingIncomeRatio": 0.1147041649,
    "totalOtherIncomeExpensesNet": -13900000,
    "incomeBeforeTax": 706700000,
    "incomeBeforeTaxRatio": 0.1115319666,
    "incomeTaxExpense": 291300000,
    "netIncome": 406100000,
    "netIncomeRatio": 0.064091031,
    "eps": 0.9,
    "epsdiluted": 0.89,
    "weightedAverageShsOut": 450600000,
    "weightedAverageShsOutDil": 457200000,
    "link": "https://www.sec.gov/Archives/edgar/data/1001250/000110465905042689/0001104659-05-042689-index.htm",
    "finalLink": "https://www.sec.gov/Archives/edgar/data/1001250/000110465905042689/a05-15349_110k.htm"
  },
  {
    "date": "2004-06-30",
    "symbol": "EL",
    "reportedCurrency": "USD",
    "cik": "0001001250",
    "fillingDate": "2004-11-05",
    "acceptedDate": "2004-11-05 16:26:22",
    "calendarYear": "2004",
    "period": "FY",
    "revenue": 5790400000,
    "costOfRevenue": 1476300000,
    "grossProfit": 4314100000,
    "grossProfitRatio": 0.7450435203,
    "researchAndDevelopmentExpenses": 0,
    "generalAndAdministrativeExpenses": 3651300000,
    "sellingAndMarketingExpenses": 0,
    "sellingGeneralAndAdministrativeExpenses": 3651300000,
    "otherExpenses": 18800000,
    "operatingExpenses": 3628300000,
    "costAndExpenses": 5092600000,
    "interestIncome": 0,
    "interestExpense": 27100000,
    "depreciationAndAmortization": 191700000,
    "ebitda": 840600000,
    "ebitdaratio": 0.145171318,
    "operatingIncome": 648900000,
    "operatingIncomeRatio": 0.1120647969,
    "totalOtherIncomeExpensesNet": -27100000,
    "incomeBeforeTax": 616900000,
    "incomeBeforeTaxRatio": 0.1065384084,
    "incomeTaxExpense": 232600000,
    "netIncome": 342100000,
    "netIncomeRatio": 0.0590805471,
    "eps": 0.75,
    "epsdiluted": 0.74,
    "weightedAverageShsOut": 456400000,
    "weightedAverageShsOutDil": 463200000,
    "link": "https://www.sec.gov/Archives/edgar/data/1001250/000110465904033932/0001104659-04-033932-index.htm",
    "finalLink": "https://www.sec.gov/Archives/edgar/data/1001250/000110465904033932/a04-12655_110ka.htm"
  },
  {
    "date": "2003-06-30",
    "symbol": "EL",
    "reportedCurrency": "USD",
    "cik": "0001001250",
    "fillingDate": "2003-09-15",
    "acceptedDate": "2003-09-15 17:16:19",
    "calendarYear": "2003",
    "period": "FY",
    "revenue": 5117600000,
    "costOfRevenue": 1335700000,
    "grossProfit": 3781900000,
    "grossProfitRatio": 0.7389987494,
    "researchAndDevelopmentExpenses": 0,
    "generalAndAdministrativeExpenses": 3244500000,
    "sellingAndMarketingExpenses": 0,
    "sellingGeneralAndAdministrativeExpenses": 3244500000,
    "otherExpenses": 42300000,
    "operatingExpenses": 3267900000,
    "costAndExpenses": 4592300000,
    "interestIncome": 0,
    "interestExpense": 0,
    "depreciationAndAmortization": 174800000,
    "ebitda": 678500000,
    "ebitdaratio": 0.1325816789,
    "operatingIncome": 503700000,
    "operatingIncomeRatio": 0.098425043,
    "totalOtherIncomeExpensesNet": -16700000,
    "incomeBeforeTax": 487000000,
    "incomeBeforeTaxRatio": 0.0951617946,
    "incomeTaxExpense": 160500000,
    "netIncome": 319800000,
    "netIncomeRatio": 0.0624902298,
    "eps": 0.64,
    "epsdiluted": 0.63,
    "weightedAverageShsOut": 465200000,
    "weightedAverageShsOutDil": 469400000,
    "link": "https://www.sec.gov/Archives/edgar/data/1001250/000093041303002786/0000930413-03-002786-index.htm",
    "finalLink": "https://www.sec.gov/Archives/edgar/data/1001250/000093041303002786/c29284_10k.txt"
  },
  {
    "date": "2002-06-30",
    "symbol": "EL",
    "reportedCurrency": "USD",
    "cik": "0001001250",
    "fillingDate": "2002-09-17",
    "acceptedDate": "2002-09-17 17:26:38",
    "calendarYear": "2002",
    "period": "FY",
    "revenue": 4743700000,
    "costOfRevenue": 1273400000,
    "grossProfit": 3470300000,
    "grossProfitRatio": 0.7315597529,
    "researchAndDevelopmentExpenses": 0,
    "generalAndAdministrativeExpenses": 3018500000,
    "sellingAndMarketingExpenses": 0,
    "sellingGeneralAndAdministrativeExpenses": 3018500000,
    "otherExpenses": 126100000,
    "operatingExpenses": 3108900000,
    "costAndExpenses": 4369400000,
    "interestIncome": 0,
    "interestExpense": 0,
    "depreciationAndAmortization": 162000000,
    "ebitda": 613700000,
    "ebitdaratio": 0.1293715876,
    "operatingIncome": 342100000,
    "operatingIncomeRatio": 0.0721167022,
    "totalOtherIncomeExpensesNet": -15200000,
    "incomeBeforeTax": 326900000,
    "incomeBeforeTaxRatio": 0.0689124523,
    "incomeTaxExpense": 114400000,
    "netIncome": 191900000,
    "netIncomeRatio": 0.0404536543,
    "eps": 0.36,
    "epsdiluted": 0.35,
    "weightedAverageShsOut": 476400000,
    "weightedAverageShsOutDil": 482200000,
    "link": "https://www.sec.gov/Archives/edgar/data/1001250/000093041302002851/0000930413-02-002851-index.htm",
    "finalLink": "https://www.sec.gov/Archives/edgar/data/1001250/000093041302002851/c25612_10k-.txt"
  },
  {
    "date": "2001-06-30",
    "symbol": "EL",
    "reportedCurrency": "USD",
    "cik": "0001001250",
    "fillingDate": "2001-09-17",
    "acceptedDate": "2001-09-17 00:00:00",
    "calendarYear": "2001",
    "period": "FY",
    "revenue": 4608100000,
    "costOfRevenue": 972300000,
    "grossProfit": 3635800000,
    "grossProfitRatio": 0.7890019748,
    "researchAndDevelopmentExpenses": 0,
    "generalAndAdministrativeExpenses": 3086300000,
    "sellingAndMarketingExpenses": 0,
    "sellingGeneralAndAdministrativeExpenses": 3086300000,
    "otherExpenses": 53900000,
    "operatingExpenses": 2945700000,
    "costAndExpenses": 4172100000,
    "interestIncome": 0,
    "interestExpense": 0,
    "depreciationAndAmortization": 162900000,
    "ebitda": 696100000,
    "ebitdaratio": 0.1510600898,
    "operatingIncome": 495600000,
    "operatingIncomeRatio": 0.1075497494,
    "totalOtherIncomeExpensesNet": -14200000,
    "incomeBeforeTax": 481400000,
    "incomeBeforeTaxRatio": 0.104468219,
    "incomeTaxExpense": 174000000,
    "netIncome": 305200000,
    "netIncomeRatio": 0.0662312016,
    "eps": 0.59,
    "epsdiluted": 0.58,
    "weightedAverageShsOut": 476800000,
    "weightedAverageShsOutDil": 484400000,
    "link": "https://www.sec.gov/Archives/edgar/data/1001250/000093041301501188/0000930413-01-501188-index.htm",
    "finalLink": "https://www.sec.gov/Archives/edgar/data/1001250/000093041301501188/c21673.txt"
  },
  {
    "date": "2000-06-30",
    "symbol": "EL",
    "reportedCurrency": "USD",
    "cik": "0001001250",
    "fillingDate": "2000-09-18",
    "acceptedDate": "2000-09-18 00:00:00",
    "calendarYear": "2000",
    "period": "FY",
    "revenue": 4366800000,
    "costOfRevenue": 825300000,
    "grossProfit": 3541500000,
    "grossProfitRatio": 0.8110057708,
    "researchAndDevelopmentExpenses": 0,
    "generalAndAdministrativeExpenses": 2878900000,
    "sellingAndMarketingExpenses": 0,
    "sellingGeneralAndAdministrativeExpenses": 2878900000,
    "otherExpenses": 0,
    "operatingExpenses": 2686500000,
    "costAndExpenses": 3924500000,
    "interestIncome": 0,
    "interestExpense": 0,
    "depreciationAndAmortization": 146800000,
    "ebitda": 662600000,
    "ebitdaratio": 0.1517358249,
    "operatingIncome": 515800000,
    "operatingIncomeRatio": 0.1181185307,
    "totalOtherIncomeExpensesNet": -17100000,
    "incomeBeforeTax": 498700000,
    "incomeBeforeTaxRatio": 0.1142026198,
    "incomeTaxExpense": 184600000,
    "netIncome": 314100000,
    "netIncomeRatio": 0.0719291014,
    "eps": 0.61,
    "epsdiluted": 0.6,
    "weightedAverageShsOut": 475400000,
    "weightedAverageShsOutDil": 485000000,
    "link": "https://www.sec.gov/Archives/edgar/data/1001250/000088981200003866/0000889812-00-003866-index.htm",
    "finalLink": "https://www.sec.gov/Archives/edgar/data/1001250/000088981200003866/0000889812-00-003866-0001.txt"
  },
  {
    "date": "1999-06-30",
    "symbol": "EL",
    "reportedCurrency": "USD",
    "cik": "0001001250",
    "fillingDate": "1999-09-13",
    "acceptedDate": "1999-09-13 00:00:00",
    "calendarYear": "1999",
    "period": "FY",
    "revenue": 3961300000,
    "costOfRevenue": 782600000,
    "grossProfit": 3178700000,
    "grossProfitRatio": 0.8024385934,
    "researchAndDevelopmentExpenses": 0,
    "generalAndAdministrativeExpenses": 2604700000,
    "sellingAndMarketingExpenses": 0,
    "sellingGeneralAndAdministrativeExpenses": 2604700000,
    "otherExpenses": 117300000,
    "operatingExpenses": 2722000000,
    "costAndExpenses": 3504600000,
    "interestIncome": 0,
    "interestExpense": 0,
    "depreciationAndAmortization": 117300000,
    "ebitda": 574200000,
    "ebitdaratio": 0.1449524146,
    "operatingIncome": 456900000,
    "operatingIncomeRatio": 0.1153409234,
    "totalOtherIncomeExpensesNet": -16700000,
    "incomeBeforeTax": 440200000,
    "incomeBeforeTaxRatio": 0.1111251357,
    "incomeTaxExpense": 167300000,
    "netIncome": 272900000,
    "netIncomeRatio": 0.0688915255,
    "eps": 0.53,
    "epsdiluted": 0.52,
    "weightedAverageShsOut": 475238095,
    "weightedAverageShsOutDil": 484466019,
    "link": "https://www.sec.gov/Archives/edgar/data/1001250/000088981299002680/0000889812-99-002680-index.html",
    "finalLink": "https://www.sec.gov/Archives/edgar/data/1001250/000088981299002680/"
  },
  {
    "date": "1998-06-30",
    "symbol": "EL",
    "reportedCurrency": "USD",
    "cik": "0001001250",
    "fillingDate": "1998-09-11",
    "acceptedDate": "1998-09-11 00:00:00",
    "calendarYear": "1998",
    "period": "FY",
    "revenue": 3618000000,
    "costOfRevenue": 722000000,
    "grossProfit": 2896000000,
    "grossProfitRatio": 0.8004422333,
    "researchAndDevelopmentExpenses": 0,
    "generalAndAdministrativeExpenses": 2389400000,
    "sellingAndMarketingExpenses": 0,
    "sellingGeneralAndAdministrativeExpenses": 2389400000,
    "otherExpenses": 97500000,
    "operatingExpenses": 2486900000,
    "costAndExpenses": 3208900000,
    "interestIncome": 0,
    "interestExpense": 0,
    "depreciationAndAmortization": 97500000,
    "ebitda": 506600000,
    "ebitdaratio": 0.1400221117,
    "operatingIncome": 409100000,
    "operatingIncomeRatio": 0.1130735213,
    "totalOtherIncomeExpensesNet": -11200000,
    "incomeBeforeTax": 397900000,
    "incomeBeforeTaxRatio": 0.1099778883,
    "incomeTaxExpense": 161100000,
    "netIncome": 236800000,
    "netIncomeRatio": 0.0654505252,
    "eps": 0.45,
    "epsdiluted": 0.45,
    "weightedAverageShsOut": 473600000,
    "weightedAverageShsOutDil": 479000000,
    "link": "https://www.sec.gov/Archives/edgar/data/1001250/000088981298002176/0000889812-98-002176-index.html",
    "finalLink": "https://www.sec.gov/Archives/edgar/data/1001250/"
  },
  {
    "date": "1997-06-30",
    "symbol": "EL",
    "reportedCurrency": "USD",
    "cik": "0001001250",
    "fillingDate": "1997-09-04",
    "acceptedDate": "1997-09-04 00:00:00",
    "calendarYear": "1997",
    "period": "FY",
    "revenue": 3381600000,
    "costOfRevenue": 689100000,
    "grossProfit": 2692500000,
    "grossProfitRatio": 0.7962207239,
    "researchAndDevelopmentExpenses": 0,
    "generalAndAdministrativeExpenses": 2257400000,
    "sellingAndMarketingExpenses": 0,
    "sellingGeneralAndAdministrativeExpenses": 2257400000,
    "otherExpenses": 76000000,
    "operatingExpenses": 2333400000,
    "costAndExpenses": 3022500000,
    "interestIncome": 0,
    "interestExpense": 0,
    "depreciationAndAmortization": 76000000,
    "ebitda": 435100000,
    "ebitdaratio": 0.1286669032,
    "operatingIncome": 359100000,
    "operatingIncomeRatio": 0.106192335,
    "totalOtherIncomeExpensesNet": -9100000,
    "incomeBeforeTax": 350000000,
    "incomeBeforeTaxRatio": 0.1035013012,
    "incomeTaxExpense": 152400000,
    "netIncome": 197600000,
    "netIncomeRatio": 0.0584338775,
    "eps": 0.37,
    "epsdiluted": 0.37,
    "weightedAverageShsOut": 470810811,
    "weightedAverageShsOutDil": 477260274,
    "link": "https://www.sec.gov/Archives/edgar/data/1001250/000088981297001841/0000889812-97-001841-index.html",
    "finalLink": "https://www.sec.gov/Archives/edgar/data/1001250/"
  },
  {
    "date": "1996-06-30",
    "symbol": "EL",
    "reportedCurrency": "USD",
    "cik": "0001001250",
    "fillingDate": "1996-06-30",
    "acceptedDate": "1996-06-30 00:00:00",
    "calendarYear": "1996",
    "period": "FY",
    "revenue": 3194500000,
    "costOfRevenue": 672200000,
    "grossProfit": 2522300000,
    "grossProfitRatio": 0.7895758335,
    "researchAndDevelopmentExpenses": 0,
    "generalAndAdministrativeExpenses": 2153200000,
    "sellingAndMarketingExpenses": 0,
    "sellingGeneralAndAdministrativeExpenses": 2153200000,
    "otherExpenses": 58800000,
    "operatingExpenses": 2212000000,
    "costAndExpenses": 2884200000,
    "interestIncome": 0,
    "interestExpense": 0,
    "depreciationAndAmortization": 58800000,
    "ebitda": 369100000,
    "ebitdaratio": 0.1155423384,
    "operatingIncome": 310300000,
    "operatingIncomeRatio": 0.097135702,
    "totalOtherIncomeExpensesNet": -11600000,
    "incomeBeforeTax": 298700000,
    "incomeBeforeTaxRatio": 0.0935044608,
    "incomeTaxExpense": 138300000,
    "netIncome": 160400000,
    "netIncomeRatio": 0.0502113007,
    "eps": 0.3,
    "epsdiluted": 0.3,
    "weightedAverageShsOut": 348813559,
    "weightedAverageShsOutDil": 348813559,
    "link": null,
    "finalLink": null
  },
  {
    "date": "1995-06-30",
    "symbol": "EL",
    "reportedCurrency": "USD",
    "cik": "0001001250",
    "fillingDate": "1995-06-30",
    "acceptedDate": "1995-06-30 00:00:00",
    "calendarYear": "1995",
    "period": "FY",
    "revenue": 2899100000,
    "costOfRevenue": 632800000,
    "grossProfit": 2266300000,
    "grossProfitRatio": 0.781725363,
    "researchAndDevelopmentExpenses": 0,
    "generalAndAdministrativeExpenses": 1993400000,
    "sellingAndMarketingExpenses": 0,
    "sellingGeneralAndAdministrativeExpenses": 1993400000,
    "otherExpenses": 42000000,
    "operatingExpenses": 2035400000,
    "costAndExpenses": 2668200000,
    "interestIncome": 0,
    "interestExpense": 0,
    "depreciationAndAmortization": 42000000,
    "ebitda": 272900000,
    "ebitdaratio": 0.0941326619,
    "operatingIncome": 230900000,
    "operatingIncomeRatio": 0.0796454072,
    "totalOtherIncomeExpensesNet": -1700000,
    "incomeBeforeTax": 229200000,
    "incomeBeforeTaxRatio": 0.0790590183,
    "incomeTaxExpense": 108000000,
    "netIncome": 121200000,
    "netIncomeRatio": 0.0418060777,
    "eps": 0.23,
    "epsdiluted": 0.23,
    "weightedAverageShsOut": 426222222,
    "weightedAverageShsOutDil": 426222222,
    "link": null,
    "finalLink": null
  }
]