[
  {
    "date": "2025-06-30",
    "symbol": "ELV",
    "reportedCurrency": "USD",
    "cik": "0001156039",
    "fillingDate": "2025-07-17",
    "acceptedDate": "2025-07-17 15:09:00",
    "calendarYear": "2025",
    "period": "Q2",
    "revenue": 49776000000,
    "costOfRevenue": 0,
    "grossProfit": 49776000000,
    "grossProfitRatio": 1,
    "researchAndDevelopmentExpenses": 0,
    "generalAndAdministrativeExpenses": 0,
    "sellingAndMarketingExpenses": 0,
    "sellingGeneralAndAdministrativeExpenses": 0,
    "otherExpenses": 47484000000,
    "operatingExpenses": 47484000000,
    "costAndExpenses": 47484000000,
    "interestIncome": 0,
    "interestExpense": 341000000,
    "depreciationAndAmortization": 380000000,
    "ebitda": 3013000000,
    "ebitdaratio": 0.0605311797,
    "operatingIncome": 2292000000,
    "operatingIncomeRatio": 0.0460462874,
    "totalOtherIncomeExpensesNet": 0,
    "incomeBeforeTax": 2292000000,
    "incomeBeforeTaxRatio": 0.0460462874,
    "incomeTaxExpense": 548000000,
    "netIncome": 1743000000,
    "netIncomeRatio": 0.0350168756,
    "eps": 7.72,
    "epsdiluted": 7.72,
    "weightedAverageShsOut": 225800000,
    "weightedAverageShsOutDil": 225800000,
    "link": "https://www.sec.gov/Archives/edgar/data/1156039/000115603925000114/0001156039-25-000114-index.htm",
    "finalLink": "https://www.sec.gov/Archives/edgar/data/1156039/000115603925000114/elv-20250630.htm"
  },
  {
    "date": "2025-03-31",
    "symbol": "ELV",
    "reportedCurrency": "USD",
    "cik": "0001156039",
    "fillingDate": "2025-04-22",
    "acceptedDate": "2025-04-22 13:18:38",
    "calendarYear": "2025",
    "period": "Q1",
    "revenue": 48891000000,
    "costOfRevenue": 0,
    "grossProfit": 48891000000,
    "grossProfitRatio": 1,
    "researchAndDevelopmentExpenses": 0,
    "generalAndAdministrativeExpenses": 0,
    "sellingAndMarketingExpenses": 0,
    "sellingGeneralAndAdministrativeExpenses": 0,
    "otherExpenses": 46094000000,
    "operatingExpenses": 46094000000,
    "costAndExpenses": 46094000000,
    "interestIncome": 0,
    "interestExpense": 344000000,
    "depreciationAndAmortization": 373000000,
    "ebitda": 3514000000,
    "ebitdaratio": 0.0718741691,
    "operatingIncome": 2797000000,
    "operatingIncomeRatio": 0.0572088933,
    "totalOtherIncomeExpensesNet": 0,
    "incomeBeforeTax": 2797000000,
    "incomeBeforeTaxRatio": 0.0572088933,
    "incomeTaxExpense": 613000000,
    "netIncome": 2183000000,
    "netIncomeRatio": 0.0446503446,
    "eps": 9.64,
    "epsdiluted": 9.61,
    "weightedAverageShsOut": 226400000,
    "weightedAverageShsOutDil": 227200000,
    "link": "https://www.sec.gov/Archives/edgar/data/1156039/000115603925000057/0001156039-25-000057-index.htm",
    "finalLink": "https://www.sec.gov/Archives/edgar/data/1156039/000115603925000057/elv-20250331.htm"
  },
  {
    "date": "2024-12-31",
    "symbol": "ELV",
    "reportedCurrency": "USD",
    "cik": "0001156039",
    "fillingDate": "2025-02-20",
    "acceptedDate": "2025-02-20 15:58:57",
    "calendarYear": "2024",
    "period": "Q4",
    "revenue": 45442000000,
    "costOfRevenue": 0,
    "grossProfit": 45442000000,
    "grossProfitRatio": 1,
    "researchAndDevelopmentExpenses": 0,
    "generalAndAdministrativeExpenses": 0,
    "sellingAndMarketingExpenses": 0,
    "sellingGeneralAndAdministrativeExpenses": 0,
    "otherExpenses": 44836000000,
    "operatingExpenses": 44836000000,
    "costAndExpenses": 44836000000,
    "interestIncome": 0,
    "interestExpense": 340000000,
    "depreciationAndAmortization": 398000000,
    "ebitda": 1344000000,
    "ebitdaratio": 0.029576163,
    "operatingIncome": 606000000,
    "operatingIncomeRatio": 0.0133356806,
    "totalOtherIncomeExpensesNet": 0,
    "incomeBeforeTax": 606000000,
    "incomeBeforeTaxRatio": 0.0133356806,
    "incomeTaxExpense": 193000000,
    "netIncome": 418000000,
    "netIncomeRatio": 0.0091985388,
    "eps": 1.84,
    "epsdiluted": 1.81,
    "weightedAverageShsOut": 227479695,
    "weightedAverageShsOutDil": 231100000,
    "link": "https://www.sec.gov/Archives/edgar/data/1156039/000115603925000010/0001156039-25-000010-index.htm",
    "finalLink": "https://www.sec.gov/Archives/edgar/data/1156039/000115603925000010/elv-20241231.htm"
  },
  {
    "date": "2024-09-30",
    "symbol": "ELV",
    "reportedCurrency": "USD",
    "cik": "0001156039",
    "fillingDate": "2024-10-17",
    "acceptedDate": "2024-10-17 17:01:42",
    "calendarYear": "2024",
    "period": "Q3",
    "revenue": 45145000000,
    "costOfRevenue": 0,
    "grossProfit": 45145000000,
    "grossProfitRatio": 1,
    "researchAndDevelopmentExpenses": 0,
    "generalAndAdministrativeExpenses": 0,
    "sellingAndMarketingExpenses": 0,
    "sellingGeneralAndAdministrativeExpenses": 0,
    "otherExpenses": 43772000000,
    "operatingExpenses": 43772000000,
    "costAndExpenses": 43772000000,
    "interestIncome": 0,
    "interestExpense": 300000000,
    "depreciationAndAmortization": 329000000,
    "ebitda": 2002000000,
    "ebitdaratio": 0.0443459962,
    "operatingIncome": 1373000000,
    "operatingIncomeRatio": 0.0304131133,
    "totalOtherIncomeExpensesNet": 0,
    "incomeBeforeTax": 1373000000,
    "incomeBeforeTaxRatio": 0.0304131133,
    "incomeTaxExpense": 365000000,
    "netIncome": 1016000000,
    "netIncomeRatio": 0.0225052608,
    "eps": 4.36,
    "epsdiluted": 4.36,
    "weightedAverageShsOut": 233027522,
    "weightedAverageShsOutDil": 233100000,
    "link": "https://www.sec.gov/Archives/edgar/data/1156039/000115603924000122/0001156039-24-000122-index.htm",
    "finalLink": "https://www.sec.gov/Archives/edgar/data/1156039/000115603924000122/elv-20240930.htm"
  },
  {
    "date": "2024-06-30",
    "symbol": "ELV",
    "reportedCurrency": "USD",
    "cik": "0001156039",
    "fillingDate": "2024-07-17",
    "acceptedDate": "2024-07-17 15:01:31",
    "calendarYear": "2024",
    "period": "Q2",
    "revenue": 43646000000,
    "costOfRevenue": 0,
    "grossProfit": 43646000000,
    "grossProfitRatio": 1,
    "researchAndDevelopmentExpenses": 0,
    "generalAndAdministrativeExpenses": 0,
    "sellingAndMarketingExpenses": 0,
    "sellingGeneralAndAdministrativeExpenses": 0,
    "otherExpenses": 40660000000,
    "operatingExpenses": 40660000000,
    "costAndExpenses": 40660000000,
    "interestIncome": 0,
    "interestExpense": 280000000,
    "depreciationAndAmortization": 335000000,
    "ebitda": 3601000000,
    "ebitdaratio": 0.0825046969,
    "operatingIncome": 2986000000,
    "operatingIncomeRatio": 0.0684140586,
    "totalOtherIncomeExpensesNet": 0,
    "incomeBeforeTax": 2986000000,
    "incomeBeforeTaxRatio": 0.0684140586,
    "incomeTaxExpense": 685000000,
    "netIncome": 2300000000,
    "netIncomeRatio": 0.0526966961,
    "eps": 9.91,
    "epsdiluted": 9.85,
    "weightedAverageShsOut": 232200000,
    "weightedAverageShsOutDil": 233400000,
    "link": "https://www.sec.gov/Archives/edgar/data/1156039/000115603924000104/0001156039-24-000104-index.htm",
    "finalLink": "https://www.sec.gov/Archives/edgar/data/1156039/000115603924000104/elv-20240630.htm"
  },
  {
    "date": "2024-03-31",
    "symbol": "ELV",
    "reportedCurrency": "USD",
    "cik": "0001156039",
    "fillingDate": "2024-04-18",
    "acceptedDate": "2024-04-18 14:16:19",
    "calendarYear": "2024",
    "period": "Q1",
    "revenue": 42577000000,
    "costOfRevenue": 0,
    "grossProfit": 42577000000,
    "grossProfitRatio": 1,
    "researchAndDevelopmentExpenses": 0,
    "generalAndAdministrativeExpenses": 0,
    "sellingAndMarketingExpenses": 0,
    "sellingGeneralAndAdministrativeExpenses": 0,
    "otherExpenses": 39638000000,
    "operatingExpenses": 39638000000,
    "costAndExpenses": 39638000000,
    "interestIncome": 0,
    "interestExpense": 265000000,
    "depreciationAndAmortization": 331000000,
    "ebitda": 3535000000,
    "ebitdaratio": 0.0830260469,
    "operatingIncome": 2939000000,
    "operatingIncomeRatio": 0.0690278789,
    "totalOtherIncomeExpensesNet": 0,
    "incomeBeforeTax": 2939000000,
    "incomeBeforeTaxRatio": 0.0690278789,
    "incomeTaxExpense": 690000000,
    "netIncome": 2246000000,
    "netIncomeRatio": 0.0527514855,
    "eps": 9.65,
    "epsdiluted": 9.59,
    "weightedAverageShsOut": 232700000,
    "weightedAverageShsOutDil": 234200000,
    "link": "https://www.sec.gov/Archives/edgar/data/1156039/000115603924000066/0001156039-24-000066-index.htm",
    "finalLink": "https://www.sec.gov/Archives/edgar/data/1156039/000115603924000066/elv-20240331.htm"
  },
  {
    "date": "2023-12-31",
    "symbol": "ELV",
    "reportedCurrency": "USD",
    "cik": "0001156039",
    "fillingDate": "2024-02-21",
    "acceptedDate": "2024-02-21 16:30:31",
    "calendarYear": "2023",
    "period": "Q4",
    "revenue": 42647000000,
    "costOfRevenue": 0,
    "grossProfit": 42647000000,
    "grossProfitRatio": 1,
    "researchAndDevelopmentExpenses": 0,
    "generalAndAdministrativeExpenses": 0,
    "sellingAndMarketingExpenses": 0,
    "sellingGeneralAndAdministrativeExpenses": 0,
    "otherExpenses": 41646000000,
    "operatingExpenses": 41646000000,
    "costAndExpenses": 41646000000,
    "interestIncome": 0,
    "interestExpense": 259000000,
    "depreciationAndAmortization": 424000000,
    "ebitda": 1684000000,
    "ebitdaratio": 0.039486951,
    "operatingIncome": 1001000000,
    "operatingIncomeRatio": 0.0234717565,
    "totalOtherIncomeExpensesNet": 0,
    "incomeBeforeTax": 1001000000,
    "incomeBeforeTaxRatio": 0.0234717565,
    "incomeTaxExpense": 170000000,
    "netIncome": 856000000,
    "netIncomeRatio": 0.0200717518,
    "eps": 3.67,
    "epsdiluted": 3.63,
    "weightedAverageShsOut": 233071088,
    "weightedAverageShsOutDil": 235800000,
    "link": "https://www.sec.gov/Archives/edgar/data/1156039/000115603924000015/0001156039-24-000015-index.htm",
    "finalLink": "https://www.sec.gov/Archives/edgar/data/1156039/000115603924000015/elv-20231231.htm"
  },
  {
    "date": "2023-09-30",
    "symbol": "ELV",
    "reportedCurrency": "USD",
    "cik": "0001156039",
    "fillingDate": "2023-10-18",
    "acceptedDate": "2023-10-18 14:43:30",
    "calendarYear": "2023",
    "period": "Q3",
    "revenue": 42849000000,
    "costOfRevenue": 0,
    "grossProfit": 42849000000,
    "grossProfitRatio": 1,
    "researchAndDevelopmentExpenses": 0,
    "generalAndAdministrativeExpenses": 0,
    "sellingAndMarketingExpenses": 0,
    "sellingGeneralAndAdministrativeExpenses": 0,
    "otherExpenses": 41195000000,
    "operatingExpenses": 41195000000,
    "costAndExpenses": 41195000000,
    "interestIncome": 0,
    "interestExpense": 259000000,
    "depreciationAndAmortization": 426000000,
    "ebitda": 2339000000,
    "ebitdaratio": 0.0545870382,
    "operatingIncome": 1654000000,
    "operatingIncomeRatio": 0.0386006675,
    "totalOtherIncomeExpensesNet": 0,
    "incomeBeforeTax": 1654000000,
    "incomeBeforeTaxRatio": 0.0386006675,
    "incomeTaxExpense": 354000000,
    "netIncome": 1289000000,
    "netIncomeRatio": 0.0300823823,
    "eps": 5.48,
    "epsdiluted": 5.45,
    "weightedAverageShsOut": 235300000,
    "weightedAverageShsOutDil": 236500000,
    "link": "https://www.sec.gov/Archives/edgar/data/1156039/000115603923000109/0001156039-23-000109-index.htm",
    "finalLink": "https://www.sec.gov/Archives/edgar/data/1156039/000115603923000109/elv-20230930.htm"
  },
  {
    "date": "2023-06-30",
    "symbol": "ELV",
    "reportedCurrency": "USD",
    "cik": "0001156039",
    "fillingDate": "2023-07-19",
    "acceptedDate": "2023-07-19 16:34:50",
    "calendarYear": "2023",
    "period": "Q2",
    "revenue": 43672000000,
    "costOfRevenue": 0,
    "grossProfit": 43672000000,
    "grossProfitRatio": 1,
    "researchAndDevelopmentExpenses": 0,
    "generalAndAdministrativeExpenses": 0,
    "sellingAndMarketingExpenses": 0,
    "sellingGeneralAndAdministrativeExpenses": 4818000000,
    "otherExpenses": 36413000000,
    "operatingExpenses": 41231000000,
    "costAndExpenses": 41231000000,
    "interestIncome": 0,
    "interestExpense": 261000000,
    "depreciationAndAmortization": 433000000,
    "ebitda": 3135000000,
    "ebitdaratio": 0.0717851255,
    "operatingIncome": 2441000000,
    "operatingIncomeRatio": 0.0558939366,
    "totalOtherIncomeExpensesNet": 0,
    "incomeBeforeTax": 2441000000,
    "incomeBeforeTaxRatio": 0.0558939366,
    "incomeTaxExpense": 585000000,
    "netIncome": 1853000000,
    "netIncomeRatio": 0.0424299322,
    "eps": 7.83,
    "epsdiluted": 7.79,
    "weightedAverageShsOut": 236600000,
    "weightedAverageShsOutDil": 237800000,
    "link": "https://www.sec.gov/Archives/edgar/data/1156039/000115603923000088/0001156039-23-000088-index.htm",
    "finalLink": "https://www.sec.gov/Archives/edgar/data/1156039/000115603923000088/elv-20230630.htm"
  },
  {
    "date": "2023-03-31",
    "symbol": "ELV",
    "reportedCurrency": "USD",
    "cik": "0001156039",
    "fillingDate": "2023-04-19",
    "acceptedDate": "2023-04-19 16:18:42",
    "calendarYear": "2023",
    "period": "Q1",
    "revenue": 42172000000,
    "costOfRevenue": 0,
    "grossProfit": 42172000000,
    "grossProfitRatio": 1,
    "researchAndDevelopmentExpenses": 0,
    "generalAndAdministrativeExpenses": 0,
    "sellingAndMarketingExpenses": 0,
    "sellingGeneralAndAdministrativeExpenses": 4800000000,
    "otherExpenses": 34753000000,
    "operatingExpenses": 39553000000,
    "costAndExpenses": 39553000000,
    "interestIncome": 0,
    "interestExpense": 251000000,
    "depreciationAndAmortization": 462000000,
    "ebitda": 3332000000,
    "ebitdaratio": 0.0790097695,
    "operatingIncome": 2619000000,
    "operatingIncomeRatio": 0.062102817,
    "totalOtherIncomeExpensesNet": 0,
    "incomeBeforeTax": 2619000000,
    "incomeBeforeTaxRatio": 0.062102817,
    "incomeTaxExpense": 615000000,
    "netIncome": 1989000000,
    "netIncomeRatio": 0.0471639951,
    "eps": 8.37,
    "epsdiluted": 8.3,
    "weightedAverageShsOut": 237500000,
    "weightedAverageShsOutDil": 239700000,
    "link": "https://www.sec.gov/Archives/edgar/data/1156039/000115603923000054/0001156039-23-000054-index.htm",
    "finalLink": "https://www.sec.gov/Archives/edgar/data/1156039/000115603923000054/elv-20230331.htm"
  },
  {
    "date": "2022-12-31",
    "symbol": "ELV",
    "reportedCurrency": "USD",
    "cik": "0001156039",
    "fillingDate": "2023-02-15",
    "acceptedDate": "2023-02-15 16:44:30",
    "calendarYear": "2022",
    "period": "Q4",
    "revenue": 39929000000,
    "costOfRevenue": 0,
    "grossProfit": 39929000000,
    "grossProfitRatio": 1,
    "researchAndDevelopmentExpenses": 0,
    "generalAndAdministrativeExpenses": 0,
    "sellingAndMarketingExpenses": 0,
    "sellingGeneralAndAdministrativeExpenses": 4562000000,
    "otherExpenses": 34213000000,
    "operatingExpenses": 38775000000,
    "costAndExpenses": 38775000000,
    "interestIncome": 0,
    "interestExpense": 229000000,
    "depreciationAndAmortization": 473000000,
    "ebitda": 1856000000,
    "ebitdaratio": 0.0464825064,
    "operatingIncome": 1154000000,
    "operatingIncomeRatio": 0.0289012998,
    "totalOtherIncomeExpensesNet": 0,
    "incomeBeforeTax": 1154000000,
    "incomeBeforeTaxRatio": 0.0289012998,
    "incomeTaxExpense": 193000000,
    "netIncome": 949000000,
    "netIncomeRatio": 0.0237671868,
    "eps": 3.64,
    "epsdiluted": 3.59,
    "weightedAverageShsOut": 237958067,
    "weightedAverageShsOutDil": 241200000,
    "link": "https://www.sec.gov/Archives/edgar/data/1156039/000115603923000007/0001156039-23-000007-index.htm",
    "finalLink": "https://www.sec.gov/Archives/edgar/data/1156039/000115603923000007/elv-20221231.htm"
  },
  {
    "date": "2022-09-30",
    "symbol": "ELV",
    "reportedCurrency": "USD",
    "cik": "0001156039",
    "fillingDate": "2022-10-19",
    "acceptedDate": "2022-10-19 12:38:21",
    "calendarYear": "2022",
    "period": "Q3",
    "revenue": 39939000000,
    "costOfRevenue": 0,
    "grossProfit": 39939000000,
    "grossProfitRatio": 1,
    "researchAndDevelopmentExpenses": 0,
    "generalAndAdministrativeExpenses": 0,
    "sellingAndMarketingExpenses": 0,
    "sellingGeneralAndAdministrativeExpenses": 4514000000,
    "otherExpenses": 33298000000,
    "operatingExpenses": 37812000000,
    "costAndExpenses": 37812000000,
    "interestIncome": 0,
    "interestExpense": 213000000,
    "depreciationAndAmortization": 451000000,
    "ebitda": 2791000000,
    "ebitdaratio": 0.0698815694,
    "operatingIncome": 2127000000,
    "operatingIncomeRatio": 0.0532562157,
    "totalOtherIncomeExpensesNet": 0,
    "incomeBeforeTax": 2127000000,
    "incomeBeforeTaxRatio": 0.0532562157,
    "incomeTaxExpense": 529000000,
    "netIncome": 1603000000,
    "netIncomeRatio": 0.0401362077,
    "eps": 6.69,
    "epsdiluted": 6.62,
    "weightedAverageShsOut": 239600000,
    "weightedAverageShsOutDil": 242200000,
    "link": "https://www.sec.gov/Archives/edgar/data/1156039/000115603922000084/0001156039-22-000084-index.htm",
    "finalLink": "https://www.sec.gov/Archives/edgar/data/1156039/000115603922000084/elv-20220930.htm"
  },
  {
    "date": "2022-06-30",
    "symbol": "ELV",
    "reportedCurrency": "USD",
    "cik": "0001156039",
    "fillingDate": "2022-07-20",
    "acceptedDate": "2022-07-20 14:44:35",
    "calendarYear": "2022",
    "period": "Q2",
    "revenue": 38632000000,
    "costOfRevenue": 0,
    "grossProfit": 38632000000,
    "grossProfitRatio": 1,
    "researchAndDevelopmentExpenses": 0,
    "generalAndAdministrativeExpenses": 0,
    "sellingAndMarketingExpenses": 0,
    "sellingGeneralAndAdministrativeExpenses": 4272000000,
    "otherExpenses": 32238000000,
    "operatingExpenses": 36510000000,
    "costAndExpenses": 36510000000,
    "interestIncome": 0,
    "interestExpense": 208000000,
    "depreciationAndAmortization": 393000000,
    "ebitda": 2723000000,
    "ebitdaratio": 0.0704856078,
    "operatingIncome": 2122000000,
    "operatingIncomeRatio": 0.0549285566,
    "totalOtherIncomeExpensesNet": 0,
    "incomeBeforeTax": 2122000000,
    "incomeBeforeTaxRatio": 0.0549285566,
    "incomeTaxExpense": 488000000,
    "netIncome": 1637000000,
    "netIncomeRatio": 0.0423741976,
    "eps": 6.8,
    "epsdiluted": 6.73,
    "weightedAverageShsOut": 240700000,
    "weightedAverageShsOutDil": 243400000,
    "link": "https://www.sec.gov/Archives/edgar/data/1156039/000115603922000081/0001156039-22-000081-index.htm",
    "finalLink": "https://www.sec.gov/Archives/edgar/data/1156039/000115603922000081/elv-20220630.htm"
  },
  {
    "date": "2022-03-31",
    "symbol": "ELV",
    "reportedCurrency": "USD",
    "cik": "0001156039",
    "fillingDate": "2022-04-20",
    "acceptedDate": "2022-04-20 15:17:33",
    "calendarYear": "2022",
    "period": "Q1",
    "revenue": 38095000000,
    "costOfRevenue": 0,
    "grossProfit": 38095000000,
    "grossProfitRatio": 1,
    "researchAndDevelopmentExpenses": 0,
    "generalAndAdministrativeExpenses": 0,
    "sellingAndMarketingExpenses": 0,
    "sellingGeneralAndAdministrativeExpenses": 4345000000,
    "otherExpenses": 31444000000,
    "operatingExpenses": 35789000000,
    "costAndExpenses": 35789000000,
    "interestIncome": 0,
    "interestExpense": 201000000,
    "depreciationAndAmortization": 358000000,
    "ebitda": 2865000000,
    "ebitdaratio": 0.07520672,
    "operatingIncome": 2306000000,
    "operatingIncomeRatio": 0.0605328783,
    "totalOtherIncomeExpensesNet": 0,
    "incomeBeforeTax": 2306000000,
    "incomeBeforeTaxRatio": 0.0605328783,
    "incomeTaxExpense": 527000000,
    "netIncome": 1789000000,
    "netIncomeRatio": 0.0469615435,
    "eps": 7.41,
    "epsdiluted": 7.32,
    "weightedAverageShsOut": 241400000,
    "weightedAverageShsOutDil": 244400000,
    "link": "https://www.sec.gov/Archives/edgar/data/1156039/000115603922000051/0001156039-22-000051-index.htm",
    "finalLink": "https://www.sec.gov/Archives/edgar/data/1156039/000115603922000051/antm-20220331.htm"
  },
  {
    "date": "2021-12-31",
    "symbol": "ELV",
    "reportedCurrency": "USD",
    "cik": "0001156039",
    "fillingDate": "2022-02-16",
    "acceptedDate": "2022-02-16 16:01:21",
    "calendarYear": "2021",
    "period": "Q4",
    "revenue": 36581000000,
    "costOfRevenue": 0,
    "grossProfit": 36581000000,
    "grossProfitRatio": 1,
    "researchAndDevelopmentExpenses": 0,
    "generalAndAdministrativeExpenses": 0,
    "sellingAndMarketingExpenses": 0,
    "sellingGeneralAndAdministrativeExpenses": 4222000000,
    "otherExpenses": 30959000000,
    "operatingExpenses": 35181000000,
    "costAndExpenses": 35181000000,
    "interestIncome": 0,
    "interestExpense": 200000000,
    "depreciationAndAmortization": 360000000,
    "ebitda": 1960000000,
    "ebitdaratio": 0.0535797272,
    "operatingIncome": 1400000000,
    "operatingIncomeRatio": 0.0382712337,
    "totalOtherIncomeExpensesNet": 0,
    "incomeBeforeTax": 1400000000,
    "incomeBeforeTaxRatio": 0.0382712337,
    "incomeTaxExpense": 275000000,
    "netIncome": 1137000000,
    "netIncomeRatio": 0.0310817091,
    "eps": 4.7,
    "epsdiluted": 4.63,
    "weightedAverageShsOut": 241770746,
    "weightedAverageShsOutDil": 245500000,
    "link": "https://www.sec.gov/Archives/edgar/data/1156039/000115603922000009/0001156039-22-000009-index.htm",
    "finalLink": "https://www.sec.gov/Archives/edgar/data/1156039/000115603922000009/antm-20211231.htm"
  },
  {
    "date": "2021-09-30",
    "symbol": "ELV",
    "reportedCurrency": "USD",
    "cik": "0001156039",
    "fillingDate": "2021-10-20",
    "acceptedDate": "2021-10-20 12:14:19",
    "calendarYear": "2021",
    "period": "Q3",
    "revenue": 35822000000,
    "costOfRevenue": 0,
    "grossProfit": 35822000000,
    "grossProfitRatio": 1,
    "researchAndDevelopmentExpenses": 0,
    "generalAndAdministrativeExpenses": 0,
    "sellingAndMarketingExpenses": 0,
    "sellingGeneralAndAdministrativeExpenses": 3946000000,
    "otherExpenses": 29880000000,
    "operatingExpenses": 33826000000,
    "costAndExpenses": 33826000000,
    "interestIncome": 0,
    "interestExpense": 201000000,
    "depreciationAndAmortization": 351000000,
    "ebitda": 2548000000,
    "ebitdaratio": 0.0711294735,
    "operatingIncome": 1996000000,
    "operatingIncomeRatio": 0.0557199486,
    "totalOtherIncomeExpensesNet": 0,
    "incomeBeforeTax": 1996000000,
    "incomeBeforeTaxRatio": 0.0557199486,
    "incomeTaxExpense": 494000000,
    "netIncome": 1509000000,
    "netIncomeRatio": 0.0421249511,
    "eps": 6.2,
    "epsdiluted": 6.13,
    "weightedAverageShsOut": 243400000,
    "weightedAverageShsOutDil": 246000000,
    "link": "https://www.sec.gov/Archives/edgar/data/1156039/000115603921000091/0001156039-21-000091-index.htm",
    "finalLink": "https://www.sec.gov/Archives/edgar/data/1156039/000115603921000091/antm-20210930.htm"
  },
  {
    "date": "2021-06-30",
    "symbol": "ELV",
    "reportedCurrency": "USD",
    "cik": "0001156039",
    "fillingDate": "2021-07-21",
    "acceptedDate": "2021-07-21 12:19:18",
    "calendarYear": "2021",
    "period": "Q2",
    "revenue": 33851000000,
    "costOfRevenue": 0,
    "grossProfit": 33851000000,
    "grossProfitRatio": 1,
    "researchAndDevelopmentExpenses": 0,
    "generalAndAdministrativeExpenses": 0,
    "sellingAndMarketingExpenses": 0,
    "sellingGeneralAndAdministrativeExpenses": 3821000000,
    "otherExpenses": 27677000000,
    "operatingExpenses": 31498000000,
    "costAndExpenses": 31498000000,
    "interestIncome": 0,
    "interestExpense": 205000000,
    "depreciationAndAmortization": 309000000,
    "ebitda": 2867000000,
    "ebitdaratio": 0.0846946914,
    "operatingIncome": 2353000000,
    "operatingIncomeRatio": 0.0695105019,
    "totalOtherIncomeExpensesNet": 0,
    "incomeBeforeTax": 2353000000,
    "incomeBeforeTaxRatio": 0.0695105019,
    "incomeTaxExpense": 552000000,
    "netIncome": 1793000000,
    "netIncomeRatio": 0.052967416,
    "eps": 7.33,
    "epsdiluted": 7.25,
    "weightedAverageShsOut": 244500000,
    "weightedAverageShsOutDil": 247400000,
    "link": "https://www.sec.gov/Archives/edgar/data/1156039/000115603921000075/0001156039-21-000075-index.htm",
    "finalLink": "https://www.sec.gov/Archives/edgar/data/1156039/000115603921000075/antm-20210630.htm"
  },
  {
    "date": "2021-03-31",
    "symbol": "ELV",
    "reportedCurrency": "USD",
    "cik": "0001156039",
    "fillingDate": "2021-04-21",
    "acceptedDate": "2021-04-21 12:55:08",
    "calendarYear": "2021",
    "period": "Q1",
    "revenue": 32385000000,
    "costOfRevenue": 0,
    "grossProfit": 32385000000,
    "grossProfitRatio": 1,
    "researchAndDevelopmentExpenses": 0,
    "generalAndAdministrativeExpenses": 0,
    "sellingAndMarketingExpenses": 0,
    "sellingGeneralAndAdministrativeExpenses": 3925000000,
    "otherExpenses": 26284000000,
    "operatingExpenses": 30209000000,
    "costAndExpenses": 30209000000,
    "interestIncome": 0,
    "interestExpense": 192000000,
    "depreciationAndAmortization": 282000000,
    "ebitda": 2650000000,
    "ebitdaratio": 0.0818280068,
    "operatingIncome": 2176000000,
    "operatingIncomeRatio": 0.067191601,
    "totalOtherIncomeExpensesNet": 0,
    "incomeBeforeTax": 2176000000,
    "incomeBeforeTaxRatio": 0.067191601,
    "incomeTaxExpense": 509000000,
    "netIncome": 1665000000,
    "netIncomeRatio": 0.0514126911,
    "eps": 6.8,
    "epsdiluted": 6.71,
    "weightedAverageShsOut": 245000000,
    "weightedAverageShsOutDil": 248200000,
    "link": "https://www.sec.gov/Archives/edgar/data/1156039/000115603921000041/0001156039-21-000041-index.htm",
    "finalLink": "https://www.sec.gov/Archives/edgar/data/1156039/000115603921000041/antm-20210331.htm"
  },
  {
    "date": "2020-12-31",
    "symbol": "ELV",
    "reportedCurrency": "USD",
    "cik": "0001156039",
    "fillingDate": "2021-02-18",
    "acceptedDate": "2021-02-18 16:03:06",
    "calendarYear": "2020",
    "period": "Q4",
    "revenue": 31824000000,
    "costOfRevenue": 0,
    "grossProfit": 31824000000,
    "grossProfitRatio": 1,
    "researchAndDevelopmentExpenses": 0,
    "generalAndAdministrativeExpenses": 0,
    "sellingAndMarketingExpenses": 0,
    "sellingGeneralAndAdministrativeExpenses": 4318000000,
    "otherExpenses": 26895000000,
    "operatingExpenses": 31213000000,
    "costAndExpenses": 31213000000,
    "interestIncome": 0,
    "interestExpense": 191000000,
    "depreciationAndAmortization": 290000000,
    "ebitda": 1092000000,
    "ebitdaratio": 0.0343137255,
    "operatingIncome": 611000000,
    "operatingIncomeRatio": 0.0191993464,
    "totalOtherIncomeExpensesNet": 0,
    "incomeBeforeTax": 611000000,
    "incomeBeforeTaxRatio": 0.0191993464,
    "incomeTaxExpense": 60000000,
    "netIncome": 551000000,
    "netIncomeRatio": 0.0173139769,
    "eps": 2.25,
    "epsdiluted": 2.19,
    "weightedAverageShsOut": 245401430,
    "weightedAverageShsOutDil": 251100000,
    "link": "https://www.sec.gov/Archives/edgar/data/1156039/000115603921000012/0001156039-21-000012-index.htm",
    "finalLink": "https://www.sec.gov/Archives/edgar/data/1156039/000115603921000012/antm-20201231.htm"
  },
  {
    "date": "2020-09-30",
    "symbol": "ELV",
    "reportedCurrency": "USD",
    "cik": "0001156039",
    "fillingDate": "2020-10-28",
    "acceptedDate": "2020-10-28 16:02:19",
    "calendarYear": "2020",
    "period": "Q3",
    "revenue": 31158000000,
    "costOfRevenue": 0,
    "grossProfit": 31158000000,
    "grossProfitRatio": 1,
    "researchAndDevelopmentExpenses": 0,
    "generalAndAdministrativeExpenses": 0,
    "sellingAndMarketingExpenses": 0,
    "sellingGeneralAndAdministrativeExpenses": 5305000000,
    "otherExpenses": 25464000000,
    "operatingExpenses": 30769000000,
    "costAndExpenses": 30769000000,
    "interestIncome": 0,
    "interestExpense": 198000000,
    "depreciationAndAmortization": 308000000,
    "ebitda": 895000000,
    "ebitdaratio": 0.0287245651,
    "operatingIncome": 389000000,
    "operatingIncomeRatio": 0.0124847551,
    "totalOtherIncomeExpensesNet": 0,
    "incomeBeforeTax": 389000000,
    "incomeBeforeTaxRatio": 0.0124847551,
    "incomeTaxExpense": 167000000,
    "netIncome": 222000000,
    "netIncomeRatio": 0.0071249759,
    "eps": 0.88,
    "epsdiluted": 0.87,
    "weightedAverageShsOut": 251000000,
    "weightedAverageShsOutDil": 254200000,
    "link": "https://www.sec.gov/Archives/edgar/data/1156039/000115603920000089/0001156039-20-000089-index.htm",
    "finalLink": "https://www.sec.gov/Archives/edgar/data/1156039/000115603920000089/antm-20200930.htm"
  },
  {
    "date": "2020-06-30",
    "symbol": "ELV",
    "reportedCurrency": "USD",
    "cik": "0001156039",
    "fillingDate": "2020-07-29",
    "acceptedDate": "2020-07-29 15:54:24",
    "calendarYear": "2020",
    "period": "Q2",
    "revenue": 29264000000,
    "costOfRevenue": 0,
    "grossProfit": 29264000000,
    "grossProfitRatio": 1,
    "researchAndDevelopmentExpenses": 0,
    "generalAndAdministrativeExpenses": 0,
    "sellingAndMarketingExpenses": 0,
    "sellingGeneralAndAdministrativeExpenses": 4046000000,
    "otherExpenses": 22069000000,
    "operatingExpenses": 26115000000,
    "costAndExpenses": 26115000000,
    "interestIncome": 0,
    "interestExpense": 201000000,
    "depreciationAndAmortization": 286000000,
    "ebitda": 3636000000,
    "ebitdaratio": 0.1242482231,
    "operatingIncome": 3149000000,
    "operatingIncomeRatio": 0.1076066156,
    "totalOtherIncomeExpensesNet": 0,
    "incomeBeforeTax": 3149000000,
    "incomeBeforeTaxRatio": 0.1076066156,
    "incomeTaxExpense": 873000000,
    "netIncome": 2276000000,
    "netIncomeRatio": 0.0777747403,
    "eps": 9.02,
    "epsdiluted": 8.91,
    "weightedAverageShsOut": 252200000,
    "weightedAverageShsOutDil": 255400000,
    "link": "https://www.sec.gov/Archives/edgar/data/1156039/000115603920000070/0001156039-20-000070-index.htm",
    "finalLink": "https://www.sec.gov/Archives/edgar/data/1156039/000115603920000070/antm-2020630x10q.htm"
  },
  {
    "date": "2020-03-31",
    "symbol": "ELV",
    "reportedCurrency": "USD",
    "cik": "0001156039",
    "fillingDate": "2020-04-29",
    "acceptedDate": "2020-04-29 14:39:56",
    "calendarYear": "2020",
    "period": "Q1",
    "revenue": 29621000000,
    "costOfRevenue": 0,
    "grossProfit": 29621000000,
    "grossProfitRatio": 1,
    "researchAndDevelopmentExpenses": 0,
    "generalAndAdministrativeExpenses": 0,
    "sellingAndMarketingExpenses": 0,
    "sellingGeneralAndAdministrativeExpenses": 3781000000,
    "otherExpenses": 23751000000,
    "operatingExpenses": 27532000000,
    "costAndExpenses": 27532000000,
    "interestIncome": 0,
    "interestExpense": 194000000,
    "depreciationAndAmortization": 270000000,
    "ebitda": 2553000000,
    "ebitdaratio": 0.0861888525,
    "operatingIncome": 2089000000,
    "operatingIncomeRatio": 0.0705242902,
    "totalOtherIncomeExpensesNet": 0,
    "incomeBeforeTax": 2089000000,
    "incomeBeforeTaxRatio": 0.0705242902,
    "incomeTaxExpense": 566000000,
    "netIncome": 1523000000,
    "netIncomeRatio": 0.051416225,
    "eps": 6.03,
    "epsdiluted": 5.94,
    "weightedAverageShsOut": 252400000,
    "weightedAverageShsOutDil": 256400000,
    "link": "https://www.sec.gov/Archives/edgar/data/1156039/000115603920000028/0001156039-20-000028-index.htm",
    "finalLink": "https://www.sec.gov/Archives/edgar/data/1156039/000115603920000028/antm-2020331x10q.htm"
  },
  {
    "date": "2019-12-31",
    "symbol": "ELV",
    "reportedCurrency": "USD",
    "cik": "0001156039",
    "fillingDate": "2020-02-19",
    "acceptedDate": "2020-02-19 15:14:06",
    "calendarYear": "2019",
    "period": "Q4",
    "revenue": 27407000000,
    "costOfRevenue": 0,
    "grossProfit": 27407000000,
    "grossProfitRatio": 1,
    "researchAndDevelopmentExpenses": 0,
    "generalAndAdministrativeExpenses": 0,
    "sellingAndMarketingExpenses": 0,
    "sellingGeneralAndAdministrativeExpenses": 3502000000,
    "otherExpenses": 22807000000,
    "operatingExpenses": 26309000000,
    "costAndExpenses": 26309000000,
    "interestIncome": 0,
    "interestExpense": 190000000,
    "depreciationAndAmortization": 246000000,
    "ebitda": 1534000000,
    "ebitdaratio": 0.0559711023,
    "operatingIncome": 1098000000,
    "operatingIncomeRatio": 0.0400627577,
    "totalOtherIncomeExpensesNet": 0,
    "incomeBeforeTax": 1098000000,
    "incomeBeforeTaxRatio": 0.0400627577,
    "incomeTaxExpense": 164000000,
    "netIncome": 934000000,
    "netIncomeRatio": 0.034078885,
    "eps": 3.69,
    "epsdiluted": 3.62,
    "weightedAverageShsOut": 252922161,
    "weightedAverageShsOutDil": 258000000,
    "link": "https://www.sec.gov/Archives/edgar/data/1156039/000115603920000003/0001156039-20-000003-index.htm",
    "finalLink": "https://www.sec.gov/Archives/edgar/data/1156039/000115603920000003/antm-2019123110kq42019.htm"
  },
  {
    "date": "2019-09-30",
    "symbol": "ELV",
    "reportedCurrency": "USD",
    "cik": "0001156039",
    "fillingDate": "2019-10-23",
    "acceptedDate": "2019-10-23 11:38:12",
    "calendarYear": "2019",
    "period": "Q3",
    "revenue": 26674000000,
    "costOfRevenue": 0,
    "grossProfit": 26674000000,
    "grossProfitRatio": 1,
    "researchAndDevelopmentExpenses": 0,
    "generalAndAdministrativeExpenses": 0,
    "sellingAndMarketingExpenses": 0,
    "sellingGeneralAndAdministrativeExpenses": 3418000000,
    "otherExpenses": 21767000000,
    "operatingExpenses": 25185000000,
    "costAndExpenses": 25185000000,
    "interestIncome": 0,
    "interestExpense": 185000000,
    "depreciationAndAmortization": 301000000,
    "ebitda": 1975000000,
    "ebitdaratio": 0.0740421384,
    "operatingIncome": 1489000000,
    "operatingIncomeRatio": 0.0558221489,
    "totalOtherIncomeExpensesNet": 0,
    "incomeBeforeTax": 1489000000,
    "incomeBeforeTaxRatio": 0.0558221489,
    "incomeTaxExpense": 306000000,
    "netIncome": 1183000000,
    "netIncomeRatio": 0.0443503037,
    "eps": 4.64,
    "epsdiluted": 4.55,
    "weightedAverageShsOut": 255200000,
    "weightedAverageShsOutDil": 260000000,
    "link": "https://www.sec.gov/Archives/edgar/data/1156039/000115603919000016/0001156039-19-000016-index.htm",
    "finalLink": "https://www.sec.gov/Archives/edgar/data/1156039/000115603919000016/antm-2019930x10q.htm"
  },
  {
    "date": "2019-06-30",
    "symbol": "ELV",
    "reportedCurrency": "USD",
    "cik": "0001156039",
    "fillingDate": "2019-07-24",
    "acceptedDate": "2019-07-24 12:07:21",
    "calendarYear": "2019",
    "period": "Q2",
    "revenue": 25466000000,
    "costOfRevenue": 0,
    "grossProfit": 25466000000,
    "grossProfitRatio": 1,
    "researchAndDevelopmentExpenses": 0,
    "generalAndAdministrativeExpenses": 0,
    "sellingAndMarketingExpenses": 0,
    "sellingGeneralAndAdministrativeExpenses": 3278000000,
    "otherExpenses": 20735000000,
    "operatingExpenses": 24013000000,
    "costAndExpenses": 24013000000,
    "interestIncome": 0,
    "interestExpense": 184000000,
    "depreciationAndAmortization": 297000000,
    "ebitda": 1934000000,
    "ebitdaratio": 0.0759443965,
    "operatingIncome": 1453000000,
    "operatingIncomeRatio": 0.0570564674,
    "totalOtherIncomeExpensesNet": 0,
    "incomeBeforeTax": 1453000000,
    "incomeBeforeTaxRatio": 0.0570564674,
    "incomeTaxExpense": 314000000,
    "netIncome": 1139000000,
    "netIncomeRatio": 0.0447263017,
    "eps": 4.44,
    "epsdiluted": 4.36,
    "weightedAverageShsOut": 256700000,
    "weightedAverageShsOutDil": 261000000,
    "link": "https://www.sec.gov/Archives/edgar/data/1156039/000115603919000013/0001156039-19-000013-index.htm",
    "finalLink": "https://www.sec.gov/Archives/edgar/data/1156039/000115603919000013/antm-2019630x10q.htm"
  },
  {
    "date": "2019-03-31",
    "symbol": "ELV",
    "reportedCurrency": "USD",
    "cik": "0001156039",
    "fillingDate": "2019-04-24",
    "acceptedDate": "2019-04-24 13:36:28",
    "calendarYear": "2019",
    "period": "Q1",
    "revenue": 24666000000,
    "costOfRevenue": 0,
    "grossProfit": 24666000000,
    "grossProfitRatio": 1,
    "researchAndDevelopmentExpenses": 0,
    "generalAndAdministrativeExpenses": 0,
    "sellingAndMarketingExpenses": 0,
    "sellingGeneralAndAdministrativeExpenses": 3166000000,
    "otherExpenses": 19555000000,
    "operatingExpenses": 22721000000,
    "costAndExpenses": 22721000000,
    "interestIncome": 0,
    "interestExpense": 187000000,
    "depreciationAndAmortization": 289000000,
    "ebitda": 2421000000,
    "ebitdaratio": 0.0981513014,
    "operatingIncome": 1945000000,
    "operatingIncomeRatio": 0.0788534825,
    "totalOtherIncomeExpensesNet": 0,
    "incomeBeforeTax": 1945000000,
    "incomeBeforeTaxRatio": 0.0788534825,
    "incomeTaxExpense": 394000000,
    "netIncome": 1551000000,
    "netIncomeRatio": 0.0628800778,
    "eps": 6.03,
    "epsdiluted": 5.91,
    "weightedAverageShsOut": 257100000,
    "weightedAverageShsOutDil": 262300000,
    "link": "https://www.sec.gov/Archives/edgar/data/1156039/000115603919000007/0001156039-19-000007-index.htm",
    "finalLink": "https://www.sec.gov/Archives/edgar/data/1156039/000115603919000007/antm-2019331x10q.htm"
  },
  {
    "date": "2018-12-31",
    "symbol": "ELV",
    "reportedCurrency": "USD",
    "cik": "0001156039",
    "fillingDate": "2019-02-20",
    "acceptedDate": "2019-02-20 14:53:10",
    "calendarYear": "2018",
    "period": "Q4",
    "revenue": 23373000000,
    "costOfRevenue": 0,
    "grossProfit": 23373000000,
    "grossProfitRatio": 1,
    "researchAndDevelopmentExpenses": 0,
    "generalAndAdministrativeExpenses": 0,
    "sellingAndMarketingExpenses": 0,
    "sellingGeneralAndAdministrativeExpenses": 3618000000,
    "otherExpenses": 19212000000,
    "operatingExpenses": 22830000000,
    "costAndExpenses": 22830000000,
    "interestIncome": 0,
    "interestExpense": 189000000,
    "depreciationAndAmortization": 288000000,
    "ebitda": 1020000000,
    "ebitdaratio": 0.0436400975,
    "operatingIncome": 543000000,
    "operatingIncomeRatio": 0.0232319343,
    "totalOtherIncomeExpensesNet": 0,
    "incomeBeforeTax": 543000000,
    "incomeBeforeTaxRatio": 0.0232319343,
    "incomeTaxExpense": 118000000,
    "netIncome": 425000000,
    "netIncomeRatio": 0.018183374,
    "eps": 1.65,
    "epsdiluted": 1.61,
    "weightedAverageShsOut": 257354383,
    "weightedAverageShsOutDil": 262300000,
    "link": "https://www.sec.gov/Archives/edgar/data/1156039/000115603919000004/0001156039-19-000004-index.htm",
    "finalLink": "https://www.sec.gov/Archives/edgar/data/1156039/000115603919000004/antm-2018123110kq42018.htm"
  },
  {
    "date": "2018-09-30",
    "symbol": "ELV",
    "reportedCurrency": "USD",
    "cik": "0001156039",
    "fillingDate": "2018-10-31",
    "acceptedDate": "2018-10-31 15:21:07",
    "calendarYear": "2018",
    "period": "Q3",
    "revenue": 23251000000,
    "costOfRevenue": 0,
    "grossProfit": 23251000000,
    "grossProfitRatio": 1,
    "researchAndDevelopmentExpenses": 0,
    "generalAndAdministrativeExpenses": 3216000000,
    "sellingAndMarketingExpenses": 330000000,
    "sellingGeneralAndAdministrativeExpenses": 3546000000,
    "otherExpenses": 18463000000,
    "operatingExpenses": 22009000000,
    "costAndExpenses": 22009000000,
    "interestIncome": 0,
    "interestExpense": 188000000,
    "depreciationAndAmortization": 288000000,
    "ebitda": 1718000000,
    "ebitdaratio": 0.0738892951,
    "operatingIncome": 1242000000,
    "operatingIncomeRatio": 0.0534170573,
    "totalOtherIncomeExpensesNet": 0,
    "incomeBeforeTax": 1242000000,
    "incomeBeforeTaxRatio": 0.0534170573,
    "incomeTaxExpense": 282000000,
    "netIncome": 960000000,
    "netIncomeRatio": 0.0412885467,
    "eps": 3.7,
    "epsdiluted": 3.62,
    "weightedAverageShsOut": 259500000,
    "weightedAverageShsOutDil": 265400000,
    "link": "https://www.sec.gov/Archives/edgar/data/1156039/000115603918000013/0001156039-18-000013-index.htm",
    "finalLink": "https://www.sec.gov/Archives/edgar/data/1156039/000115603918000013/antm-20180930x10q.htm"
  },
  {
    "date": "2018-06-30",
    "symbol": "ELV",
    "reportedCurrency": "USD",
    "cik": "0001156039",
    "fillingDate": "2018-07-25",
    "acceptedDate": "2018-07-25 12:22:40",
    "calendarYear": "2018",
    "period": "Q2",
    "revenue": 22944000000,
    "costOfRevenue": 0,
    "grossProfit": 22944000000,
    "grossProfitRatio": 1,
    "researchAndDevelopmentExpenses": 0,
    "generalAndAdministrativeExpenses": 3104400000,
    "sellingAndMarketingExpenses": 323600000,
    "sellingGeneralAndAdministrativeExpenses": 3428000000,
    "otherExpenses": 18012000000,
    "operatingExpenses": 21440000000,
    "costAndExpenses": 21440000000,
    "interestIncome": 0,
    "interestExpense": 192000000,
    "depreciationAndAmortization": 286000000,
    "ebitda": 1982000000,
    "ebitdaratio": 0.0863842399,
    "operatingIncome": 1504000000,
    "operatingIncomeRatio": 0.0655509066,
    "totalOtherIncomeExpensesNet": 0,
    "incomeBeforeTax": 1504000000,
    "incomeBeforeTaxRatio": 0.0655509066,
    "incomeTaxExpense": 450000000,
    "netIncome": 1054000000,
    "netIncomeRatio": 0.0459379358,
    "eps": 4.07,
    "epsdiluted": 3.98,
    "weightedAverageShsOut": 258700000,
    "weightedAverageShsOutDil": 264500000,
    "link": "https://www.sec.gov/Archives/edgar/data/1156039/000115603918000010/0001156039-18-000010-index.htm",
    "finalLink": "https://www.sec.gov/Archives/edgar/data/1156039/000115603918000010/antm-20180630x10q.htm"
  },
  {
    "date": "2018-03-31",
    "symbol": "ELV",
    "reportedCurrency": "USD",
    "cik": "0001156039",
    "fillingDate": "2018-04-25",
    "acceptedDate": "2018-04-25 12:36:51",
    "calendarYear": "2018",
    "period": "Q1",
    "revenue": 22537000000,
    "costOfRevenue": 0,
    "grossProfit": 22537000000,
    "grossProfitRatio": 1,
    "researchAndDevelopmentExpenses": 0,
    "generalAndAdministrativeExpenses": 3110300000,
    "sellingAndMarketingExpenses": 318200000,
    "sellingGeneralAndAdministrativeExpenses": 3428000000,
    "otherExpenses": 17329000000,
    "operatingExpenses": 20757000000,
    "costAndExpenses": 20757000000,
    "interestIncome": 0,
    "interestExpense": 184000000,
    "depreciationAndAmortization": 270000000,
    "ebitda": 2234000000,
    "ebitdaratio": 0.0991258819,
    "operatingIncome": 1780000000,
    "operatingIncomeRatio": 0.0789812309,
    "totalOtherIncomeExpensesNet": 0,
    "incomeBeforeTax": 1780000000,
    "incomeBeforeTaxRatio": 0.0789812309,
    "incomeTaxExpense": 468000000,
    "netIncome": 1312000000,
    "netIncomeRatio": 0.0582153792,
    "eps": 5.13,
    "epsdiluted": 4.99,
    "weightedAverageShsOut": 255800000,
    "weightedAverageShsOutDil": 262800000,
    "link": "https://www.sec.gov/Archives/edgar/data/1156039/000115603918000005/0001156039-18-000005-index.htm",
    "finalLink": "https://www.sec.gov/Archives/edgar/data/1156039/000115603918000005/antm-20180331x10qforq1.htm"
  },
  {
    "date": "2017-12-31",
    "symbol": "ELV",
    "reportedCurrency": "USD",
    "cik": "0001156039",
    "fillingDate": "2018-02-21",
    "acceptedDate": "2018-02-21 14:02:53",
    "calendarYear": "2017",
    "period": "Q4",
    "revenue": 22680300000,
    "costOfRevenue": 0,
    "grossProfit": 22680300000,
    "grossProfitRatio": 1,
    "researchAndDevelopmentExpenses": 0,
    "generalAndAdministrativeExpenses": 3039900000,
    "sellingAndMarketingExpenses": 353500000,
    "sellingGeneralAndAdministrativeExpenses": 3393400000,
    "otherExpenses": 19162700000,
    "operatingExpenses": 22556100000,
    "costAndExpenses": 22556100000,
    "interestIncome": 0,
    "interestExpense": 163600000,
    "depreciationAndAmortization": 227500000,
    "ebitda": 515300000,
    "ebitdaratio": 0.022720158,
    "operatingIncome": 124200000,
    "operatingIncomeRatio": 0.005476118,
    "totalOtherIncomeExpensesNet": 0,
    "incomeBeforeTax": 124200000,
    "incomeBeforeTaxRatio": 0.005476118,
    "incomeTaxExpense": -1106500000,
    "netIncome": 1230700000,
    "netIncomeRatio": 0.0542629507,
    "eps": 4.8,
    "epsdiluted": 4.67,
    "weightedAverageShsOut": 256084913,
    "weightedAverageShsOutDil": 263300000,
    "link": "https://www.sec.gov/Archives/edgar/data/1156039/000115603918000003/0001156039-18-000003-index.htm",
    "finalLink": "https://www.sec.gov/Archives/edgar/data/1156039/000115603918000003/antm-2017123110kq42017.htm"
  },
  {
    "date": "2017-09-30",
    "symbol": "ELV",
    "reportedCurrency": "USD",
    "cik": "0001156039",
    "fillingDate": "2017-10-25",
    "acceptedDate": "2017-10-25 12:18:22",
    "calendarYear": "2017",
    "period": "Q3",
    "revenue": 22426000000,
    "costOfRevenue": 0,
    "grossProfit": 22426000000,
    "grossProfitRatio": 1,
    "researchAndDevelopmentExpenses": 0,
    "generalAndAdministrativeExpenses": 2663000000,
    "sellingAndMarketingExpenses": 348000000,
    "sellingGeneralAndAdministrativeExpenses": 3011000000,
    "otherExpenses": 18296000000,
    "operatingExpenses": 21307000000,
    "costAndExpenses": 21307000000,
    "interestIncome": 0,
    "interestExpense": 150000000,
    "depreciationAndAmortization": 223500000,
    "ebitda": 1492500000,
    "ebitdaratio": 0.0665522162,
    "operatingIncome": 1119000000,
    "operatingIncomeRatio": 0.0498974405,
    "totalOtherIncomeExpensesNet": 0,
    "incomeBeforeTax": 1119000000,
    "incomeBeforeTaxRatio": 0.0498974405,
    "incomeTaxExpense": 372000000,
    "netIncome": 747000000,
    "netIncomeRatio": 0.0333095514,
    "eps": 2.87,
    "epsdiluted": 2.8,
    "weightedAverageShsOut": 257404755,
    "weightedAverageShsOutDil": 267000000,
    "link": "https://www.sec.gov/Archives/edgar/data/1156039/000115603917000013/0001156039-17-000013-index.htm",
    "finalLink": "https://www.sec.gov/Archives/edgar/data/1156039/000115603917000013/antm-20170930x10qforq3.htm"
  },
  {
    "date": "2017-06-30",
    "symbol": "ELV",
    "reportedCurrency": "USD",
    "cik": "0001156039",
    "fillingDate": "2017-07-26",
    "acceptedDate": "2017-07-26 10:22:45",
    "calendarYear": "2017",
    "period": "Q2",
    "revenue": 22407200000,
    "costOfRevenue": 0,
    "grossProfit": 22407200000,
    "grossProfitRatio": 1,
    "researchAndDevelopmentExpenses": 0,
    "generalAndAdministrativeExpenses": 2708300000,
    "sellingAndMarketingExpenses": 345500000,
    "sellingGeneralAndAdministrativeExpenses": 3053800000,
    "otherExpenses": 18147700000,
    "operatingExpenses": 21201500000,
    "costAndExpenses": 21201500000,
    "interestIncome": 0,
    "interestExpense": 189900000,
    "depreciationAndAmortization": 218800000,
    "ebitda": 1614400000,
    "ebitdaratio": 0.0720482702,
    "operatingIncome": 1205700000,
    "operatingIncomeRatio": 0.0538085972,
    "totalOtherIncomeExpensesNet": 0,
    "incomeBeforeTax": 1205700000,
    "incomeBeforeTaxRatio": 0.0538085972,
    "incomeTaxExpense": 350400000,
    "netIncome": 855300000,
    "netIncomeRatio": 0.0381707665,
    "eps": 3.23,
    "epsdiluted": 3.16,
    "weightedAverageShsOut": 264600000,
    "weightedAverageShsOutDil": 270800000,
    "link": "https://www.sec.gov/Archives/edgar/data/1156039/000115603917000011/0001156039-17-000011-index.htm",
    "finalLink": "https://www.sec.gov/Archives/edgar/data/1156039/000115603917000011/antm-20170630x10qforq2.htm"
  },
  {
    "date": "2017-03-31",
    "symbol": "ELV",
    "reportedCurrency": "USD",
    "cik": "0001156039",
    "fillingDate": "2017-04-26",
    "acceptedDate": "2017-04-26 10:17:05",
    "calendarYear": "2017",
    "period": "Q1",
    "revenue": 22525900000,
    "costOfRevenue": 0,
    "grossProfit": 22525900000,
    "grossProfitRatio": 1,
    "researchAndDevelopmentExpenses": 0,
    "generalAndAdministrativeExpenses": 2842700000,
    "sellingAndMarketingExpenses": 348600000,
    "sellingGeneralAndAdministrativeExpenses": 3191300000,
    "otherExpenses": 17819600000,
    "operatingExpenses": 21010900000,
    "costAndExpenses": 21010900000,
    "interestIncome": 0,
    "interestExpense": 235000000,
    "depreciationAndAmortization": 220700000,
    "ebitda": 1970700000,
    "ebitdaratio": 0.0874859606,
    "operatingIncome": 1515000000,
    "operatingIncomeRatio": 0.0672559143,
    "totalOtherIncomeExpensesNet": 0,
    "incomeBeforeTax": 1515000000,
    "incomeBeforeTaxRatio": 0.0672559143,
    "incomeTaxExpense": 505100000,
    "netIncome": 1009900000,
    "netIncomeRatio": 0.0448328369,
    "eps": 3.82,
    "epsdiluted": 3.73,
    "weightedAverageShsOut": 264400000,
    "weightedAverageShsOutDil": 270400000,
    "link": "https://www.sec.gov/Archives/edgar/data/1156039/000115603917000005/0001156039-17-000005-index.htm",
    "finalLink": "https://www.sec.gov/Archives/edgar/data/1156039/000115603917000005/antm-20170331x10qforq1.htm"
  },
  {
    "date": "2016-12-31",
    "symbol": "ELV",
    "reportedCurrency": "USD",
    "cik": "0001156039",
    "fillingDate": "2017-02-22",
    "acceptedDate": "2017-02-22 13:09:22",
    "calendarYear": "2016",
    "period": "Q4",
    "revenue": 21714400000,
    "costOfRevenue": 0,
    "grossProfit": 21714400000,
    "grossProfitRatio": 1,
    "researchAndDevelopmentExpenses": 0,
    "generalAndAdministrativeExpenses": 2912400000,
    "sellingAndMarketingExpenses": 351600000,
    "sellingGeneralAndAdministrativeExpenses": 3264000000,
    "otherExpenses": 17791800000,
    "operatingExpenses": 21055800000,
    "costAndExpenses": 21055800000,
    "interestIncome": 0,
    "interestExpense": 177300000,
    "depreciationAndAmortization": 232400000,
    "ebitda": 1068300000,
    "ebitdaratio": 0.0491977674,
    "operatingIncome": 658600000,
    "operatingIncomeRatio": 0.0303301035,
    "totalOtherIncomeExpensesNet": 0,
    "incomeBeforeTax": 658600000,
    "incomeBeforeTaxRatio": 0.0303301035,
    "incomeTaxExpense": 290200000,
    "netIncome": 368400000,
    "netIncomeRatio": 0.0169657002,
    "eps": 1.4,
    "epsdiluted": 1.37,
    "weightedAverageShsOut": 263747395,
    "weightedAverageShsOutDil": 268700000,
    "link": "https://www.sec.gov/Archives/edgar/data/1156039/000115603917000002/0001156039-17-000002-index.htm",
    "finalLink": "https://www.sec.gov/Archives/edgar/data/1156039/000115603917000002/antm-2016123110k.htm"
  },
  {
    "date": "2016-09-30",
    "symbol": "ELV",
    "reportedCurrency": "USD",
    "cik": "0001156039",
    "fillingDate": "2016-11-02",
    "acceptedDate": "2016-11-02 10:46:45",
    "calendarYear": "2016",
    "period": "Q3",
    "revenue": 21403900000,
    "costOfRevenue": 0,
    "grossProfit": 21403900000,
    "grossProfitRatio": 1,
    "researchAndDevelopmentExpenses": 0,
    "generalAndAdministrativeExpenses": 2786100000,
    "sellingAndMarketingExpenses": 338500000,
    "sellingGeneralAndAdministrativeExpenses": 3124600000,
    "otherExpenses": 17142800000,
    "operatingExpenses": 20267400000,
    "costAndExpenses": 20267400000,
    "interestIncome": 0,
    "interestExpense": 172900000,
    "depreciationAndAmortization": 228300000,
    "ebitda": 1537700000,
    "ebitdaratio": 0.0718420475,
    "operatingIncome": 1136500000,
    "operatingIncomeRatio": 0.0530977999,
    "totalOtherIncomeExpensesNet": 0,
    "incomeBeforeTax": 1136500000,
    "incomeBeforeTaxRatio": 0.0530977999,
    "incomeTaxExpense": 518700000,
    "netIncome": 617800000,
    "netIncomeRatio": 0.0288638986,
    "eps": 2.35,
    "epsdiluted": 2.3,
    "weightedAverageShsOut": 263200000,
    "weightedAverageShsOutDil": 268100000,
    "link": "https://www.sec.gov/Archives/edgar/data/1156039/000115603916000028/0001156039-16-000028-index.htm",
    "finalLink": "https://www.sec.gov/Archives/edgar/data/1156039/000115603916000028/antm-20160930x10qforq3.htm"
  },
  {
    "date": "2016-06-30",
    "symbol": "ELV",
    "reportedCurrency": "USD",
    "cik": "0001156039",
    "fillingDate": "2016-07-27",
    "acceptedDate": "2016-07-27 11:38:41",
    "calendarYear": "2016",
    "period": "Q2",
    "revenue": 21456200000,
    "costOfRevenue": 0,
    "grossProfit": 21456200000,
    "grossProfitRatio": 1,
    "researchAndDevelopmentExpenses": 0,
    "generalAndAdministrativeExpenses": 2617600000,
    "sellingAndMarketingExpenses": 351500000,
    "sellingGeneralAndAdministrativeExpenses": 2969100000,
    "otherExpenses": 17038800000,
    "operatingExpenses": 20007900000,
    "costAndExpenses": 20007900000,
    "interestIncome": 0,
    "interestExpense": 185700000,
    "depreciationAndAmortization": 225800000,
    "ebitda": 1859800000,
    "ebitdaratio": 0.0866789087,
    "operatingIncome": 1448300000,
    "operatingIncomeRatio": 0.0675003029,
    "totalOtherIncomeExpensesNet": 0,
    "incomeBeforeTax": 1448300000,
    "incomeBeforeTaxRatio": 0.0675003029,
    "incomeTaxExpense": 667700000,
    "netIncome": 780600000,
    "netIncomeRatio": 0.0363810926,
    "eps": 2.97,
    "epsdiluted": 2.91,
    "weightedAverageShsOut": 263000000,
    "weightedAverageShsOutDil": 268200000,
    "link": "https://www.sec.gov/Archives/edgar/data/1156039/000115603916000026/0001156039-16-000026-index.htm",
    "finalLink": "https://www.sec.gov/Archives/edgar/data/1156039/000115603916000026/antm-20160630x10qforq2.htm"
  },
  {
    "date": "2016-03-31",
    "symbol": "ELV",
    "reportedCurrency": "USD",
    "cik": "0001156039",
    "fillingDate": "2016-04-27",
    "acceptedDate": "2016-04-27 10:52:32",
    "calendarYear": "2016",
    "period": "Q1",
    "revenue": 20288500000,
    "costOfRevenue": 0,
    "grossProfit": 20288500000,
    "grossProfitRatio": 1,
    "researchAndDevelopmentExpenses": 0,
    "generalAndAdministrativeExpenses": 2850300000,
    "sellingAndMarketingExpenses": 349900000,
    "sellingGeneralAndAdministrativeExpenses": 3200200000,
    "otherExpenses": 15776300000,
    "operatingExpenses": 18976500000,
    "costAndExpenses": 18976500000,
    "interestIncome": 0,
    "interestExpense": 187100000,
    "depreciationAndAmortization": 225300000,
    "ebitda": 1724400000,
    "ebitdaratio": 0.0849939621,
    "operatingIncome": 1312000000,
    "operatingIncomeRatio": 0.064667176,
    "totalOtherIncomeExpensesNet": 0,
    "incomeBeforeTax": 1312000000,
    "incomeBeforeTaxRatio": 0.064667176,
    "incomeTaxExpense": 609000000,
    "netIncome": 703000000,
    "netIncomeRatio": 0.0346501713,
    "eps": 2.67,
    "epsdiluted": 2.63,
    "weightedAverageShsOut": 262840916,
    "weightedAverageShsOutDil": 267500000,
    "link": "https://www.sec.gov/Archives/edgar/data/1156039/000115603916000020/0001156039-16-000020-index.htm",
    "finalLink": "https://www.sec.gov/Archives/edgar/data/1156039/000115603916000020/antm-20160331x10qforq1.htm"
  },
  {
    "date": "2015-12-31",
    "symbol": "ELV",
    "reportedCurrency": "USD",
    "cik": "0001156039",
    "fillingDate": "2016-02-19",
    "acceptedDate": "2016-02-19 10:48:08",
    "calendarYear": "2015",
    "period": "Q4",
    "revenue": 20187900000,
    "costOfRevenue": 0,
    "grossProfit": 20187900000,
    "grossProfitRatio": 1,
    "researchAndDevelopmentExpenses": 0,
    "generalAndAdministrativeExpenses": 2918400000,
    "sellingAndMarketingExpenses": 350000000,
    "sellingGeneralAndAdministrativeExpenses": 3268400000,
    "otherExpenses": 16545200000,
    "operatingExpenses": 19813600000,
    "costAndExpenses": 19813600000,
    "interestIncome": 0,
    "interestExpense": 179700000,
    "depreciationAndAmortization": 231300000,
    "ebitda": 785300000,
    "ebitdaratio": 0.0388995388,
    "operatingIncome": 374300000,
    "operatingIncomeRatio": 0.0185408091,
    "totalOtherIncomeExpensesNet": 0,
    "incomeBeforeTax": 374300000,
    "incomeBeforeTaxRatio": 0.0185408091,
    "incomeTaxExpense": 193400000,
    "netIncome": 180900000,
    "netIncomeRatio": 0.0089608132,
    "eps": 0.69,
    "epsdiluted": 0.68,
    "weightedAverageShsOut": 261238188,
    "weightedAverageShsOutDil": 268000000,
    "link": "https://www.sec.gov/Archives/edgar/data/1156039/000115603916000018/0001156039-16-000018-index.htm",
    "finalLink": "https://www.sec.gov/Archives/edgar/data/1156039/000115603916000018/antm-2015123110kforq4.htm"
  },
  {
    "date": "2015-09-30",
    "symbol": "ELV",
    "reportedCurrency": "USD",
    "cik": "0001156039",
    "fillingDate": "2015-10-28",
    "acceptedDate": "2015-10-28 11:23:33",
    "calendarYear": "2015",
    "period": "Q3",
    "revenue": 19901600000,
    "costOfRevenue": 0,
    "grossProfit": 19901600000,
    "grossProfitRatio": 1,
    "researchAndDevelopmentExpenses": 0,
    "generalAndAdministrativeExpenses": 2721300000,
    "sellingAndMarketingExpenses": 359100000,
    "sellingGeneralAndAdministrativeExpenses": 3080400000,
    "otherExpenses": 15691600000,
    "operatingExpenses": 18772000000,
    "costAndExpenses": 18772000000,
    "interestIncome": 0,
    "interestExpense": 164800000,
    "depreciationAndAmortization": -29200000,
    "ebitda": 1265200000,
    "ebitdaratio": 0.0635727781,
    "operatingIncome": 1129600000,
    "operatingIncomeRatio": 0.0567592555,
    "totalOtherIncomeExpensesNet": 0,
    "incomeBeforeTax": 1129600000,
    "incomeBeforeTaxRatio": 0.0567592555,
    "incomeTaxExpense": 474800000,
    "netIncome": 654800000,
    "netIncomeRatio": 0.0329018772,
    "eps": 2.51,
    "epsdiluted": 2.43,
    "weightedAverageShsOut": 261300000,
    "weightedAverageShsOutDil": 269200000,
    "link": "https://www.sec.gov/Archives/edgar/data/1156039/000115603915000014/0001156039-15-000014-index.htm",
    "finalLink": "https://www.sec.gov/Archives/edgar/data/1156039/000115603915000014/antm-20150930x10q.htm"
  },
  {
    "date": "2015-06-30",
    "symbol": "ELV",
    "reportedCurrency": "USD",
    "cik": "0001156039",
    "fillingDate": "2015-07-29",
    "acceptedDate": "2015-07-29 09:53:14",
    "calendarYear": "2015",
    "period": "Q2",
    "revenue": 20015500000,
    "costOfRevenue": 0,
    "grossProfit": 20015500000,
    "grossProfitRatio": 1,
    "researchAndDevelopmentExpenses": 0,
    "generalAndAdministrativeExpenses": 2677000000,
    "sellingAndMarketingExpenses": 363800000,
    "sellingGeneralAndAdministrativeExpenses": 3040800000,
    "otherExpenses": 15416700000,
    "operatingExpenses": 18457500000,
    "costAndExpenses": 18457500000,
    "interestIncome": 0,
    "interestExpense": 154100000,
    "depreciationAndAmortization": 491500000,
    "ebitda": 2203600000,
    "ebitdaratio": 0.1100946766,
    "operatingIncome": 1558000000,
    "operatingIncomeRatio": 0.0778396743,
    "totalOtherIncomeExpensesNet": 0,
    "incomeBeforeTax": 1558000000,
    "incomeBeforeTaxRatio": 0.0778396743,
    "incomeTaxExpense": 698900000,
    "netIncome": 859100000,
    "netIncomeRatio": 0.0429217357,
    "eps": 3.27,
    "epsdiluted": 3.13,
    "weightedAverageShsOut": 263100000,
    "weightedAverageShsOutDil": 274300000,
    "link": "https://www.sec.gov/Archives/edgar/data/1156039/000115603915000011/0001156039-15-000011-index.htm",
    "finalLink": "https://www.sec.gov/Archives/edgar/data/1156039/000115603915000011/antm-20150630x10q.htm"
  },
  {
    "date": "2015-03-31",
    "symbol": "ELV",
    "reportedCurrency": "USD",
    "cik": "0001156039",
    "fillingDate": "2015-04-29",
    "acceptedDate": "2015-04-29 10:38:37",
    "calendarYear": "2015",
    "period": "Q1",
    "revenue": 19051500000,
    "costOfRevenue": 0,
    "grossProfit": 19051500000,
    "grossProfitRatio": 1,
    "researchAndDevelopmentExpenses": 0,
    "generalAndAdministrativeExpenses": 2777000000,
    "sellingAndMarketingExpenses": 368200000,
    "sellingGeneralAndAdministrativeExpenses": 3145200000,
    "otherExpenses": 14337200000,
    "operatingExpenses": 17482400000,
    "costAndExpenses": 17482400000,
    "interestIncome": 0,
    "interestExpense": 154400000,
    "depreciationAndAmortization": 214300000,
    "ebitda": 1937800000,
    "ebitdaratio": 0.1017137758,
    "operatingIncome": 1569100000,
    "operatingIncomeRatio": 0.082360969,
    "totalOtherIncomeExpensesNet": 0,
    "incomeBeforeTax": 1569100000,
    "incomeBeforeTaxRatio": 0.082360969,
    "incomeTaxExpense": 703900000,
    "netIncome": 865200000,
    "netIncomeRatio": 0.0454137469,
    "eps": 3.25,
    "epsdiluted": 3.09,
    "weightedAverageShsOut": 266600000,
    "weightedAverageShsOutDil": 280400000,
    "link": "https://www.sec.gov/Archives/edgar/data/1156039/000115603915000006/0001156039-15-000006-index.htm",
    "finalLink": "https://www.sec.gov/Archives/edgar/data/1156039/000115603915000006/antm-20150331x10q.htm"
  },
  {
    "date": "2014-12-31",
    "symbol": "ELV",
    "reportedCurrency": "USD",
    "cik": "0001156039",
    "fillingDate": "2015-02-24",
    "acceptedDate": "2015-02-24 13:20:29",
    "calendarYear": "2014",
    "period": "Q4",
    "revenue": 18984300000,
    "costOfRevenue": 0,
    "grossProfit": 18984300000,
    "grossProfitRatio": 1,
    "researchAndDevelopmentExpenses": 0,
    "generalAndAdministrativeExpenses": 2676500000,
    "sellingAndMarketingExpenses": 356300000,
    "sellingGeneralAndAdministrativeExpenses": 3032800000,
    "otherExpenses": 15064400000,
    "operatingExpenses": 18097200000,
    "costAndExpenses": 18097200000,
    "interestIncome": 0,
    "interestExpense": 153600000,
    "depreciationAndAmortization": 208100000,
    "ebitda": 1248800000,
    "ebitdaratio": 0.0657806714,
    "operatingIncome": 887100000,
    "operatingIncomeRatio": 0.0467280858,
    "totalOtherIncomeExpensesNet": 0,
    "incomeBeforeTax": 887100000,
    "incomeBeforeTaxRatio": 0.0467280858,
    "incomeTaxExpense": 380400000,
    "netIncome": 506700000,
    "netIncomeRatio": 0.0266904758,
    "eps": 1.9,
    "epsdiluted": 1.8,
    "weightedAverageShsOut": 266600000,
    "weightedAverageShsOutDil": 280400000,
    "link": "https://www.sec.gov/Archives/edgar/data/1156039/000115603915000003/0001156039-15-000003-index.htm",
    "finalLink": "https://www.sec.gov/Archives/edgar/data/1156039/000115603915000003/antm-20141231x10k.htm"
  },
  {
    "date": "2014-09-30",
    "symbol": "ELV",
    "reportedCurrency": "USD",
    "cik": "0001156039",
    "fillingDate": "2014-10-29",
    "acceptedDate": "2014-10-29 11:07:01",
    "calendarYear": "2014",
    "period": "Q3",
    "revenue": 18557000000,
    "costOfRevenue": 0,
    "grossProfit": 18557000000,
    "grossProfitRatio": 1,
    "researchAndDevelopmentExpenses": 0,
    "generalAndAdministrativeExpenses": 2594000000,
    "sellingAndMarketingExpenses": 374300000,
    "sellingGeneralAndAdministrativeExpenses": 2968300000,
    "otherExpenses": 14501500000,
    "operatingExpenses": 17469800000,
    "costAndExpenses": 17469800000,
    "interestIncome": 0,
    "interestExpense": 155300000,
    "depreciationAndAmortization": 208100000,
    "ebitda": 1450600000,
    "ebitdaratio": 0.0781699628,
    "operatingIncome": 1087200000,
    "operatingIncomeRatio": 0.0585870561,
    "totalOtherIncomeExpensesNet": 0,
    "incomeBeforeTax": 1087200000,
    "incomeBeforeTaxRatio": 0.0585870561,
    "incomeTaxExpense": 456300000,
    "netIncome": 630900000,
    "netIncomeRatio": 0.0339979523,
    "eps": 2.33,
    "epsdiluted": 2.22,
    "weightedAverageShsOut": 270512468,
    "weightedAverageShsOutDil": 270512468,
    "link": "https://www.sec.gov/Archives/edgar/data/1156039/000115603914000013/0001156039-14-000013-index.htm",
    "finalLink": "https://www.sec.gov/Archives/edgar/data/1156039/000115603914000013/wlp-20140930x10q.htm"
  },
  {
    "date": "2014-06-30",
    "symbol": "ELV",
    "reportedCurrency": "USD",
    "cik": "0001156039",
    "fillingDate": "2014-07-30",
    "acceptedDate": "2014-07-30 11:07:55",
    "calendarYear": "2014",
    "period": "Q2",
    "revenue": 18473400000,
    "costOfRevenue": 0,
    "grossProfit": 18473400000,
    "grossProfitRatio": 1,
    "researchAndDevelopmentExpenses": 0,
    "generalAndAdministrativeExpenses": 2497100000,
    "sellingAndMarketingExpenses": 388700000,
    "sellingGeneralAndAdministrativeExpenses": 2885800000,
    "otherExpenses": 14323900000,
    "operatingExpenses": 17209700000,
    "costAndExpenses": 17209700000,
    "interestIncome": 0,
    "interestExpense": 145600000,
    "depreciationAndAmortization": 218100000,
    "ebitda": 1627400000,
    "ebitdaratio": 0.0880942328,
    "operatingIncome": 1263700000,
    "operatingIncomeRatio": 0.0684064655,
    "totalOtherIncomeExpensesNet": 0,
    "incomeBeforeTax": 1263700000,
    "incomeBeforeTaxRatio": 0.0684064655,
    "incomeTaxExpense": 532600000,
    "netIncome": 731100000,
    "netIncomeRatio": 0.0395758225,
    "eps": 2.66,
    "epsdiluted": 2.56,
    "weightedAverageShsOut": 274470910,
    "weightedAverageShsOutDil": 286000000,
    "link": "https://www.sec.gov/Archives/edgar/data/1156039/000115603914000011/0001156039-14-000011-index.htm",
    "finalLink": "https://www.sec.gov/Archives/edgar/data/1156039/000115603914000011/wlp-20140630x10q.htm"
  },
  {
    "date": "2014-03-31",
    "symbol": "ELV",
    "reportedCurrency": "USD",
    "cik": "0001156039",
    "fillingDate": "2014-04-30",
    "acceptedDate": "2014-04-30 13:32:28",
    "calendarYear": "2014",
    "period": "Q1",
    "revenue": 17859400000,
    "costOfRevenue": 0,
    "grossProfit": 17859400000,
    "grossProfitRatio": 1,
    "researchAndDevelopmentExpenses": 0,
    "generalAndAdministrativeExpenses": 2490700000,
    "sellingAndMarketingExpenses": 370800000,
    "sellingGeneralAndAdministrativeExpenses": 2861500000,
    "otherExpenses": 13867800000,
    "operatingExpenses": 16729300000,
    "costAndExpenses": 16729300000,
    "interestIncome": 0,
    "interestExpense": 146200000,
    "depreciationAndAmortization": 216700000,
    "ebitda": 1493000000,
    "ebitdaratio": 0.0835974333,
    "operatingIncome": 1130100000,
    "operatingIncomeRatio": 0.0632776017,
    "totalOtherIncomeExpensesNet": 0,
    "incomeBeforeTax": 1130100000,
    "incomeBeforeTaxRatio": 0.0632776017,
    "incomeTaxExpense": 438700000,
    "netIncome": 701000000,
    "netIncomeRatio": 0.0392510387,
    "eps": 2.49,
    "epsdiluted": 2.4,
    "weightedAverageShsOut": 281912262,
    "weightedAverageShsOutDil": 292600000,
    "link": "https://www.sec.gov/Archives/edgar/data/1156039/000115603914000005/0001156039-14-000005-index.htm",
    "finalLink": "https://www.sec.gov/Archives/edgar/data/1156039/000115603914000005/wlp-20140331x10q.htm"
  },
  {
    "date": "2013-12-31",
    "symbol": "ELV",
    "reportedCurrency": "USD",
    "cik": "0001156039",
    "fillingDate": "2014-02-20",
    "acceptedDate": "2014-02-20 14:47:43",
    "calendarYear": "2013",
    "period": "Q4",
    "revenue": 17570900000,
    "costOfRevenue": 0,
    "grossProfit": 17570900000,
    "grossProfitRatio": 1,
    "researchAndDevelopmentExpenses": 0,
    "generalAndAdministrativeExpenses": 2150400000,
    "sellingAndMarketingExpenses": 387000000,
    "sellingGeneralAndAdministrativeExpenses": 2537400000,
    "otherExpenses": 14573700000,
    "operatingExpenses": 17111100000,
    "costAndExpenses": 17111100000,
    "interestIncome": 0,
    "interestExpense": 145800000,
    "depreciationAndAmortization": 237700000,
    "ebitda": 843300000,
    "ebitdaratio": 0.0479941267,
    "operatingIncome": 459800000,
    "operatingIncomeRatio": 0.0261682669,
    "totalOtherIncomeExpensesNet": 0,
    "incomeBeforeTax": 459800000,
    "incomeBeforeTaxRatio": 0.0261682669,
    "incomeTaxExpense": 167000000,
    "netIncome": 148200000,
    "netIncomeRatio": 0.0084344001,
    "eps": 0.53,
    "epsdiluted": 0.51,
    "weightedAverageShsOut": 281912262,
    "weightedAverageShsOutDil": 292600000,
    "link": "https://www.sec.gov/Archives/edgar/data/1156039/000115603914000003/0001156039-14-000003-index.htm",
    "finalLink": "https://www.sec.gov/Archives/edgar/data/1156039/000115603914000003/wlp-20131231x10k.htm"
  },
  {
    "date": "2013-09-30",
    "symbol": "ELV",
    "reportedCurrency": "USD",
    "cik": "0001156039",
    "fillingDate": "2013-10-23",
    "acceptedDate": "2013-10-23 14:12:58",
    "calendarYear": "2013",
    "period": "Q3",
    "revenue": 17855500000,
    "costOfRevenue": 0,
    "grossProfit": 17855500000,
    "grossProfitRatio": 1,
    "researchAndDevelopmentExpenses": 0,
    "generalAndAdministrativeExpenses": 2165400000,
    "sellingAndMarketingExpenses": 377300000,
    "sellingGeneralAndAdministrativeExpenses": 2542700000,
    "otherExpenses": 14433100000,
    "operatingExpenses": 16975800000,
    "costAndExpenses": 16975800000,
    "interestIncome": 0,
    "interestExpense": 151500000,
    "depreciationAndAmortization": 231100000,
    "ebitda": 1262300000,
    "ebitdaratio": 0.070695304,
    "operatingIncome": 879700000,
    "operatingIncomeRatio": 0.0492677326,
    "totalOtherIncomeExpensesNet": 0,
    "incomeBeforeTax": 879700000,
    "incomeBeforeTaxRatio": 0.0492677326,
    "incomeTaxExpense": 225900000,
    "netIncome": 656200000,
    "netIncomeRatio": 0.0367505811,
    "eps": 2.22,
    "epsdiluted": 2.16,
    "weightedAverageShsOut": 296188115,
    "weightedAverageShsOutDil": 304500000,
    "link": "https://www.sec.gov/Archives/edgar/data/1156039/000115603913000003/0001156039-13-000003-index.htm",
    "finalLink": "https://www.sec.gov/Archives/edgar/data/1156039/000115603913000003/wlp-20130930x10q.htm"
  },
  {
    "date": "2013-06-30",
    "symbol": "ELV",
    "reportedCurrency": "USD",
    "cik": "0001156039",
    "fillingDate": "2013-07-24",
    "acceptedDate": "2013-07-24 14:07:15",
    "calendarYear": "2013",
    "period": "Q2",
    "revenue": 17690300000,
    "costOfRevenue": 0,
    "grossProfit": 17690300000,
    "grossProfitRatio": 1,
    "researchAndDevelopmentExpenses": 0,
    "generalAndAdministrativeExpenses": 2058900000,
    "sellingAndMarketingExpenses": 376700000,
    "sellingGeneralAndAdministrativeExpenses": 2435600000,
    "otherExpenses": 14046600000,
    "operatingExpenses": 16482200000,
    "costAndExpenses": 16482200000,
    "interestIncome": 0,
    "interestExpense": 151900000,
    "depreciationAndAmortization": 228000000,
    "ebitda": 1588000000,
    "ebitdaratio": 0.0897667083,
    "operatingIncome": 1208100000,
    "operatingIncomeRatio": 0.0682916627,
    "totalOtherIncomeExpensesNet": 0,
    "incomeBeforeTax": 1208100000,
    "incomeBeforeTaxRatio": 0.0682916627,
    "incomeTaxExpense": 408800000,
    "netIncome": 800100000,
    "netIncomeRatio": 0.0452281759,
    "eps": 2.67,
    "epsdiluted": 2.64,
    "weightedAverageShsOut": 299500000,
    "weightedAverageShsOutDil": 303200000,
    "link": "https://www.sec.gov/Archives/edgar/data/1156039/000119312513300316/0001193125-13-300316-index.htm",
    "finalLink": "https://www.sec.gov/Archives/edgar/data/1156039/000119312513300316/d571188d10q.htm"
  },
  {
    "date": "2013-03-31",
    "symbol": "ELV",
    "reportedCurrency": "USD",
    "cik": "0001156039",
    "fillingDate": "2013-04-24",
    "acceptedDate": "2013-04-24 15:23:22",
    "calendarYear": "2013",
    "period": "Q1",
    "revenue": 17576000000,
    "costOfRevenue": 0,
    "grossProfit": 17576000000,
    "grossProfitRatio": 1,
    "researchAndDevelopmentExpenses": 0,
    "generalAndAdministrativeExpenses": 1943200000,
    "sellingAndMarketingExpenses": 385900000,
    "sellingGeneralAndAdministrativeExpenses": 2329100000,
    "otherExpenses": 13964400000,
    "operatingExpenses": 16293500000,
    "costAndExpenses": 16293500000,
    "interestIncome": 0,
    "interestExpense": 153500000,
    "depreciationAndAmortization": 212000000,
    "ebitda": 1648000000,
    "ebitdaratio": 0.0937642239,
    "operatingIncome": 1282500000,
    "operatingIncomeRatio": 0.0729688211,
    "totalOtherIncomeExpensesNet": 0,
    "incomeBeforeTax": 1282500000,
    "incomeBeforeTaxRatio": 0.0729688211,
    "incomeTaxExpense": 410200000,
    "netIncome": 885200000,
    "netIncomeRatio": 0.0503641329,
    "eps": 2.92,
    "epsdiluted": 2.89,
    "weightedAverageShsOut": 303200000,
    "weightedAverageShsOutDil": 305900000,
    "link": "https://www.sec.gov/Archives/edgar/data/1156039/000119312513170158/0001193125-13-170158-index.htm",
    "finalLink": "https://www.sec.gov/Archives/edgar/data/1156039/000119312513170158/d522011d10q.htm"
  },
  {
    "date": "2012-12-31",
    "symbol": "ELV",
    "reportedCurrency": "USD",
    "cik": "0001156039",
    "fillingDate": "2013-02-22",
    "acceptedDate": "2013-02-22 13:56:49",
    "calendarYear": "2012",
    "period": "Q4",
    "revenue": 15536100000,
    "costOfRevenue": 0,
    "grossProfit": 15536100000,
    "grossProfitRatio": 1,
    "researchAndDevelopmentExpenses": 0,
    "generalAndAdministrativeExpenses": 2001800000,
    "sellingAndMarketingExpenses": 410400000,
    "sellingGeneralAndAdministrativeExpenses": 2412200000,
    "otherExpenses": 12642500000,
    "operatingExpenses": 15054700000,
    "costAndExpenses": 15054700000,
    "interestIncome": 0,
    "interestExpense": 151500000,
    "depreciationAndAmortization": 193100000,
    "ebitda": 826000000,
    "ebitdaratio": 0.0531664961,
    "operatingIncome": 481400000,
    "operatingIncomeRatio": 0.0309858974,
    "totalOtherIncomeExpensesNet": 0,
    "incomeBeforeTax": 481400000,
    "incomeBeforeTaxRatio": 0.0309858974,
    "incomeTaxExpense": 17200000,
    "netIncome": 464200000,
    "netIncomeRatio": 0.0298787984,
    "eps": 1.53,
    "epsdiluted": 1.52,
    "weightedAverageShsOut": 303200000,
    "weightedAverageShsOutDil": 305900000,
    "link": "https://www.sec.gov/Archives/edgar/data/1156039/000119312513071165/0001193125-13-071165-index.htm",
    "finalLink": "https://www.sec.gov/Archives/edgar/data/1156039/000119312513071165/d484484d10k.htm"
  },
  {
    "date": "2012-09-30",
    "symbol": "ELV",
    "reportedCurrency": "USD",
    "cik": "0001156039",
    "fillingDate": "2012-11-07",
    "acceptedDate": "2012-11-07 13:40:15",
    "calendarYear": "2012",
    "period": "Q3",
    "revenue": 15353100000,
    "costOfRevenue": 0,
    "grossProfit": 15353100000,
    "grossProfitRatio": 1,
    "researchAndDevelopmentExpenses": 0,
    "generalAndAdministrativeExpenses": 1688400000,
    "sellingAndMarketingExpenses": 390200000,
    "sellingGeneralAndAdministrativeExpenses": 2078600000,
    "otherExpenses": 12248800000,
    "operatingExpenses": 14327400000,
    "costAndExpenses": 14327400000,
    "interestIncome": 0,
    "interestExpense": 133600000,
    "depreciationAndAmortization": 186900000,
    "ebitda": 1346200000,
    "ebitdaratio": 0.0876826178,
    "operatingIncome": 1025700000,
    "operatingIncomeRatio": 0.0668073549,
    "totalOtherIncomeExpensesNet": 0,
    "incomeBeforeTax": 1025700000,
    "incomeBeforeTaxRatio": 0.0668073549,
    "incomeTaxExpense": 334500000,
    "netIncome": 691200000,
    "netIncomeRatio": 0.0450202239,
    "eps": 2.2,
    "epsdiluted": 2.15,
    "weightedAverageShsOut": 314012463,
    "weightedAverageShsOutDil": 321900000,
    "link": "https://www.sec.gov/Archives/edgar/data/1156039/000119312512456839/0001193125-12-456839-index.htm",
    "finalLink": "https://www.sec.gov/Archives/edgar/data/1156039/000119312512456839/d432590d10q.htm"
  },
  {
    "date": "2012-06-30",
    "symbol": "ELV",
    "reportedCurrency": "USD",
    "cik": "0001156039",
    "fillingDate": "2012-07-25",
    "acceptedDate": "2012-07-25 11:03:55",
    "calendarYear": "2012",
    "period": "Q2",
    "revenue": 15407300000,
    "costOfRevenue": 0,
    "grossProfit": 15407300000,
    "grossProfitRatio": 1,
    "researchAndDevelopmentExpenses": 0,
    "generalAndAdministrativeExpenses": 1688800000,
    "sellingAndMarketingExpenses": 393000000,
    "sellingGeneralAndAdministrativeExpenses": 2081800000,
    "otherExpenses": 12276900000,
    "operatingExpenses": 14358700000,
    "costAndExpenses": 14358700000,
    "interestIncome": 0,
    "interestExpense": 117600000,
    "depreciationAndAmortization": 182000000,
    "ebitda": 1348200000,
    "ebitdaratio": 0.0875039754,
    "operatingIncome": 1048600000,
    "operatingIncomeRatio": 0.0680586475,
    "totalOtherIncomeExpensesNet": 0,
    "incomeBeforeTax": 1048600000,
    "incomeBeforeTaxRatio": 0.0680586475,
    "incomeTaxExpense": 405000000,
    "netIncome": 643600000,
    "netIncomeRatio": 0.0417724066,
    "eps": 1.96,
    "epsdiluted": 1.94,
    "weightedAverageShsOut": 327700000,
    "weightedAverageShsOutDil": 331200000,
    "link": "https://www.sec.gov/Archives/edgar/data/1156039/000119312512313785/0001193125-12-313785-index.htm",
    "finalLink": "https://www.sec.gov/Archives/edgar/data/1156039/000119312512313785/d383349d10q.htm"
  },
  {
    "date": "2012-03-31",
    "symbol": "ELV",
    "reportedCurrency": "USD",
    "cik": "0001156039",
    "fillingDate": "2012-04-25",
    "acceptedDate": "2012-04-25 16:51:07",
    "calendarYear": "2012",
    "period": "Q1",
    "revenue": 15415200000,
    "costOfRevenue": 0,
    "grossProfit": 15415200000,
    "grossProfitRatio": 1,
    "researchAndDevelopmentExpenses": 0,
    "generalAndAdministrativeExpenses": 1772400000,
    "sellingAndMarketingExpenses": 393300000,
    "sellingGeneralAndAdministrativeExpenses": 2165700000,
    "otherExpenses": 11939700000,
    "operatingExpenses": 14105400000,
    "costAndExpenses": 14105400000,
    "interestIncome": 0,
    "interestExpense": 109100000,
    "depreciationAndAmortization": 178700000,
    "ebitda": 1597600000,
    "ebitdaratio": 0.1036379677,
    "operatingIncome": 1309800000,
    "operatingIncomeRatio": 0.0849680835,
    "totalOtherIncomeExpensesNet": 0,
    "incomeBeforeTax": 1309800000,
    "incomeBeforeTaxRatio": 0.0849680835,
    "incomeTaxExpense": 453300000,
    "netIncome": 856500000,
    "netIncomeRatio": 0.0555620427,
    "eps": 2.58,
    "epsdiluted": 2.53,
    "weightedAverageShsOut": 331807383,
    "weightedAverageShsOutDil": 339000000,
    "link": "https://www.sec.gov/Archives/edgar/data/1156039/000119312512182273/0001193125-12-182273-index.htm",
    "finalLink": "https://www.sec.gov/Archives/edgar/data/1156039/000119312512182273/d321993d10q.htm"
  },
  {
    "date": "2011-12-31",
    "symbol": "ELV",
    "reportedCurrency": "USD",
    "cik": "0001156039",
    "fillingDate": "2012-02-22",
    "acceptedDate": "2012-02-22 16:09:42",
    "calendarYear": "2011",
    "period": "Q4",
    "revenue": 15317700000,
    "costOfRevenue": 0,
    "grossProfit": 15317700000,
    "grossProfitRatio": 1,
    "researchAndDevelopmentExpenses": 0,
    "generalAndAdministrativeExpenses": 1817200000,
    "sellingAndMarketingExpenses": 411200000,
    "sellingGeneralAndAdministrativeExpenses": 2228400000,
    "otherExpenses": 12611100000,
    "operatingExpenses": 14839500000,
    "costAndExpenses": 14839500000,
    "interestIncome": 0,
    "interestExpense": 112600000,
    "depreciationAndAmortization": 179800000,
    "ebitda": 770600000,
    "ebitdaratio": 0.0503078138,
    "operatingIncome": 478200000,
    "operatingIncomeRatio": 0.0312187861,
    "totalOtherIncomeExpensesNet": 0,
    "incomeBeforeTax": 478200000,
    "incomeBeforeTaxRatio": 0.0312187861,
    "incomeTaxExpense": 142900000,
    "netIncome": 335300000,
    "netIncomeRatio": 0.0218897093,
    "eps": 1.01,
    "epsdiluted": 0.99,
    "weightedAverageShsOut": 331807383,
    "weightedAverageShsOutDil": 339000000,
    "link": "https://www.sec.gov/Archives/edgar/data/1156039/000119312512072739/0001193125-12-072739-index.htm",
    "finalLink": "https://www.sec.gov/Archives/edgar/data/1156039/000119312512072739/d277395d10k.htm"
  },
  {
    "date": "2011-09-30",
    "symbol": "ELV",
    "reportedCurrency": "USD",
    "cik": "0001156039",
    "fillingDate": "2011-10-26",
    "acceptedDate": "2011-10-26 13:12:32",
    "calendarYear": "2011",
    "period": "Q3",
    "revenue": 15398000000,
    "costOfRevenue": 0,
    "grossProfit": 15398000000,
    "grossProfitRatio": 1,
    "researchAndDevelopmentExpenses": 0,
    "generalAndAdministrativeExpenses": 1716600000,
    "sellingAndMarketingExpenses": 403000000,
    "sellingGeneralAndAdministrativeExpenses": 2119600000,
    "otherExpenses": 12233200000,
    "operatingExpenses": 14352800000,
    "costAndExpenses": 14352800000,
    "interestIncome": 0,
    "interestExpense": 108200000,
    "depreciationAndAmortization": 151900000,
    "ebitda": 1305300000,
    "ebitdaratio": 0.0847707494,
    "operatingIncome": 1045200000,
    "operatingIncomeRatio": 0.0678789453,
    "totalOtherIncomeExpensesNet": 0,
    "incomeBeforeTax": 1045200000,
    "incomeBeforeTaxRatio": 0.0678789453,
    "incomeTaxExpense": 362000000,
    "netIncome": 683200000,
    "netIncomeRatio": 0.0443693986,
    "eps": 1.92,
    "epsdiluted": 1.9,
    "weightedAverageShsOut": 356000000,
    "weightedAverageShsOutDil": 360400000,
    "link": "https://www.sec.gov/Archives/edgar/data/1156039/000119312511281687/0001193125-11-281687-index.htm",
    "finalLink": "https://www.sec.gov/Archives/edgar/data/1156039/000119312511281687/d235859d10q.htm"
  },
  {
    "date": "2011-06-30",
    "symbol": "ELV",
    "reportedCurrency": "USD",
    "cik": "0001156039",
    "fillingDate": "2011-07-27",
    "acceptedDate": "2011-07-27 11:07:03",
    "calendarYear": "2011",
    "period": "Q2",
    "revenue": 15100700000,
    "costOfRevenue": 0,
    "grossProfit": 15100700000,
    "grossProfitRatio": 1,
    "researchAndDevelopmentExpenses": 0,
    "generalAndAdministrativeExpenses": 1605500000,
    "sellingAndMarketingExpenses": 405600000,
    "sellingGeneralAndAdministrativeExpenses": 2011100000,
    "otherExpenses": 12082200000,
    "operatingExpenses": 14093300000,
    "costAndExpenses": 14093300000,
    "interestIncome": 0,
    "interestExpense": 103600000,
    "depreciationAndAmortization": 154800000,
    "ebitda": 1265800000,
    "ebitdaratio": 0.0838239287,
    "operatingIncome": 1007400000,
    "operatingIncomeRatio": 0.0667121392,
    "totalOtherIncomeExpensesNet": 0,
    "incomeBeforeTax": 1007400000,
    "incomeBeforeTaxRatio": 0.0667121392,
    "incomeTaxExpense": 305800000,
    "netIncome": 701600000,
    "netIncomeRatio": 0.0464614223,
    "eps": 1.92,
    "epsdiluted": 1.89,
    "weightedAverageShsOut": 366100000,
    "weightedAverageShsOutDil": 371500000,
    "link": "https://www.sec.gov/Archives/edgar/data/1156039/000119312511198437/0001193125-11-198437-index.htm",
    "finalLink": "https://www.sec.gov/Archives/edgar/data/1156039/000119312511198437/d10q.htm"
  },
  {
    "date": "2011-03-31",
    "symbol": "ELV",
    "reportedCurrency": "USD",
    "cik": "0001156039",
    "fillingDate": "2011-04-27",
    "acceptedDate": "2011-04-27 11:39:51",
    "calendarYear": "2011",
    "period": "Q1",
    "revenue": 14894300000,
    "costOfRevenue": 0,
    "grossProfit": 14894300000,
    "grossProfitRatio": 1,
    "researchAndDevelopmentExpenses": 0,
    "generalAndAdministrativeExpenses": 1679500000,
    "sellingAndMarketingExpenses": 397000000,
    "sellingGeneralAndAdministrativeExpenses": 2076500000,
    "otherExpenses": 11390700000,
    "operatingExpenses": 13467200000,
    "costAndExpenses": 13467200000,
    "interestIncome": 0,
    "interestExpense": 105900000,
    "depreciationAndAmortization": 150700000,
    "ebitda": 1683700000,
    "ebitdaratio": 0.1130432447,
    "operatingIncome": 1427100000,
    "operatingIncomeRatio": 0.0958151776,
    "totalOtherIncomeExpensesNet": 0,
    "incomeBeforeTax": 1427100000,
    "incomeBeforeTaxRatio": 0.0958151776,
    "incomeTaxExpense": 500500000,
    "netIncome": 926600000,
    "netIncomeRatio": 0.0622117186,
    "eps": 2.51,
    "epsdiluted": 2.44,
    "weightedAverageShsOut": 368668482,
    "weightedAverageShsOutDil": 379300000,
    "link": "https://www.sec.gov/Archives/edgar/data/1156039/000119312511111114/0001193125-11-111114-index.htm",
    "finalLink": "https://www.sec.gov/Archives/edgar/data/1156039/000119312511111114/d10q.htm"
  },
  {
    "date": "2010-12-31",
    "symbol": "ELV",
    "reportedCurrency": "USD",
    "cik": "0001156039",
    "fillingDate": "2011-02-17",
    "acceptedDate": "2011-02-17 16:42:39",
    "calendarYear": "2010",
    "period": "Q4",
    "revenue": 14647900000,
    "costOfRevenue": 0,
    "grossProfit": 14647900000,
    "grossProfitRatio": 1,
    "researchAndDevelopmentExpenses": 0,
    "generalAndAdministrativeExpenses": 1963200000,
    "sellingAndMarketingExpenses": 404100000,
    "sellingGeneralAndAdministrativeExpenses": 2367300000,
    "otherExpenses": 11528500000,
    "operatingExpenses": 13895800000,
    "costAndExpenses": 13895800000,
    "interestIncome": 0,
    "interestExpense": 113000000,
    "depreciationAndAmortization": 522600000,
    "ebitda": 1387700000,
    "ebitdaratio": 0.0947371296,
    "operatingIncome": 752100000,
    "operatingIncomeRatio": 0.051345244,
    "totalOtherIncomeExpensesNet": 0,
    "incomeBeforeTax": 752100000,
    "incomeBeforeTaxRatio": 0.051345244,
    "incomeTaxExpense": 203300000,
    "netIncome": 548800000,
    "netIncomeRatio": 0.0374661214,
    "eps": 1.49,
    "epsdiluted": 1.45,
    "weightedAverageShsOut": 368668482,
    "weightedAverageShsOutDil": 379300000,
    "link": "https://www.sec.gov/Archives/edgar/data/1156039/000119312511039172/0001193125-11-039172-index.htm",
    "finalLink": "https://www.sec.gov/Archives/edgar/data/1156039/000119312511039172/d10k.htm"
  },
  {
    "date": "2010-09-30",
    "symbol": "ELV",
    "reportedCurrency": "USD",
    "cik": "0001156039",
    "fillingDate": "2010-11-03",
    "acceptedDate": "2010-11-03 13:55:24",
    "calendarYear": "2010",
    "period": "Q3",
    "revenue": 14572300000,
    "costOfRevenue": 0,
    "grossProfit": 14572300000,
    "grossProfitRatio": 1,
    "researchAndDevelopmentExpenses": 0,
    "generalAndAdministrativeExpenses": 1662500000,
    "sellingAndMarketingExpenses": 400700000,
    "sellingGeneralAndAdministrativeExpenses": 2063200000,
    "otherExpenses": 11372300000,
    "operatingExpenses": 13435500000,
    "costAndExpenses": 13435500000,
    "interestIncome": 0,
    "interestExpense": 106300000,
    "depreciationAndAmortization": 155800000,
    "ebitda": 1398900000,
    "ebitdaratio": 0.0959972002,
    "operatingIncome": 1136800000,
    "operatingIncomeRatio": 0.0780110209,
    "totalOtherIncomeExpensesNet": 0,
    "incomeBeforeTax": 1136800000,
    "incomeBeforeTaxRatio": 0.0780110209,
    "incomeTaxExpense": 397700000,
    "netIncome": 739100000,
    "netIncomeRatio": 0.0507195158,
    "eps": 1.87,
    "epsdiluted": 1.84,
    "weightedAverageShsOut": 394807753,
    "weightedAverageShsOutDil": 402200000,
    "link": "https://www.sec.gov/Archives/edgar/data/1156039/000119312510245878/0001193125-10-245878-index.htm",
    "finalLink": "https://www.sec.gov/Archives/edgar/data/1156039/000119312510245878/d10q.htm"
  },
  {
    "date": "2010-06-30",
    "symbol": "ELV",
    "reportedCurrency": "USD",
    "cik": "0001156039",
    "fillingDate": "2010-07-28",
    "acceptedDate": "2010-07-28 17:01:37",
    "calendarYear": "2010",
    "period": "Q2",
    "revenue": 14431300000,
    "costOfRevenue": 0,
    "grossProfit": 14431300000,
    "grossProfitRatio": 1,
    "researchAndDevelopmentExpenses": 0,
    "generalAndAdministrativeExpenses": 1751600000,
    "sellingAndMarketingExpenses": 403100000,
    "sellingGeneralAndAdministrativeExpenses": 2154700000,
    "otherExpenses": 11147000000,
    "operatingExpenses": 13301700000,
    "costAndExpenses": 13301700000,
    "interestIncome": 0,
    "interestExpense": 100200000,
    "depreciationAndAmortization": 147200000,
    "ebitda": 1377000000,
    "ebitdaratio": 0.0954175992,
    "operatingIncome": 1129600000,
    "operatingIncomeRatio": 0.0782743065,
    "totalOtherIncomeExpensesNet": 0,
    "incomeBeforeTax": 1129600000,
    "incomeBeforeTaxRatio": 0.0782743065,
    "incomeTaxExpense": 407200000,
    "netIncome": 722400000,
    "netIncomeRatio": 0.0500578603,
    "eps": 1.73,
    "epsdiluted": 1.69,
    "weightedAverageShsOut": 441100000,
    "weightedAverageShsOutDil": 441100000,
    "link": "https://www.sec.gov/Archives/edgar/data/1156039/000119312510169193/0001193125-10-169193-index.htm",
    "finalLink": "https://www.sec.gov/Archives/edgar/data/1156039/000119312510169193/d10q.htm"
  },
  {
    "date": "2010-03-31",
    "symbol": "ELV",
    "reportedCurrency": "USD",
    "cik": "0001156039",
    "fillingDate": "2010-04-28",
    "acceptedDate": "2010-04-28 12:15:47",
    "calendarYear": "2010",
    "period": "Q1",
    "revenue": 15072900000,
    "costOfRevenue": 0,
    "grossProfit": 15072900000,
    "grossProfitRatio": 1,
    "researchAndDevelopmentExpenses": 0,
    "generalAndAdministrativeExpenses": 1771700000,
    "sellingAndMarketingExpenses": 402400000,
    "sellingGeneralAndAdministrativeExpenses": 2174100000,
    "otherExpenses": 11563500000,
    "operatingExpenses": 13737600000,
    "costAndExpenses": 13737600000,
    "interestIncome": 0,
    "interestExpense": 99400000,
    "depreciationAndAmortization": 139500000,
    "ebitda": 1574200000,
    "ebitdaratio": 0.1044390927,
    "operatingIncome": 1335300000,
    "operatingIncomeRatio": 0.0885894552,
    "totalOtherIncomeExpensesNet": 0,
    "incomeBeforeTax": 1335300000,
    "incomeBeforeTaxRatio": 0.0885894552,
    "incomeTaxExpense": 458500000,
    "netIncome": 876800000,
    "netIncomeRatio": 0.0581706241,
    "eps": 1.99,
    "epsdiluted": 1.96,
    "weightedAverageShsOut": 441100000,
    "weightedAverageShsOutDil": 446600000,
    "link": "https://www.sec.gov/Archives/edgar/data/1156039/000119312510096170/0001193125-10-096170-index.htm",
    "finalLink": "https://www.sec.gov/Archives/edgar/data/1156039/000119312510096170/d10q.htm"
  },
  {
    "date": "2009-12-31",
    "symbol": "ELV",
    "reportedCurrency": "USD",
    "cik": "0001156039",
    "fillingDate": "2010-02-18",
    "acceptedDate": "2010-02-18 15:30:26",
    "calendarYear": "2009",
    "period": "Q4",
    "revenue": 19046500000,
    "costOfRevenue": 0,
    "grossProfit": 19046500000,
    "grossProfitRatio": 1,
    "researchAndDevelopmentExpenses": 0,
    "generalAndAdministrativeExpenses": 2141900000,
    "sellingAndMarketingExpenses": 411700000,
    "sellingGeneralAndAdministrativeExpenses": 2553600000,
    "otherExpenses": 12153200000,
    "operatingExpenses": 14706800000,
    "costAndExpenses": 14706800000,
    "interestIncome": 0,
    "interestExpense": 103700000,
    "depreciationAndAmortization": 28400000,
    "ebitda": 4471800000,
    "ebitdaratio": 0.2347832935,
    "operatingIncome": 4339700000,
    "operatingIncomeRatio": 0.227847636,
    "totalOtherIncomeExpensesNet": 0,
    "incomeBeforeTax": 4339700000,
    "incomeBeforeTaxRatio": 0.227847636,
    "incomeTaxExpense": 1597900000,
    "netIncome": 2741800000,
    "netIncomeRatio": 0.1439529572,
    "eps": 6.22,
    "epsdiluted": 6.14,
    "weightedAverageShsOut": 441100000,
    "weightedAverageShsOutDil": 446600000,
    "link": "https://www.sec.gov/Archives/edgar/data/1156039/000119312510034180/0001193125-10-034180-index.htm",
    "finalLink": "https://www.sec.gov/Archives/edgar/data/1156039/000119312510034180/d10k.htm"
  },
  {
    "date": "2009-09-30",
    "symbol": "ELV",
    "reportedCurrency": "USD",
    "cik": "0001156039",
    "fillingDate": "2009-10-28",
    "acceptedDate": "2009-10-28 16:14:27",
    "calendarYear": "2009",
    "period": "Q3",
    "revenue": 15425100000,
    "costOfRevenue": 0,
    "grossProfit": 15425100000,
    "grossProfitRatio": 1,
    "researchAndDevelopmentExpenses": 0,
    "generalAndAdministrativeExpenses": 1839700000,
    "sellingAndMarketingExpenses": 420600000,
    "sellingGeneralAndAdministrativeExpenses": 2260300000,
    "otherExpenses": 12047600000,
    "operatingExpenses": 14307900000,
    "costAndExpenses": 14307900000,
    "interestIncome": 0,
    "interestExpense": 110600000,
    "depreciationAndAmortization": 26400000,
    "ebitda": 1254200000,
    "ebitdaratio": 0.0813090353,
    "operatingIncome": 1117200000,
    "operatingIncomeRatio": 0.0724274073,
    "totalOtherIncomeExpensesNet": 0,
    "incomeBeforeTax": 1117200000,
    "incomeBeforeTaxRatio": 0.0724274073,
    "incomeTaxExpense": 387000000,
    "netIncome": 730200000,
    "netIncomeRatio": 0.0473384289,
    "eps": 1.55,
    "epsdiluted": 1.53,
    "weightedAverageShsOut": 471500000,
    "weightedAverageShsOutDil": 476800000,
    "link": "https://www.sec.gov/Archives/edgar/data/1156039/000119312509216157/0001193125-09-216157-index.htm",
    "finalLink": "https://www.sec.gov/Archives/edgar/data/1156039/000119312509216157/d10q.htm"
  },
  {
    "date": "2009-06-30",
    "symbol": "ELV",
    "reportedCurrency": "USD",
    "cik": "0001156039",
    "fillingDate": "2009-07-29",
    "acceptedDate": "2009-07-29 16:42:31",
    "calendarYear": "2009",
    "period": "Q2",
    "revenue": 15413200000,
    "costOfRevenue": 0,
    "grossProfit": 15413200000,
    "grossProfitRatio": 1,
    "researchAndDevelopmentExpenses": 0,
    "generalAndAdministrativeExpenses": 1784700000,
    "sellingAndMarketingExpenses": 421200000,
    "sellingGeneralAndAdministrativeExpenses": 2205900000,
    "otherExpenses": 12154800000,
    "operatingExpenses": 14360700000,
    "costAndExpenses": 14360700000,
    "interestIncome": 0,
    "interestExpense": 117000000,
    "depreciationAndAmortization": 26200000,
    "ebitda": 1195700000,
    "ebitdaratio": 0.0775763631,
    "operatingIncome": 1052500000,
    "operatingIncomeRatio": 0.0682856253,
    "totalOtherIncomeExpensesNet": 0,
    "incomeBeforeTax": 1052500000,
    "incomeBeforeTaxRatio": 0.0682856253,
    "incomeTaxExpense": 359000000,
    "netIncome": 693500000,
    "netIncomeRatio": 0.0449939013,
    "eps": 1.44,
    "epsdiluted": 1.43,
    "weightedAverageShsOut": 496000000,
    "weightedAverageShsOutDil": 496000000,
    "link": "https://www.sec.gov/Archives/edgar/data/1156039/000119312509158214/0001193125-09-158214-index.htm",
    "finalLink": "https://www.sec.gov/Archives/edgar/data/1156039/000119312509158214/d10q.htm"
  },
  {
    "date": "2009-03-31",
    "symbol": "ELV",
    "reportedCurrency": "USD",
    "cik": "0001156039",
    "fillingDate": "2009-04-22",
    "acceptedDate": "2009-04-22 16:25:57",
    "calendarYear": "2009",
    "period": "Q1",
    "revenue": 15143300000,
    "costOfRevenue": 0,
    "grossProfit": 15143300000,
    "grossProfitRatio": 1,
    "researchAndDevelopmentExpenses": 0,
    "generalAndAdministrativeExpenses": 1796900000,
    "sellingAndMarketingExpenses": 432000000,
    "sellingGeneralAndAdministrativeExpenses": 2228900000,
    "otherExpenses": 12020800000,
    "operatingExpenses": 14249700000,
    "costAndExpenses": 14249700000,
    "interestIncome": 0,
    "interestExpense": 116100000,
    "depreciationAndAmortization": 26100000,
    "ebitda": 1035800000,
    "ebitdaratio": 0.0683998864,
    "operatingIncome": 893600000,
    "operatingIncomeRatio": 0.059009595,
    "totalOtherIncomeExpensesNet": 0,
    "incomeBeforeTax": 893600000,
    "incomeBeforeTaxRatio": 0.059009595,
    "incomeTaxExpense": 313200000,
    "netIncome": 580400000,
    "netIncomeRatio": 0.038327181,
    "eps": 1.17,
    "epsdiluted": 1.16,
    "weightedAverageShsOut": 496000000,
    "weightedAverageShsOutDil": 498200000,
    "link": "https://www.sec.gov/Archives/edgar/data/1156039/000119312509084590/0001193125-09-084590-index.htm",
    "finalLink": "https://www.sec.gov/Archives/edgar/data/1156039/000119312509084590/d10q.htm"
  },
  {
    "date": "2008-12-31",
    "symbol": "ELV",
    "reportedCurrency": "USD",
    "cik": "0001156039",
    "fillingDate": "2009-02-19",
    "acceptedDate": "2009-02-19 15:37:06",
    "calendarYear": "2008",
    "period": "Q4",
    "revenue": 15069600000,
    "costOfRevenue": 0,
    "grossProfit": 15069600000,
    "grossProfitRatio": 1,
    "researchAndDevelopmentExpenses": 0,
    "generalAndAdministrativeExpenses": 1892300000,
    "sellingAndMarketingExpenses": 440800000,
    "sellingGeneralAndAdministrativeExpenses": 2333100000,
    "otherExpenses": 12228700000,
    "operatingExpenses": 14561800000,
    "costAndExpenses": 14561800000,
    "interestIncome": 0,
    "interestExpense": 115900000,
    "depreciationAndAmortization": 26700000,
    "ebitda": 650400000,
    "ebitdaratio": 0.0431597388,
    "operatingIncome": 507800000,
    "operatingIncomeRatio": 0.0336969793,
    "totalOtherIncomeExpensesNet": 0,
    "incomeBeforeTax": 507800000,
    "incomeBeforeTaxRatio": 0.0336969793,
    "incomeTaxExpense": 176400000,
    "netIncome": 331400000,
    "netIncomeRatio": 0.0219912937,
    "eps": 0.67,
    "epsdiluted": 0.67,
    "weightedAverageShsOut": 496000000,
    "weightedAverageShsOutDil": 498200000,
    "link": "https://www.sec.gov/Archives/edgar/data/1156039/000119312509033022/0001193125-09-033022-index.htm",
    "finalLink": "https://www.sec.gov/Archives/edgar/data/1156039/000119312509033022/d10k.htm"
  },
  {
    "date": "2008-09-30",
    "symbol": "ELV",
    "reportedCurrency": "USD",
    "cik": "0001156039",
    "fillingDate": "2008-10-22",
    "acceptedDate": "2008-10-22 15:32:18",
    "calendarYear": "2008",
    "period": "Q3",
    "revenue": 14961000000,
    "costOfRevenue": 0,
    "grossProfit": 14961000000,
    "grossProfitRatio": 1,
    "researchAndDevelopmentExpenses": 0,
    "generalAndAdministrativeExpenses": 1772000000,
    "sellingAndMarketingExpenses": 448200000,
    "sellingGeneralAndAdministrativeExpenses": 2220200000,
    "otherExpenses": 12191400000,
    "operatingExpenses": 14411600000,
    "costAndExpenses": 14411600000,
    "interestIncome": 0,
    "interestExpense": 118400000,
    "depreciationAndAmortization": 26800000,
    "ebitda": 694600000,
    "ebitdaratio": 0.0464273778,
    "operatingIncome": 549400000,
    "operatingIncomeRatio": 0.0367221442,
    "totalOtherIncomeExpensesNet": 0,
    "incomeBeforeTax": 549400000,
    "incomeBeforeTaxRatio": 0.0367221442,
    "incomeTaxExpense": -271300000,
    "netIncome": 820700000,
    "netIncomeRatio": 0.0548559588,
    "eps": 1.6,
    "epsdiluted": 1.6,
    "weightedAverageShsOut": 513500000,
    "weightedAverageShsOutDil": 535440000,
    "link": "https://www.sec.gov/Archives/edgar/data/1156039/000119312508214377/0001193125-08-214377-index.htm",
    "finalLink": "https://www.sec.gov/Archives/edgar/data/1156039/000119312508214377/d10q.htm"
  },
  {
    "date": "2008-06-30",
    "symbol": "ELV",
    "reportedCurrency": "USD",
    "cik": "0001156039",
    "fillingDate": "2008-07-23",
    "acceptedDate": "2008-07-23 16:05:19",
    "calendarYear": "2008",
    "period": "Q2",
    "revenue": 15666800000,
    "costOfRevenue": 0,
    "grossProfit": 15666800000,
    "grossProfitRatio": 1,
    "researchAndDevelopmentExpenses": 0,
    "generalAndAdministrativeExpenses": 1773500000,
    "sellingAndMarketingExpenses": 445100000,
    "sellingGeneralAndAdministrativeExpenses": 2218600000,
    "otherExpenses": 12262200000,
    "operatingExpenses": 14480800000,
    "costAndExpenses": 14480800000,
    "interestIncome": 0,
    "interestExpense": 116500000,
    "depreciationAndAmortization": 26100000,
    "ebitda": 1328600000,
    "ebitdaratio": 0.0848035336,
    "operatingIncome": 1186000000,
    "operatingIncomeRatio": 0.0757014834,
    "totalOtherIncomeExpensesNet": 0,
    "incomeBeforeTax": 1186000000,
    "incomeBeforeTaxRatio": 0.0757014834,
    "incomeTaxExpense": 435500000,
    "netIncome": 750500000,
    "netIncomeRatio": 0.0479038476,
    "eps": 1.44,
    "epsdiluted": 1.44,
    "weightedAverageShsOut": 519700000,
    "weightedAverageShsOutDil": 522600000,
    "link": "https://www.sec.gov/Archives/edgar/data/1156039/000119312508156255/0001193125-08-156255-index.htm",
    "finalLink": "https://www.sec.gov/Archives/edgar/data/1156039/000119312508156255/d10q.htm"
  },
  {
    "date": "2008-03-31",
    "symbol": "ELV",
    "reportedCurrency": "USD",
    "cik": "0001156039",
    "fillingDate": "2008-04-23",
    "acceptedDate": "2008-04-23 14:41:14",
    "calendarYear": "2008",
    "period": "Q1",
    "revenue": 15553700000,
    "costOfRevenue": 0,
    "grossProfit": 15553700000,
    "grossProfitRatio": 1,
    "researchAndDevelopmentExpenses": 0,
    "generalAndAdministrativeExpenses": 1804300000,
    "sellingAndMarketingExpenses": 444300000,
    "sellingGeneralAndAdministrativeExpenses": 2248600000,
    "otherExpenses": 12425900000,
    "operatingExpenses": 14674500000,
    "costAndExpenses": 14674500000,
    "interestIncome": 0,
    "interestExpense": 119000000,
    "depreciationAndAmortization": 25800000,
    "ebitda": 1024000000,
    "ebitdaratio": 0.0658364248,
    "operatingIncome": 879200000,
    "operatingIncomeRatio": 0.0565267428,
    "totalOtherIncomeExpensesNet": 0,
    "incomeBeforeTax": 879200000,
    "incomeBeforeTaxRatio": 0.0565267428,
    "incomeTaxExpense": 291100000,
    "netIncome": 588100000,
    "netIncomeRatio": 0.0378109389,
    "eps": 1.08,
    "epsdiluted": 1.07,
    "weightedAverageShsOut": 542700000,
    "weightedAverageShsOutDil": 547600000,
    "link": "https://www.sec.gov/Archives/edgar/data/1156039/000119312508087834/0001193125-08-087834-index.htm",
    "finalLink": "https://www.sec.gov/Archives/edgar/data/1156039/000119312508087834/d10q.htm"
  },
  {
    "date": "2007-12-31",
    "symbol": "ELV",
    "reportedCurrency": "USD",
    "cik": "0001156039",
    "fillingDate": "2008-02-21",
    "acceptedDate": "2008-02-21 16:59:37",
    "calendarYear": "2007",
    "period": "Q4",
    "revenue": 15561400000,
    "costOfRevenue": 0,
    "grossProfit": 15561400000,
    "grossProfitRatio": 1,
    "researchAndDevelopmentExpenses": 0,
    "generalAndAdministrativeExpenses": 1686300000,
    "sellingAndMarketingExpenses": 433400000,
    "sellingGeneralAndAdministrativeExpenses": 2119700000,
    "otherExpenses": 12118900000,
    "operatingExpenses": 14238600000,
    "costAndExpenses": 14238600000,
    "interestIncome": 0,
    "interestExpense": 125300000,
    "depreciationAndAmortization": 144100000,
    "ebitda": 1592200000,
    "ebitdaratio": 0.1023172722,
    "operatingIncome": 1322800000,
    "operatingIncomeRatio": 0.0850052052,
    "totalOtherIncomeExpensesNet": 0,
    "incomeBeforeTax": 1322800000,
    "incomeBeforeTaxRatio": 0.0850052052,
    "incomeTaxExpense": 463700000,
    "netIncome": 859100000,
    "netIncomeRatio": 0.055207115,
    "eps": 1.58,
    "epsdiluted": 1.56,
    "weightedAverageShsOut": 544537037,
    "weightedAverageShsOutDil": 549626168,
    "link": "https://www.sec.gov/Archives/edgar/data/1156039/000119312508035367/0001193125-08-035367-index.htm",
    "finalLink": "https://www.sec.gov/Archives/edgar/data/1156039/000119312508035367/d10k.htm"
  },
  {
    "date": "2007-09-30",
    "symbol": "ELV",
    "reportedCurrency": "USD",
    "cik": "0001156039",
    "fillingDate": "2007-10-24",
    "acceptedDate": "2007-10-24 16:26:40",
    "calendarYear": "2007",
    "period": "Q3",
    "revenue": 15242000000,
    "costOfRevenue": 0,
    "grossProfit": 15242000000,
    "grossProfitRatio": 1,
    "researchAndDevelopmentExpenses": 0,
    "generalAndAdministrativeExpenses": 1759100000,
    "sellingAndMarketingExpenses": 430800000,
    "sellingGeneralAndAdministrativeExpenses": 2189900000,
    "otherExpenses": 11680700000,
    "operatingExpenses": 13870600000,
    "costAndExpenses": 13870600000,
    "interestIncome": 0,
    "interestExpense": 119600000,
    "depreciationAndAmortization": 28400000,
    "ebitda": 1519400000,
    "ebitdaratio": 0.0996850807,
    "operatingIncome": 1371400000,
    "operatingIncomeRatio": 0.0899750689,
    "totalOtherIncomeExpensesNet": 0,
    "incomeBeforeTax": 1371400000,
    "incomeBeforeTaxRatio": 0.0899750689,
    "incomeTaxExpense": 503400000,
    "netIncome": 868000000,
    "netIncomeRatio": 0.0569479071,
    "eps": 1.47,
    "epsdiluted": 1.45,
    "weightedAverageShsOut": 589800000,
    "weightedAverageShsOutDil": 597000000,
    "link": "https://www.sec.gov/Archives/edgar/data/1156039/000119312507224760/0001193125-07-224760-index.htm",
    "finalLink": "https://www.sec.gov/Archives/edgar/data/1156039/000119312507224760/d10q.htm"
  },
  {
    "date": "2007-06-30",
    "symbol": "ELV",
    "reportedCurrency": "USD",
    "cik": "0001156039",
    "fillingDate": "2007-07-25",
    "acceptedDate": "2007-07-25 14:57:10",
    "calendarYear": "2007",
    "period": "Q2",
    "revenue": 15267900000,
    "costOfRevenue": 0,
    "grossProfit": 15267900000,
    "grossProfitRatio": 1,
    "researchAndDevelopmentExpenses": 0,
    "generalAndAdministrativeExpenses": 1830700000,
    "sellingAndMarketingExpenses": 429600000,
    "sellingGeneralAndAdministrativeExpenses": 2260300000,
    "otherExpenses": 11690300000,
    "operatingExpenses": 13950600000,
    "costAndExpenses": 13950600000,
    "interestIncome": 0,
    "interestExpense": 100100000,
    "depreciationAndAmortization": 31300000,
    "ebitda": 1448700000,
    "ebitdaratio": 0.0948853477,
    "operatingIncome": 1317300000,
    "operatingIncomeRatio": 0.0862790561,
    "totalOtherIncomeExpensesNet": 0,
    "incomeBeforeTax": 1317300000,
    "incomeBeforeTaxRatio": 0.0862790561,
    "incomeTaxExpense": 482100000,
    "netIncome": 835200000,
    "netIncomeRatio": 0.0547030043,
    "eps": 1.37,
    "epsdiluted": 1.35,
    "weightedAverageShsOut": 609635036,
    "weightedAverageShsOutDil": 618666667,
    "link": "https://www.sec.gov/Archives/edgar/data/1156039/000119312507161609/0001193125-07-161609-index.htm",
    "finalLink": "https://www.sec.gov/Archives/edgar/data/1156039/000119312507161609/d10q.htm"
  },
  {
    "date": "2007-03-31",
    "symbol": "ELV",
    "reportedCurrency": "USD",
    "cik": "0001156039",
    "fillingDate": "2007-04-25",
    "acceptedDate": "2007-04-25 16:54:52",
    "calendarYear": "2007",
    "period": "Q1",
    "revenue": 15088000000,
    "costOfRevenue": 0,
    "grossProfit": 15088000000,
    "grossProfitRatio": 1,
    "researchAndDevelopmentExpenses": 0,
    "generalAndAdministrativeExpenses": 1708600000,
    "sellingAndMarketingExpenses": 423000000,
    "sellingGeneralAndAdministrativeExpenses": 2131600000,
    "otherExpenses": 11710000000,
    "operatingExpenses": 13841600000,
    "costAndExpenses": 13841600000,
    "interestIncome": 0,
    "interestExpense": 102900000,
    "depreciationAndAmortization": 31700000,
    "ebitda": 1381000000,
    "ebitdaratio": 0.0915296925,
    "operatingIncome": 1246400000,
    "operatingIncomeRatio": 0.0826086957,
    "totalOtherIncomeExpensesNet": 0,
    "incomeBeforeTax": 1246400000,
    "incomeBeforeTaxRatio": 0.0826086957,
    "incomeTaxExpense": 463300000,
    "netIncome": 783100000,
    "netIncomeRatio": 0.0519021739,
    "eps": 1.28,
    "epsdiluted": 1.26,
    "weightedAverageShsOut": 611796875,
    "weightedAverageShsOutDil": 621507937,
    "link": "https://www.sec.gov/Archives/edgar/data/1156039/000119312507090286/0001193125-07-090286-index.htm",
    "finalLink": "https://www.sec.gov/Archives/edgar/data/1156039/000119312507090286/d10q.htm"
  },
  {
    "date": "2006-12-31",
    "symbol": "ELV",
    "reportedCurrency": "USD",
    "cik": "0001156039",
    "fillingDate": "2007-02-26",
    "acceptedDate": "2007-02-26 17:15:01",
    "calendarYear": "2006",
    "period": "Q4",
    "revenue": 14555500000,
    "costOfRevenue": 0,
    "grossProfit": 14555500000,
    "grossProfitRatio": 1,
    "researchAndDevelopmentExpenses": 0,
    "generalAndAdministrativeExpenses": 1830100000,
    "sellingAndMarketingExpenses": 424200000,
    "sellingGeneralAndAdministrativeExpenses": 2254300000,
    "otherExpenses": 11017400000,
    "operatingExpenses": 13271700000,
    "costAndExpenses": 13271700000,
    "interestIncome": 0,
    "interestExpense": 100000000,
    "depreciationAndAmortization": 154700000,
    "ebitda": 1538500000,
    "ebitdaratio": 0.1056988767,
    "operatingIncome": 1283800000,
    "operatingIncomeRatio": 0.0882003366,
    "totalOtherIncomeExpensesNet": 0,
    "incomeBeforeTax": 1283800000,
    "incomeBeforeTaxRatio": 0.0882003366,
    "incomeTaxExpense": 482700000,
    "netIncome": 801100000,
    "netIncomeRatio": 0.0550376146,
    "eps": 1.31,
    "epsdiluted": 1.29,
    "weightedAverageShsOut": 611796875,
    "weightedAverageShsOutDil": 621507937,
    "link": "https://www.sec.gov/Archives/edgar/data/1156039/000119312507039867/0001193125-07-039867-index.htm",
    "finalLink": "https://www.sec.gov/Archives/edgar/data/1156039/000119312507039867/d10k.htm"
  },
  {
    "date": "2006-09-30",
    "symbol": "ELV",
    "reportedCurrency": "USD",
    "cik": "0001156039",
    "fillingDate": "2006-10-25",
    "acceptedDate": "2006-10-25 15:49:12",
    "calendarYear": "2006",
    "period": "Q3",
    "revenue": 14449400000,
    "costOfRevenue": 0,
    "grossProfit": 14449400000,
    "grossProfitRatio": 1,
    "researchAndDevelopmentExpenses": 0,
    "generalAndAdministrativeExpenses": 1783000000,
    "sellingAndMarketingExpenses": 415700000,
    "sellingGeneralAndAdministrativeExpenses": 2198700000,
    "otherExpenses": 10996100000,
    "operatingExpenses": 13194800000,
    "costAndExpenses": 13194800000,
    "interestIncome": 0,
    "interestExpense": 105600000,
    "depreciationAndAmortization": 151600000,
    "ebitda": 1511800000,
    "ebitdaratio": 0.1046271818,
    "operatingIncome": 1254600000,
    "operatingIncomeRatio": 0.0868271347,
    "totalOtherIncomeExpensesNet": 0,
    "incomeBeforeTax": 1254600000,
    "incomeBeforeTaxRatio": 0.0868271347,
    "incomeTaxExpense": 443800000,
    "netIncome": 810800000,
    "netIncomeRatio": 0.0561130566,
    "eps": 1.31,
    "epsdiluted": 1.29,
    "weightedAverageShsOut": 618931298,
    "weightedAverageShsOutDil": 628527132,
    "link": "https://www.sec.gov/Archives/edgar/data/1156039/000119312506214673/0001193125-06-214673-index.htm",
    "finalLink": "https://www.sec.gov/Archives/edgar/data/1156039/000119312506214673/d10q.htm"
  },
  {
    "date": "2006-06-30",
    "symbol": "ELV",
    "reportedCurrency": "USD",
    "cik": "0001156039",
    "fillingDate": "2006-07-26",
    "acceptedDate": "2006-07-26 15:20:02",
    "calendarYear": "2006",
    "period": "Q2",
    "revenue": 14171100000,
    "costOfRevenue": 0,
    "grossProfit": 14171100000,
    "grossProfitRatio": 1,
    "researchAndDevelopmentExpenses": 0,
    "generalAndAdministrativeExpenses": 1778900000,
    "sellingAndMarketingExpenses": 413200000,
    "sellingGeneralAndAdministrativeExpenses": 2192100000,
    "otherExpenses": 10775700000,
    "operatingExpenses": 12967800000,
    "costAndExpenses": 12967800000,
    "interestIncome": 0,
    "interestExpense": 103900000,
    "depreciationAndAmortization": 263700000,
    "ebitda": 1570900000,
    "ebitdaratio": 0.1108523686,
    "operatingIncome": 1203300000,
    "operatingIncomeRatio": 0.084912251,
    "totalOtherIncomeExpensesNet": 0,
    "incomeBeforeTax": 1203300000,
    "incomeBeforeTaxRatio": 0.084912251,
    "incomeTaxExpense": 452100000,
    "netIncome": 751200000,
    "netIncomeRatio": 0.0530092936,
    "eps": 1.2,
    "epsdiluted": 1.17,
    "weightedAverageShsOut": 626000000,
    "weightedAverageShsOutDil": 642051282,
    "link": "https://www.sec.gov/Archives/edgar/data/1156039/000119312506153668/0001193125-06-153668-index.htm",
    "finalLink": "https://www.sec.gov/Archives/edgar/data/1156039/000119312506153668/d10q.htm"
  },
  {
    "date": "2006-03-31",
    "symbol": "ELV",
    "reportedCurrency": "USD",
    "cik": "0001156039",
    "fillingDate": "2006-04-26",
    "acceptedDate": "2006-04-26 16:44:00",
    "calendarYear": "2006",
    "period": "Q1",
    "revenue": 13838500000,
    "costOfRevenue": 0,
    "grossProfit": 13838500000,
    "grossProfitRatio": 1,
    "researchAndDevelopmentExpenses": 0,
    "generalAndAdministrativeExpenses": 1771200000,
    "sellingAndMarketingExpenses": 401400000,
    "sellingGeneralAndAdministrativeExpenses": 2172600000,
    "otherExpenses": 10493200000,
    "operatingExpenses": 12665800000,
    "costAndExpenses": 12665800000,
    "interestIncome": 0,
    "interestExpense": 94000000,
    "depreciationAndAmortization": 34900000,
    "ebitda": 1301600000,
    "ebitdaratio": 0.0940564368,
    "operatingIncome": 1172700000,
    "operatingIncomeRatio": 0.0847418434,
    "totalOtherIncomeExpensesNet": 0,
    "incomeBeforeTax": 1172700000,
    "incomeBeforeTaxRatio": 0.0847418434,
    "incomeTaxExpense": 440900000,
    "netIncome": 731800000,
    "netIncomeRatio": 0.0528814539,
    "eps": 1.12,
    "epsdiluted": 1.09,
    "weightedAverageShsOut": 653392857,
    "weightedAverageShsOutDil": 671376147,
    "link": "https://www.sec.gov/Archives/edgar/data/1156039/000119312506089455/0001193125-06-089455-index.htm",
    "finalLink": "https://www.sec.gov/Archives/edgar/data/1156039/000119312506089455/d10q.htm"
  },
  {
    "date": "2005-12-31",
    "symbol": "ELV",
    "reportedCurrency": "USD",
    "cik": "0001156039",
    "fillingDate": "2006-02-23",
    "acceptedDate": "2006-02-23 16:12:36",
    "calendarYear": "2005",
    "period": "Q4",
    "revenue": 11432300000,
    "costOfRevenue": 0,
    "grossProfit": 11432300000,
    "grossProfitRatio": 1,
    "researchAndDevelopmentExpenses": 0,
    "generalAndAdministrativeExpenses": 1486400000,
    "sellingAndMarketingExpenses": 376500000,
    "sellingGeneralAndAdministrativeExpenses": 1862900000,
    "otherExpenses": 8528000000,
    "operatingExpenses": 10390900000,
    "costAndExpenses": 10390900000,
    "interestIncome": 0,
    "interestExpense": 58000000,
    "depreciationAndAmortization": 156500000,
    "ebitda": 1255900000,
    "ebitdaratio": 0.1098554097,
    "operatingIncome": 1041400000,
    "operatingIncomeRatio": 0.091092781,
    "totalOtherIncomeExpensesNet": 0,
    "incomeBeforeTax": 1041400000,
    "incomeBeforeTaxRatio": 0.091092781,
    "incomeTaxExpense": 389400000,
    "netIncome": 652000000,
    "netIncomeRatio": 0.0570313935,
    "eps": 1,
    "epsdiluted": 0.97,
    "weightedAverageShsOut": 653392857,
    "weightedAverageShsOutDil": 671376147,
    "link": "https://www.sec.gov/Archives/edgar/data/1156039/000119312506037706/0001193125-06-037706-index.htm",
    "finalLink": "https://www.sec.gov/Archives/edgar/data/1156039/000119312506037706/d10k.htm"
  },
  {
    "date": "2005-09-30",
    "symbol": "ELV",
    "reportedCurrency": "USD",
    "cik": "0001156039",
    "fillingDate": "2005-10-26",
    "acceptedDate": "2005-10-26 17:27:24",
    "calendarYear": "2005",
    "period": "Q3",
    "revenue": 11156900000,
    "costOfRevenue": 0,
    "grossProfit": 11156900000,
    "grossProfitRatio": 1,
    "researchAndDevelopmentExpenses": 0,
    "generalAndAdministrativeExpenses": 1477200000,
    "sellingAndMarketingExpenses": 370600000,
    "sellingGeneralAndAdministrativeExpenses": 1847800000,
    "otherExpenses": 8285700000,
    "operatingExpenses": 10133500000,
    "costAndExpenses": 10133500000,
    "interestIncome": 0,
    "interestExpense": 56100000,
    "depreciationAndAmortization": 29800000,
    "ebitda": 1109300000,
    "ebitdaratio": 0.0994272603,
    "operatingIncome": 1023400000,
    "operatingIncomeRatio": 0.091727989,
    "totalOtherIncomeExpensesNet": 0,
    "incomeBeforeTax": 1023400000,
    "incomeBeforeTaxRatio": 0.091727989,
    "incomeTaxExpense": 382700000,
    "netIncome": 640700000,
    "netIncomeRatio": 0.057426346,
    "eps": 1.05,
    "epsdiluted": 1.02,
    "weightedAverageShsOut": 610190476,
    "weightedAverageShsOutDil": 628137255,
    "link": "https://www.sec.gov/Archives/edgar/data/1156039/000119312505208945/0001193125-05-208945-index.htm",
    "finalLink": "https://www.sec.gov/Archives/edgar/data/1156039/000119312505208945/d10q.htm"
  },
  {
    "date": "2005-06-30",
    "symbol": "ELV",
    "reportedCurrency": "USD",
    "cik": "0001156039",
    "fillingDate": "2005-07-27",
    "acceptedDate": "2005-07-27 16:55:16",
    "calendarYear": "2005",
    "period": "Q2",
    "revenue": 11149000000,
    "costOfRevenue": 0,
    "grossProfit": 11149000000,
    "grossProfitRatio": 1,
    "researchAndDevelopmentExpenses": 0,
    "generalAndAdministrativeExpenses": 1465300000,
    "sellingAndMarketingExpenses": 367600000,
    "sellingGeneralAndAdministrativeExpenses": 1832900000,
    "otherExpenses": 8419500000,
    "operatingExpenses": 10252400000,
    "costAndExpenses": 10252400000,
    "interestIncome": 0,
    "interestExpense": 58900000,
    "depreciationAndAmortization": 36400000,
    "ebitda": 991900000,
    "ebitdaratio": 0.0889676204,
    "operatingIncome": 896600000,
    "operatingIncomeRatio": 0.0804197686,
    "totalOtherIncomeExpensesNet": 0,
    "incomeBeforeTax": 896600000,
    "incomeBeforeTaxRatio": 0.0804197686,
    "incomeTaxExpense": 337200000,
    "netIncome": 559400000,
    "netIncomeRatio": 0.0501749036,
    "eps": 0.92,
    "epsdiluted": 0.9,
    "weightedAverageShsOut": 608043478,
    "weightedAverageShsOutDil": 621555556,
    "link": "https://www.sec.gov/Archives/edgar/data/1156039/000119312505150061/0001193125-05-150061-index.htm",
    "finalLink": "https://www.sec.gov/Archives/edgar/data/1156039/000119312505150061/d10q.htm"
  },
  {
    "date": "2005-03-31",
    "symbol": "ELV",
    "reportedCurrency": "USD",
    "cik": "0001156039",
    "fillingDate": "2005-05-04",
    "acceptedDate": "2005-05-04 15:38:11",
    "calendarYear": "2005",
    "period": "Q1",
    "revenue": 10943100000,
    "costOfRevenue": 0,
    "grossProfit": 10943100000,
    "grossProfitRatio": 1,
    "researchAndDevelopmentExpenses": 0,
    "generalAndAdministrativeExpenses": 1369600000,
    "sellingAndMarketingExpenses": 359500000,
    "sellingGeneralAndAdministrativeExpenses": 1729100000,
    "otherExpenses": 8285100000,
    "operatingExpenses": 10014200000,
    "costAndExpenses": 10014200000,
    "interestIncome": 0,
    "interestExpense": 53200000,
    "depreciationAndAmortization": 23100000,
    "ebitda": 1005200000,
    "ebitdaratio": 0.0918569692,
    "operatingIncome": 928900000,
    "operatingIncomeRatio": 0.0848845391,
    "totalOtherIncomeExpensesNet": 0,
    "incomeBeforeTax": 928900000,
    "incomeBeforeTaxRatio": 0.0848845391,
    "incomeTaxExpense": 317200000,
    "netIncome": 611700000,
    "netIncomeRatio": 0.0558982372,
    "eps": 1.01,
    "epsdiluted": 0.98,
    "weightedAverageShsOut": 605643564,
    "weightedAverageShsOutDil": 624183673,
    "link": "https://www.sec.gov/Archives/edgar/data/1156039/000119312505095619/0001193125-05-095619-index.htm",
    "finalLink": "https://www.sec.gov/Archives/edgar/data/1156039/000119312505095619/d10q.htm"
  },
  {
    "date": "2004-12-31",
    "symbol": "ELV",
    "reportedCurrency": "USD",
    "cik": "0001156039",
    "fillingDate": "2005-03-14",
    "acceptedDate": "2005-03-14 15:46:56",
    "calendarYear": "2004",
    "period": "Q4",
    "revenue": 6833500000,
    "costOfRevenue": 0,
    "grossProfit": 6833500000,
    "grossProfitRatio": 1,
    "researchAndDevelopmentExpenses": 0,
    "generalAndAdministrativeExpenses": 563000000,
    "sellingAndMarketingExpenses": 537200000,
    "sellingGeneralAndAdministrativeExpenses": 1100200000,
    "otherExpenses": 5419900000,
    "operatingExpenses": 6520100000,
    "costAndExpenses": 6520100000,
    "interestIncome": 0,
    "interestExpense": 44900000,
    "depreciationAndAmortization": 98100000,
    "ebitda": 456400000,
    "ebitdaratio": 0.0667886149,
    "operatingIncome": 313400000,
    "operatingIncomeRatio": 0.045862296,
    "totalOtherIncomeExpensesNet": 0,
    "incomeBeforeTax": 313400000,
    "incomeBeforeTaxRatio": 0.045862296,
    "incomeTaxExpense": 131500000,
    "netIncome": 184500000,
    "netIncomeRatio": 0.0269993415,
    "eps": 0.3,
    "epsdiluted": 0.3,
    "weightedAverageShsOut": 612489242,
    "weightedAverageShsOutDil": 612489242,
    "link": "https://www.sec.gov/Archives/edgar/data/1156039/000119312505049418/0001193125-05-049418-index.htm",
    "finalLink": "https://www.sec.gov/Archives/edgar/data/1156039/000119312505049418/d10k.htm"
  },
  {
    "date": "2004-09-30",
    "symbol": "ELV",
    "reportedCurrency": "USD",
    "cik": "0001156039",
    "fillingDate": "2004-10-27",
    "acceptedDate": "2004-10-27 15:57:39",
    "calendarYear": "2004",
    "period": "Q3",
    "revenue": 4807200000,
    "costOfRevenue": 0,
    "grossProfit": 4807200000,
    "grossProfitRatio": 1,
    "researchAndDevelopmentExpenses": 0,
    "generalAndAdministrativeExpenses": 665700000,
    "sellingAndMarketingExpenses": 116900000,
    "sellingGeneralAndAdministrativeExpenses": 782600000,
    "otherExpenses": 3652200000,
    "operatingExpenses": 4434800000,
    "costAndExpenses": 4434800000,
    "interestIncome": 0,
    "interestExpense": 32900000,
    "depreciationAndAmortization": -26200000,
    "ebitda": 379100000,
    "ebitdaratio": 0.0788608754,
    "operatingIncome": 372400000,
    "operatingIncomeRatio": 0.0774671326,
    "totalOtherIncomeExpensesNet": 0,
    "incomeBeforeTax": 372400000,
    "incomeBeforeTaxRatio": 0.0774671326,
    "incomeTaxExpense": 130300000,
    "netIncome": 242100000,
    "netIncomeRatio": 0.0503619571,
    "eps": 0.87,
    "epsdiluted": 0.85,
    "weightedAverageShsOut": 278275862,
    "weightedAverageShsOutDil": 284823529,
    "link": "https://www.sec.gov/Archives/edgar/data/1156039/000119312504179321/0001193125-04-179321-index.htm",
    "finalLink": "https://www.sec.gov/Archives/edgar/data/1156039/000119312504179321/d10q.htm"
  },
  {
    "date": "2004-06-30",
    "symbol": "ELV",
    "reportedCurrency": "USD",
    "cik": "0001156039",
    "fillingDate": "2004-08-05",
    "acceptedDate": "2004-08-05 15:18:33",
    "calendarYear": "2004",
    "period": "Q2",
    "revenue": 4607900000,
    "costOfRevenue": 0,
    "grossProfit": 4607900000,
    "grossProfitRatio": 1,
    "researchAndDevelopmentExpenses": 0,
    "generalAndAdministrativeExpenses": 677600000,
    "sellingAndMarketingExpenses": 112100000,
    "sellingGeneralAndAdministrativeExpenses": 789700000,
    "otherExpenses": 3455600000,
    "operatingExpenses": 4245300000,
    "costAndExpenses": 4245300000,
    "interestIncome": 0,
    "interestExpense": 32200000,
    "depreciationAndAmortization": 62700000,
    "ebitda": 457500000,
    "ebitdaratio": 0.0992860088,
    "operatingIncome": 362600000,
    "operatingIncomeRatio": 0.0786909438,
    "totalOtherIncomeExpensesNet": 0,
    "incomeBeforeTax": 362600000,
    "incomeBeforeTaxRatio": 0.0786909438,
    "incomeTaxExpense": 124700000,
    "netIncome": 237900000,
    "netIncomeRatio": 0.0516287246,
    "eps": 0.86,
    "epsdiluted": 0.83,
    "weightedAverageShsOut": 276627907,
    "weightedAverageShsOutDil": 286626506,
    "link": "https://www.sec.gov/Archives/edgar/data/1156039/000119312504132557/0001193125-04-132557-index.htm",
    "finalLink": "https://www.sec.gov/Archives/edgar/data/1156039/000119312504132557/d10q.htm"
  },
  {
    "date": "2004-03-31",
    "symbol": "ELV",
    "reportedCurrency": "USD",
    "cik": "0001156039",
    "fillingDate": "2004-04-28",
    "acceptedDate": "2004-04-28 16:25:08",
    "calendarYear": "2004",
    "period": "Q1",
    "revenue": 4573800000,
    "costOfRevenue": 0,
    "grossProfit": 4573800000,
    "grossProfitRatio": 1,
    "researchAndDevelopmentExpenses": 0,
    "generalAndAdministrativeExpenses": 654000000,
    "sellingAndMarketingExpenses": 111000000,
    "sellingGeneralAndAdministrativeExpenses": 765000000,
    "otherExpenses": 3417900000,
    "operatingExpenses": 4182900000,
    "costAndExpenses": 4182900000,
    "interestIncome": 0,
    "interestExpense": 32300000,
    "depreciationAndAmortization": 58800000,
    "ebitda": 482000000,
    "ebitdaratio": 0.1053828327,
    "operatingIncome": 390900000,
    "operatingIncomeRatio": 0.08546504,
    "totalOtherIncomeExpensesNet": 0,
    "incomeBeforeTax": 390900000,
    "incomeBeforeTaxRatio": 0.08546504,
    "incomeTaxExpense": 95300000,
    "netIncome": 295600000,
    "netIncomeRatio": 0.0646289737,
    "eps": 1.12,
    "epsdiluted": 1.07,
    "weightedAverageShsOut": 276822482,
    "weightedAverageShsOutDil": 276822482,
    "link": "https://www.sec.gov/Archives/edgar/data/1156039/000119312504072284/0001193125-04-072284-index.htm",
    "finalLink": "https://www.sec.gov/Archives/edgar/data/1156039/000119312504072284/d10q.htm"
  },
  {
    "date": "2003-12-31",
    "symbol": "ELV",
    "reportedCurrency": "USD",
    "cik": "0001156039",
    "fillingDate": "2004-02-27",
    "acceptedDate": "2004-02-27 11:30:22",
    "calendarYear": "2003",
    "period": "Q4",
    "revenue": 4294900000,
    "costOfRevenue": 0,
    "grossProfit": 4294900000,
    "grossProfitRatio": 1,
    "researchAndDevelopmentExpenses": 0,
    "generalAndAdministrativeExpenses": 835800000,
    "sellingAndMarketingExpenses": 0,
    "sellingGeneralAndAdministrativeExpenses": 835800000,
    "otherExpenses": 3131300000,
    "operatingExpenses": 3967100000,
    "costAndExpenses": 3967100000,
    "interestIncome": 0,
    "interestExpense": 32600000,
    "depreciationAndAmortization": 61400000,
    "ebitda": 421800000,
    "ebitdaratio": 0.0982095043,
    "operatingIncome": 327800000,
    "operatingIncomeRatio": 0.0763230809,
    "totalOtherIncomeExpensesNet": 0,
    "incomeBeforeTax": 327800000,
    "incomeBeforeTaxRatio": 0.0763230809,
    "incomeTaxExpense": 118300000,
    "netIncome": 208800000,
    "netIncomeRatio": 0.0486158001,
    "eps": 0.76,
    "epsdiluted": 0.73,
    "weightedAverageShsOut": 276261682,
    "weightedAverageShsOutDil": 284230769,
    "link": "https://www.sec.gov/Archives/edgar/data/1156039/000119312504030877/0001193125-04-030877-index.htm",
    "finalLink": "https://www.sec.gov/Archives/edgar/data/1156039/000119312504030877/d10k.htm"
  },
  {
    "date": "2003-09-30",
    "symbol": "ELV",
    "reportedCurrency": "USD",
    "cik": "0001156039",
    "fillingDate": "2003-11-14",
    "acceptedDate": "2003-11-14 14:04:23",
    "calendarYear": "2003",
    "period": "Q3",
    "revenue": 4261800000,
    "costOfRevenue": 0,
    "grossProfit": 4261800000,
    "grossProfitRatio": 1,
    "researchAndDevelopmentExpenses": 0,
    "generalAndAdministrativeExpenses": 783500000,
    "sellingAndMarketingExpenses": 0,
    "sellingGeneralAndAdministrativeExpenses": 783500000,
    "otherExpenses": 3168100000,
    "operatingExpenses": 3951600000,
    "costAndExpenses": 3951600000,
    "interestIncome": 0,
    "interestExpense": 32900000,
    "depreciationAndAmortization": 11900000,
    "ebitda": 355000000,
    "ebitdaratio": 0.0832981369,
    "operatingIncome": 310200000,
    "operatingIncomeRatio": 0.0727861467,
    "totalOtherIncomeExpensesNet": 0,
    "incomeBeforeTax": 310200000,
    "incomeBeforeTaxRatio": 0.0727861467,
    "incomeTaxExpense": 112100000,
    "netIncome": 196500000,
    "netIncomeRatio": 0.0461072786,
    "eps": 0.71,
    "epsdiluted": 0.69,
    "weightedAverageShsOut": 276760563,
    "weightedAverageShsOutDil": 284782609,
    "link": "https://www.sec.gov/Archives/edgar/data/1156039/000119312503081679/0001193125-03-081679-index.htm",
    "finalLink": "https://www.sec.gov/Archives/edgar/data/1156039/000119312503081679/d10q.htm"
  },
  {
    "date": "2003-06-30",
    "symbol": "ELV",
    "reportedCurrency": "USD",
    "cik": "0001156039",
    "fillingDate": "2003-07-31",
    "acceptedDate": "2003-07-31 16:07:37",
    "calendarYear": "2003",
    "period": "Q2",
    "revenue": 4114400000,
    "costOfRevenue": 0,
    "grossProfit": 4114400000,
    "grossProfitRatio": 1,
    "researchAndDevelopmentExpenses": 0,
    "generalAndAdministrativeExpenses": 773900000,
    "sellingAndMarketingExpenses": 0,
    "sellingGeneralAndAdministrativeExpenses": 773900000,
    "otherExpenses": 3061900000,
    "operatingExpenses": 3835800000,
    "costAndExpenses": 3835800000,
    "interestIncome": 0,
    "interestExpense": 32800000,
    "depreciationAndAmortization": 11800000,
    "ebitda": 323200000,
    "ebitdaratio": 0.0785533735,
    "operatingIncome": 278600000,
    "operatingIncomeRatio": 0.0677133969,
    "totalOtherIncomeExpensesNet": 0,
    "incomeBeforeTax": 278600000,
    "incomeBeforeTaxRatio": 0.0677133969,
    "incomeTaxExpense": 99900000,
    "netIncome": 177300000,
    "netIncomeRatio": 0.043092553,
    "eps": 0.64,
    "epsdiluted": 0.63,
    "weightedAverageShsOut": 277031250,
    "weightedAverageShsOutDil": 283680000,
    "link": "https://www.sec.gov/Archives/edgar/data/1156039/000119312503027145/0001193125-03-027145-index.htm",
    "finalLink": "https://www.sec.gov/Archives/edgar/data/1156039/000119312503027145/d10q.htm"
  },
  {
    "date": "2003-03-31",
    "symbol": "ELV",
    "reportedCurrency": "USD",
    "cik": "0001156039",
    "fillingDate": "2003-04-30",
    "acceptedDate": "2003-04-30 15:58:24",
    "calendarYear": "2003",
    "period": "Q1",
    "revenue": 4100300000,
    "costOfRevenue": 0,
    "grossProfit": 4100300000,
    "grossProfitRatio": 1,
    "researchAndDevelopmentExpenses": 0,
    "generalAndAdministrativeExpenses": 716400000,
    "sellingAndMarketingExpenses": 0,
    "sellingGeneralAndAdministrativeExpenses": 716400000,
    "otherExpenses": 3081400000,
    "operatingExpenses": 3797800000,
    "costAndExpenses": 3797800000,
    "interestIncome": 0,
    "interestExpense": 32900000,
    "depreciationAndAmortization": 11900000,
    "ebitda": 347300000,
    "ebitdaratio": 0.0847011194,
    "operatingIncome": 302500000,
    "operatingIncomeRatio": 0.0737750896,
    "totalOtherIncomeExpensesNet": 0,
    "incomeBeforeTax": 302500000,
    "incomeBeforeTaxRatio": 0.0737750896,
    "incomeTaxExpense": 109800000,
    "netIncome": 191700000,
    "netIncomeRatio": 0.0467526766,
    "eps": 0.69,
    "epsdiluted": 0.68,
    "weightedAverageShsOut": 277826087,
    "weightedAverageShsOutDil": 281911765,
    "link": "https://www.sec.gov/Archives/edgar/data/1156039/000095013103002459/0000950131-03-002459-index.htm",
    "finalLink": "https://www.sec.gov/Archives/edgar/data/1156039/000095013103002459/d10q.htm"
  },
  {
    "date": "2002-12-31",
    "symbol": "ELV",
    "reportedCurrency": "USD",
    "cik": "0001156039",
    "fillingDate": "2003-03-07",
    "acceptedDate": "2003-03-07 17:12:23",
    "calendarYear": "2002",
    "period": "Q4",
    "revenue": 3990400000,
    "costOfRevenue": 0,
    "grossProfit": 3990400000,
    "grossProfitRatio": 1,
    "researchAndDevelopmentExpenses": 0,
    "generalAndAdministrativeExpenses": 772900000,
    "sellingAndMarketingExpenses": 0,
    "sellingGeneralAndAdministrativeExpenses": 772900000,
    "otherExpenses": 2948100000,
    "operatingExpenses": 3721000000,
    "costAndExpenses": 3721000000,
    "interestIncome": 0,
    "interestExpense": 33100000,
    "depreciationAndAmortization": 56000000,
    "ebitda": 358500000,
    "ebitdaratio": 0.0898406175,
    "operatingIncome": 269400000,
    "operatingIncomeRatio": 0.0675120289,
    "totalOtherIncomeExpensesNet": 0,
    "incomeBeforeTax": 269400000,
    "incomeBeforeTaxRatio": 0.0675120289,
    "incomeTaxExpense": 96300000,
    "netIncome": 171900000,
    "netIncomeRatio": 0.0430783881,
    "eps": 0.62,
    "epsdiluted": 0.61,
    "weightedAverageShsOut": 277826087,
    "weightedAverageShsOutDil": 281911765,
    "link": "https://www.sec.gov/Archives/edgar/data/1156039/000095013103001203/0000950131-03-001203-index.htm",
    "finalLink": "https://www.sec.gov/Archives/edgar/data/1156039/000095013103001203/d10k.htm"
  },
  {
    "date": "2002-09-30",
    "symbol": "ELV",
    "reportedCurrency": "USD",
    "cik": "0001156039",
    "fillingDate": "2002-11-04",
    "acceptedDate": "2002-11-04 17:30:10",
    "calendarYear": "2002",
    "period": "Q3",
    "revenue": 3579400000,
    "costOfRevenue": 0,
    "grossProfit": 3579400000,
    "grossProfitRatio": 1,
    "researchAndDevelopmentExpenses": 0,
    "generalAndAdministrativeExpenses": 683700000,
    "sellingAndMarketingExpenses": 0,
    "sellingGeneralAndAdministrativeExpenses": 683700000,
    "otherExpenses": 2666300000,
    "operatingExpenses": 3350000000,
    "costAndExpenses": 3350000000,
    "interestIncome": 0,
    "interestExpense": 30300000,
    "depreciationAndAmortization": 45100000,
    "ebitda": 304800000,
    "ebitdaratio": 0.0851539364,
    "operatingIncome": 229400000,
    "operatingIncomeRatio": 0.0640889535,
    "totalOtherIncomeExpensesNet": 0,
    "incomeBeforeTax": 229400000,
    "incomeBeforeTaxRatio": 0.0640889535,
    "incomeTaxExpense": 56900000,
    "netIncome": 171200000,
    "netIncomeRatio": 0.0478292451,
    "eps": 0.67,
    "epsdiluted": 0.65,
    "weightedAverageShsOut": 257443609,
    "weightedAverageShsOutDil": 265426357,
    "link": "https://www.sec.gov/Archives/edgar/data/1156039/000095013102004131/0000950131-02-004131-index.htm",
    "finalLink": "https://www.sec.gov/Archives/edgar/data/1156039/000095013102004131/d10q.htm"
  },
  {
    "date": "2002-06-30",
    "symbol": "ELV",
    "reportedCurrency": "USD",
    "cik": "0001156039",
    "fillingDate": "2002-08-05",
    "acceptedDate": "2002-08-05 15:09:35",
    "calendarYear": "2002",
    "period": "Q2",
    "revenue": 2900100000,
    "costOfRevenue": 0,
    "grossProfit": 2900100000,
    "grossProfitRatio": 1,
    "researchAndDevelopmentExpenses": 0,
    "generalAndAdministrativeExpenses": 544400000,
    "sellingAndMarketingExpenses": 0,
    "sellingGeneralAndAdministrativeExpenses": 544400000,
    "otherExpenses": 2196400000,
    "operatingExpenses": 2740800000,
    "costAndExpenses": 2740800000,
    "interestIncome": 0,
    "interestExpense": 17500000,
    "depreciationAndAmortization": 4100000,
    "ebitda": 180900000,
    "ebitdaratio": 0.0623771594,
    "operatingIncome": 159300000,
    "operatingIncomeRatio": 0.0549291404,
    "totalOtherIncomeExpensesNet": 0,
    "incomeBeforeTax": 159300000,
    "incomeBeforeTaxRatio": 0.0549291404,
    "incomeTaxExpense": 52800000,
    "netIncome": 106200000,
    "netIncomeRatio": 0.0366194269,
    "eps": 0.52,
    "epsdiluted": 0.51,
    "weightedAverageShsOut": 206213592,
    "weightedAverageShsOutDil": 210297030,
    "link": "https://www.sec.gov/Archives/edgar/data/1156039/000091205702029863/0000912057-02-029863-index.htm",
    "finalLink": "https://www.sec.gov/Archives/edgar/data/1156039/000091205702029863/a2085863z10-q.htm"
  },
  {
    "date": "2002-03-31",
    "symbol": "ELV",
    "reportedCurrency": "USD",
    "cik": "0001156039",
    "fillingDate": "2002-05-10",
    "acceptedDate": "2002-05-10 16:47:15",
    "calendarYear": "2002",
    "period": "Q1",
    "revenue": 2812400000,
    "costOfRevenue": 0,
    "grossProfit": 2812400000,
    "grossProfitRatio": 1,
    "researchAndDevelopmentExpenses": 0,
    "generalAndAdministrativeExpenses": 505600000,
    "sellingAndMarketingExpenses": 0,
    "sellingGeneralAndAdministrativeExpenses": 505600000,
    "otherExpenses": -488000000,
    "operatingExpenses": 17600000,
    "costAndExpenses": 17600000,
    "interestIncome": 0,
    "interestExpense": 17600000,
    "depreciationAndAmortization": 28500000,
    "ebitda": 46100000,
    "ebitdaratio": 0.0163916939,
    "operatingIncome": 2794800000,
    "operatingIncomeRatio": 0.9937419997,
    "totalOtherIncomeExpensesNet": -2794800000,
    "incomeBeforeTax": 0,
    "incomeBeforeTaxRatio": 0,
    "incomeTaxExpense": 49200000,
    "netIncome": 99800000,
    "netIncomeRatio": 0.0354857062,
    "eps": 0.49,
    "epsdiluted": 0.48,
    "weightedAverageShsOut": 206646000,
    "weightedAverageShsOutDil": 209642000,
    "link": "https://www.sec.gov/Archives/edgar/data/1156039/000095013102001902/0000950131-02-001902-index.htm",
    "finalLink": "https://www.sec.gov/Archives/edgar/data/1156039/000095013102001902/d10q.txt"
  },
  {
    "date": "2001-12-31",
    "symbol": "ELV",
    "reportedCurrency": "USD",
    "cik": "0001156039",
    "fillingDate": "2002-03-25",
    "acceptedDate": "2002-03-25 00:00:00",
    "calendarYear": "2001",
    "period": "Q4",
    "revenue": 2662200000,
    "costOfRevenue": 0,
    "grossProfit": 2662200000,
    "grossProfitRatio": 1,
    "researchAndDevelopmentExpenses": 0,
    "generalAndAdministrativeExpenses": 0,
    "sellingAndMarketingExpenses": 0,
    "sellingGeneralAndAdministrativeExpenses": 520200000,
    "otherExpenses": 2004200000,
    "operatingExpenses": 2524400000,
    "costAndExpenses": 2524400000,
    "interestIncome": 0,
    "interestExpense": 18400000,
    "depreciationAndAmortization": 7700000,
    "ebitda": 163900000,
    "ebitdaratio": 0.0615656224,
    "operatingIncome": 137800000,
    "operatingIncomeRatio": 0.0517617008,
    "totalOtherIncomeExpensesNet": 0,
    "incomeBeforeTax": 137800000,
    "incomeBeforeTaxRatio": 0.0517617008,
    "incomeTaxExpense": 50200000,
    "netIncome": 87700000,
    "netIncomeRatio": 0.032942679,
    "eps": 0.43,
    "epsdiluted": 0.42,
    "weightedAverageShsOut": 205773196,
    "weightedAverageShsOutDil": 210105263,
    "link": "https://www.sec.gov/Archives/edgar/data/1156039/000095013102001063/0000950131-02-001063-index.htm",
    "finalLink": "https://www.sec.gov/Archives/edgar/data/1156039/000095013102001063/d10k405.txt"
  },
  {
    "date": "2001-09-30",
    "symbol": "ELV",
    "reportedCurrency": "USD",
    "cik": "0001156039",
    "fillingDate": "2001-12-11",
    "acceptedDate": "2001-12-11 00:00:00",
    "calendarYear": "2001",
    "period": "Q3",
    "revenue": 2663700000,
    "costOfRevenue": 0,
    "grossProfit": 2663700000,
    "grossProfitRatio": 1,
    "researchAndDevelopmentExpenses": 0,
    "generalAndAdministrativeExpenses": 0,
    "sellingAndMarketingExpenses": 0,
    "sellingGeneralAndAdministrativeExpenses": 474300000,
    "otherExpenses": 2012300000,
    "operatingExpenses": 2486600000,
    "costAndExpenses": 2486600000,
    "interestIncome": 0,
    "interestExpense": 13800000,
    "depreciationAndAmortization": 8100000,
    "ebitda": 199000000,
    "ebitdaratio": 0.0747081128,
    "operatingIncome": 177100000,
    "operatingIncomeRatio": 0.0664864662,
    "totalOtherIncomeExpensesNet": 0,
    "incomeBeforeTax": 177100000,
    "incomeBeforeTaxRatio": 0.0664864662,
    "incomeTaxExpense": 64600000,
    "netIncome": 111500000,
    "netIncomeRatio": 0.0418590682,
    "eps": 0.54,
    "epsdiluted": 0.54,
    "weightedAverageShsOut": 206176000,
    "weightedAverageShsOutDil": 206176000,
    "link": "https://www.sec.gov/Archives/edgar/data/1156039/000095013101504466/0000950131-01-504466-index.htm",
    "finalLink": "https://www.sec.gov/Archives/edgar/data/1156039/000095013101504466/d10q.txt"
  },
  {
    "date": "2001-03-31",
    "symbol": "ELV",
    "reportedCurrency": "USD",
    "cik": "0001156039",
    "fillingDate": "2008-04-23",
    "acceptedDate": "2008-04-23 06:06:10",
    "calendarYear": "2001",
    "period": "Q1",
    "revenue": 15553700000,
    "costOfRevenue": 0,
    "grossProfit": 0,
    "grossProfitRatio": 0,
    "researchAndDevelopmentExpenses": 0,
    "generalAndAdministrativeExpenses": 2773900000,
    "sellingAndMarketingExpenses": 444300000,
    "sellingGeneralAndAdministrativeExpenses": 2248600000,
    "otherExpenses": 0,
    "operatingExpenses": 2248600000,
    "costAndExpenses": 0,
    "interestIncome": 0,
    "interestExpense": 119000000,
    "depreciationAndAmortization": 0,
    "ebitda": 0,
    "ebitdaratio": 0,
    "operatingIncome": 0,
    "operatingIncomeRatio": 0,
    "totalOtherIncomeExpensesNet": 0,
    "incomeBeforeTax": 879200000,
    "incomeBeforeTaxRatio": 0.0565267428,
    "incomeTaxExpense": 291100000,
    "netIncome": 588100000,
    "netIncomeRatio": 0.0378109389,
    "eps": 0,
    "epsdiluted": 0,
    "weightedAverageShsOut": 0,
    "weightedAverageShsOutDil": 0,
    "link": "https://www.sec.gov/Archives/edgar/data/1156039/000119312508087265/0001193125-08-087265-index.htm",
    "finalLink": "https://www.sec.gov/Archives/edgar/data/1156039/000119312508087265/dex991.htm"
  }
]