[
  {
    "date": "2024-12-31",
    "symbol": "ELV",
    "reportedCurrency": "USD",
    "cik": "0001156039",
    "fillingDate": "2025-02-20",
    "acceptedDate": "2025-02-20 15:58:57",
    "calendarYear": "2024",
    "period": "FY",
    "revenue": 176810000000,
    "costOfRevenue": 0,
    "grossProfit": 176810000000,
    "grossProfitRatio": 1,
    "researchAndDevelopmentExpenses": 0,
    "generalAndAdministrativeExpenses": 0,
    "sellingAndMarketingExpenses": 0,
    "sellingGeneralAndAdministrativeExpenses": 0,
    "otherExpenses": 168906000000,
    "operatingExpenses": 168906000000,
    "costAndExpenses": 168906000000,
    "interestIncome": 0,
    "interestExpense": 1185000000,
    "depreciationAndAmortization": 1393000000,
    "ebitda": 10482000000,
    "ebitdaratio": 0.0592839772,
    "operatingIncome": 7904000000,
    "operatingIncomeRatio": 0.0447033539,
    "totalOtherIncomeExpensesNet": 0,
    "incomeBeforeTax": 7904000000,
    "incomeBeforeTaxRatio": 0.0447033539,
    "incomeTaxExpense": 1933000000,
    "netIncome": 5980000000,
    "netIncomeRatio": 0.0338216164,
    "eps": 25.81,
    "epsdiluted": 25.68,
    "weightedAverageShsOut": 232866000,
    "weightedAverageShsOutDil": 232900000,
    "link": "https://www.sec.gov/Archives/edgar/data/1156039/000115603925000010/0001156039-25-000010-index.htm",
    "finalLink": "https://www.sec.gov/Archives/edgar/data/1156039/000115603925000010/elv-20241231.htm"
  },
  {
    "date": "2023-12-31",
    "symbol": "ELV",
    "reportedCurrency": "USD",
    "cik": "0001156039",
    "fillingDate": "2024-02-21",
    "acceptedDate": "2024-02-21 16:30:31",
    "calendarYear": "2023",
    "period": "FY",
    "revenue": 171340000000,
    "costOfRevenue": 0,
    "grossProfit": 171340000000,
    "grossProfitRatio": 1,
    "researchAndDevelopmentExpenses": 0,
    "generalAndAdministrativeExpenses": 0,
    "sellingAndMarketingExpenses": 0,
    "sellingGeneralAndAdministrativeExpenses": 0,
    "otherExpenses": 163625000000,
    "operatingExpenses": 163625000000,
    "costAndExpenses": 163625000000,
    "interestIncome": 0,
    "interestExpense": 1030000000,
    "depreciationAndAmortization": 1745000000,
    "ebitda": 10490000000,
    "ebitdaratio": 0.0612232987,
    "operatingIncome": 7715000000,
    "operatingIncomeRatio": 0.0450274308,
    "totalOtherIncomeExpensesNet": 0,
    "incomeBeforeTax": 7715000000,
    "incomeBeforeTaxRatio": 0.0450274308,
    "incomeTaxExpense": 1724000000,
    "netIncome": 5987000000,
    "netIncomeRatio": 0.0349422201,
    "eps": 25.38,
    "epsdiluted": 25.22,
    "weightedAverageShsOut": 233071000,
    "weightedAverageShsOutDil": 237400000,
    "link": "https://www.sec.gov/Archives/edgar/data/1156039/000115603924000015/0001156039-24-000015-index.htm",
    "finalLink": "https://www.sec.gov/Archives/edgar/data/1156039/000115603924000015/elv-20231231.htm"
  },
  {
    "date": "2022-12-31",
    "symbol": "ELV",
    "reportedCurrency": "USD",
    "cik": "0001156039",
    "fillingDate": "2023-02-15",
    "acceptedDate": "2023-02-15 16:44:30",
    "calendarYear": "2022",
    "period": "FY",
    "revenue": 156595000000,
    "costOfRevenue": 0,
    "grossProfit": 156595000000,
    "grossProfitRatio": 1,
    "researchAndDevelopmentExpenses": 0,
    "generalAndAdministrativeExpenses": 0,
    "sellingAndMarketingExpenses": 0,
    "sellingGeneralAndAdministrativeExpenses": 17686000000,
    "otherExpenses": 131309000000,
    "operatingExpenses": 148995000000,
    "costAndExpenses": 148995000000,
    "interestIncome": 0,
    "interestExpense": 851000000,
    "depreciationAndAmortization": 1675000000,
    "ebitda": 10126000000,
    "ebitdaratio": 0.0646636227,
    "operatingIncome": 7600000000,
    "operatingIncomeRatio": 0.0485328395,
    "totalOtherIncomeExpensesNet": 0,
    "incomeBeforeTax": 7600000000,
    "incomeBeforeTaxRatio": 0.0485328395,
    "incomeTaxExpense": 1712000000,
    "netIncome": 5894000000,
    "netIncomeRatio": 0.0376384942,
    "eps": 24.56,
    "epsdiluted": 24.28,
    "weightedAverageShsOut": 240000000,
    "weightedAverageShsOutDil": 242800000,
    "link": "https://www.sec.gov/Archives/edgar/data/1156039/000115603923000007/0001156039-23-000007-index.htm",
    "finalLink": "https://www.sec.gov/Archives/edgar/data/1156039/000115603923000007/elv-20221231.htm"
  },
  {
    "date": "2021-12-31",
    "symbol": "ELV",
    "reportedCurrency": "USD",
    "cik": "0001156039",
    "fillingDate": "2022-02-16",
    "acceptedDate": "2022-02-16 16:01:21",
    "calendarYear": "2021",
    "period": "FY",
    "revenue": 138639000000,
    "costOfRevenue": 0,
    "grossProfit": 138639000000,
    "grossProfitRatio": 1,
    "researchAndDevelopmentExpenses": 0,
    "generalAndAdministrativeExpenses": 0,
    "sellingAndMarketingExpenses": 0,
    "sellingGeneralAndAdministrativeExpenses": 15914000000,
    "otherExpenses": 114730000000,
    "operatingExpenses": 130644000000,
    "costAndExpenses": 130644000000,
    "interestIncome": 0,
    "interestExpense": 798000000,
    "depreciationAndAmortization": 1302000000,
    "ebitda": 10095000000,
    "ebitdaratio": 0.0728150088,
    "operatingIncome": 7995000000,
    "operatingIncomeRatio": 0.0576677558,
    "totalOtherIncomeExpensesNet": 0,
    "incomeBeforeTax": 7995000000,
    "incomeBeforeTaxRatio": 0.0576677558,
    "incomeTaxExpense": 1846000000,
    "netIncome": 6158000000,
    "netIncomeRatio": 0.044417516,
    "eps": 25.25,
    "epsdiluted": 24.73,
    "weightedAverageShsOut": 243800000,
    "weightedAverageShsOutDil": 246800000,
    "link": "https://www.sec.gov/Archives/edgar/data/1156039/000115603922000009/0001156039-22-000009-index.htm",
    "finalLink": "https://www.sec.gov/Archives/edgar/data/1156039/000115603922000009/antm-20211231.htm"
  },
  {
    "date": "2020-12-31",
    "symbol": "ELV",
    "reportedCurrency": "USD",
    "cik": "0001156039",
    "fillingDate": "2021-02-18",
    "acceptedDate": "2021-02-18 16:03:06",
    "calendarYear": "2020",
    "period": "FY",
    "revenue": 121867000000,
    "costOfRevenue": 0,
    "grossProfit": 121867000000,
    "grossProfitRatio": 1,
    "researchAndDevelopmentExpenses": 0,
    "generalAndAdministrativeExpenses": 0,
    "sellingAndMarketingExpenses": 0,
    "sellingGeneralAndAdministrativeExpenses": 17450000000,
    "otherExpenses": 98179000000,
    "operatingExpenses": 115629000000,
    "costAndExpenses": 115629000000,
    "interestIncome": 0,
    "interestExpense": 784000000,
    "depreciationAndAmortization": 1154000000,
    "ebitda": 8176000000,
    "ebitdaratio": 0.067089532,
    "operatingIncome": 6238000000,
    "operatingIncomeRatio": 0.0511869497,
    "totalOtherIncomeExpensesNet": 0,
    "incomeBeforeTax": 6238000000,
    "incomeBeforeTaxRatio": 0.0511869497,
    "incomeTaxExpense": 1666000000,
    "netIncome": 4572000000,
    "netIncomeRatio": 0.0375163088,
    "eps": 18.23,
    "epsdiluted": 17.98,
    "weightedAverageShsOut": 250800000,
    "weightedAverageShsOutDil": 254300000,
    "link": "https://www.sec.gov/Archives/edgar/data/1156039/000115603921000012/0001156039-21-000012-index.htm",
    "finalLink": "https://www.sec.gov/Archives/edgar/data/1156039/000115603921000012/antm-20201231.htm"
  },
  {
    "date": "2019-12-31",
    "symbol": "ELV",
    "reportedCurrency": "USD",
    "cik": "0001156039",
    "fillingDate": "2020-02-19",
    "acceptedDate": "2020-02-19 15:14:06",
    "calendarYear": "2019",
    "period": "FY",
    "revenue": 104213000000,
    "costOfRevenue": 0,
    "grossProfit": 104213000000,
    "grossProfitRatio": 1,
    "researchAndDevelopmentExpenses": 0,
    "generalAndAdministrativeExpenses": 0,
    "sellingAndMarketingExpenses": 0,
    "sellingGeneralAndAdministrativeExpenses": 13364000000,
    "otherExpenses": 84864000000,
    "operatingExpenses": 98228000000,
    "costAndExpenses": 98228000000,
    "interestIncome": 0,
    "interestExpense": 746000000,
    "depreciationAndAmortization": 1133000000,
    "ebitda": 7864000000,
    "ebitdaratio": 0.075460835,
    "operatingIncome": 5985000000,
    "operatingIncomeRatio": 0.0574304549,
    "totalOtherIncomeExpensesNet": 0,
    "incomeBeforeTax": 5985000000,
    "incomeBeforeTaxRatio": 0.0574304549,
    "incomeTaxExpense": 1178000000,
    "netIncome": 4807000000,
    "netIncomeRatio": 0.0461266829,
    "eps": 18.81,
    "epsdiluted": 18.47,
    "weightedAverageShsOut": 255500000,
    "weightedAverageShsOutDil": 260300000,
    "link": "https://www.sec.gov/Archives/edgar/data/1156039/000115603920000003/0001156039-20-000003-index.htm",
    "finalLink": "https://www.sec.gov/Archives/edgar/data/1156039/000115603920000003/antm-2019123110kq42019.htm"
  },
  {
    "date": "2018-12-31",
    "symbol": "ELV",
    "reportedCurrency": "USD",
    "cik": "0001156039",
    "fillingDate": "2019-02-20",
    "acceptedDate": "2019-02-20 14:53:10",
    "calendarYear": "2018",
    "period": "FY",
    "revenue": 92105000000,
    "costOfRevenue": 0,
    "grossProfit": 92105000000,
    "grossProfitRatio": 1,
    "researchAndDevelopmentExpenses": 0,
    "generalAndAdministrativeExpenses": 0,
    "sellingAndMarketingExpenses": 0,
    "sellingGeneralAndAdministrativeExpenses": 14020000000,
    "otherExpenses": 73017000000,
    "operatingExpenses": 87037000000,
    "costAndExpenses": 87037000000,
    "interestIncome": 0,
    "interestExpense": 753000000,
    "depreciationAndAmortization": 1132000000,
    "ebitda": 6953000000,
    "ebitdaratio": 0.07548993,
    "operatingIncome": 5068000000,
    "operatingIncomeRatio": 0.0550241572,
    "totalOtherIncomeExpensesNet": 0,
    "incomeBeforeTax": 5068000000,
    "incomeBeforeTaxRatio": 0.0550241572,
    "incomeTaxExpense": 1318000000,
    "netIncome": 3750000000,
    "netIncomeRatio": 0.040714402,
    "eps": 14.53,
    "epsdiluted": 14.19,
    "weightedAverageShsOut": 254300000,
    "weightedAverageShsOutDil": 254300000,
    "link": "https://www.sec.gov/Archives/edgar/data/1156039/000115603919000004/0001156039-19-000004-index.htm",
    "finalLink": "https://www.sec.gov/Archives/edgar/data/1156039/000115603919000004/antm-2018123110kq42018.htm"
  },
  {
    "date": "2017-12-31",
    "symbol": "ELV",
    "reportedCurrency": "USD",
    "cik": "0001156039",
    "fillingDate": "2018-02-21",
    "acceptedDate": "2018-02-21 14:02:53",
    "calendarYear": "2017",
    "period": "FY",
    "revenue": 90040000000,
    "costOfRevenue": 0,
    "grossProfit": 90040000000,
    "grossProfitRatio": 1,
    "researchAndDevelopmentExpenses": 0,
    "generalAndAdministrativeExpenses": 11254100000,
    "sellingAndMarketingExpenses": 1395500000,
    "sellingGeneralAndAdministrativeExpenses": 12650000000,
    "otherExpenses": 73426000000,
    "operatingExpenses": 86076000000,
    "costAndExpenses": 86076000000,
    "interestIncome": 0,
    "interestExpense": 739000000,
    "depreciationAndAmortization": 891000000,
    "ebitda": 5594000000,
    "ebitdaratio": 0.0621279431,
    "operatingIncome": 3964000000,
    "operatingIncomeRatio": 0.0440248778,
    "totalOtherIncomeExpensesNet": 0,
    "incomeBeforeTax": 3964000000,
    "incomeBeforeTaxRatio": 0.0440248778,
    "incomeTaxExpense": 121000000,
    "netIncome": 3843000000,
    "netIncomeRatio": 0.0426810307,
    "eps": 14.7,
    "epsdiluted": 14.35,
    "weightedAverageShsOut": 256084913,
    "weightedAverageShsOutDil": 267800000,
    "link": "https://www.sec.gov/Archives/edgar/data/1156039/000115603918000003/0001156039-18-000003-index.htm",
    "finalLink": "https://www.sec.gov/Archives/edgar/data/1156039/000115603918000003/antm-2017123110kq42017.htm"
  },
  {
    "date": "2016-12-31",
    "symbol": "ELV",
    "reportedCurrency": "USD",
    "cik": "0001156039",
    "fillingDate": "2017-02-22",
    "acceptedDate": "2017-02-22 13:09:22",
    "calendarYear": "2016",
    "period": "FY",
    "revenue": 84863000000,
    "costOfRevenue": 0,
    "grossProfit": 84863000000,
    "grossProfitRatio": 1,
    "researchAndDevelopmentExpenses": 0,
    "generalAndAdministrativeExpenses": 11166400000,
    "sellingAndMarketingExpenses": 1391500000,
    "sellingGeneralAndAdministrativeExpenses": 12559000000,
    "otherExpenses": 67749000000,
    "operatingExpenses": 80308000000,
    "costAndExpenses": 80308000000,
    "interestIncome": 0,
    "interestExpense": 723000000,
    "depreciationAndAmortization": 912000000,
    "ebitda": 6190000000,
    "ebitdaratio": 0.0729410933,
    "operatingIncome": 4555000000,
    "operatingIncomeRatio": 0.0536747464,
    "totalOtherIncomeExpensesNet": 0,
    "incomeBeforeTax": 4555000000,
    "incomeBeforeTaxRatio": 0.0536747464,
    "incomeTaxExpense": 2085000000,
    "netIncome": 2470000000,
    "netIncomeRatio": 0.0291057351,
    "eps": 9.39,
    "epsdiluted": 9.21,
    "weightedAverageShsOut": 263747395,
    "weightedAverageShsOutDil": 268100000,
    "link": "https://www.sec.gov/Archives/edgar/data/1156039/000115603917000002/0001156039-17-000002-index.htm",
    "finalLink": "https://www.sec.gov/Archives/edgar/data/1156039/000115603917000002/antm-2016123110k.htm"
  },
  {
    "date": "2015-12-31",
    "symbol": "ELV",
    "reportedCurrency": "USD",
    "cik": "0001156039",
    "fillingDate": "2016-02-19",
    "acceptedDate": "2016-02-19 10:48:08",
    "calendarYear": "2015",
    "period": "FY",
    "revenue": 79156500000,
    "costOfRevenue": 0,
    "grossProfit": 79156500000,
    "grossProfitRatio": 1,
    "researchAndDevelopmentExpenses": 0,
    "generalAndAdministrativeExpenses": 11093700000,
    "sellingAndMarketingExpenses": 1441100000,
    "sellingGeneralAndAdministrativeExpenses": 12534800000,
    "otherExpenses": 61990700000,
    "operatingExpenses": 74525500000,
    "costAndExpenses": 74525500000,
    "interestIncome": 0,
    "interestExpense": 653000000,
    "depreciationAndAmortization": 907900000,
    "ebitda": 6191900000,
    "ebitdaratio": 0.0782235192,
    "operatingIncome": 4631000000,
    "operatingIncomeRatio": 0.0585043553,
    "totalOtherIncomeExpensesNet": 0,
    "incomeBeforeTax": 4631000000,
    "incomeBeforeTaxRatio": 0.0585043553,
    "incomeTaxExpense": 2071000000,
    "netIncome": 2560000000,
    "netIncomeRatio": 0.0323409954,
    "eps": 9.73,
    "epsdiluted": 9.38,
    "weightedAverageShsOut": 261238188,
    "weightedAverageShsOutDil": 272900000,
    "link": "https://www.sec.gov/Archives/edgar/data/1156039/000115603916000018/0001156039-16-000018-index.htm",
    "finalLink": "https://www.sec.gov/Archives/edgar/data/1156039/000115603916000018/antm-2015123110kforq4.htm"
  },
  {
    "date": "2014-12-31",
    "symbol": "ELV",
    "reportedCurrency": "USD",
    "cik": "0001156039",
    "fillingDate": "2015-02-24",
    "acceptedDate": "2015-02-24 13:20:29",
    "calendarYear": "2014",
    "period": "FY",
    "revenue": 73874100000,
    "costOfRevenue": 0,
    "grossProfit": 73874100000,
    "grossProfitRatio": 1,
    "researchAndDevelopmentExpenses": 0,
    "generalAndAdministrativeExpenses": 10258300000,
    "sellingAndMarketingExpenses": 1490100000,
    "sellingGeneralAndAdministrativeExpenses": 11748400000,
    "otherExpenses": 57757600000,
    "operatingExpenses": 69506000000,
    "costAndExpenses": 69506000000,
    "interestIncome": 0,
    "interestExpense": 600700000,
    "depreciationAndAmortization": 851000000,
    "ebitda": 5819800000,
    "ebitdaratio": 0.0787799784,
    "operatingIncome": 4368100000,
    "operatingIncomeRatio": 0.0591289775,
    "totalOtherIncomeExpensesNet": 0,
    "incomeBeforeTax": 4368100000,
    "incomeBeforeTaxRatio": 0.0591289775,
    "incomeTaxExpense": 1808000000,
    "netIncome": 2569700000,
    "netIncomeRatio": 0.0347848569,
    "eps": 9.31,
    "epsdiluted": 8.95,
    "weightedAverageShsOut": 268109932,
    "weightedAverageShsOutDil": 285900000,
    "link": "https://www.sec.gov/Archives/edgar/data/1156039/000115603915000003/0001156039-15-000003-index.htm",
    "finalLink": "https://www.sec.gov/Archives/edgar/data/1156039/000115603915000003/antm-20141231x10k.htm"
  },
  {
    "date": "2013-12-31",
    "symbol": "ELV",
    "reportedCurrency": "USD",
    "cik": "0001156039",
    "fillingDate": "2014-02-20",
    "acceptedDate": "2014-02-20 14:47:43",
    "calendarYear": "2013",
    "period": "FY",
    "revenue": 71023500000,
    "costOfRevenue": 0,
    "grossProfit": 71023500000,
    "grossProfitRatio": 1,
    "researchAndDevelopmentExpenses": 0,
    "generalAndAdministrativeExpenses": 8426000000,
    "sellingAndMarketingExpenses": 1526900000,
    "sellingGeneralAndAdministrativeExpenses": 9952900000,
    "otherExpenses": 57230400000,
    "operatingExpenses": 67183300000,
    "costAndExpenses": 67183300000,
    "interestIncome": 0,
    "interestExpense": 602700000,
    "depreciationAndAmortization": 908800000,
    "ebitda": 5351700000,
    "ebitdaratio": 0.0753511162,
    "operatingIncome": 3840200000,
    "operatingIncomeRatio": 0.0540694277,
    "totalOtherIncomeExpensesNet": 0,
    "incomeBeforeTax": 3840200000,
    "incomeBeforeTaxRatio": 0.0540694277,
    "incomeTaxExpense": 1205900000,
    "netIncome": 2489700000,
    "netIncomeRatio": 0.0350545946,
    "eps": 8.89,
    "epsdiluted": 8.74,
    "weightedAverageShsOut": 293273830,
    "weightedAverageShsOutDil": 303800000,
    "link": "https://www.sec.gov/Archives/edgar/data/1156039/000115603914000003/0001156039-14-000003-index.htm",
    "finalLink": "https://www.sec.gov/Archives/edgar/data/1156039/000115603914000003/wlp-20131231x10k.htm"
  },
  {
    "date": "2012-12-31",
    "symbol": "ELV",
    "reportedCurrency": "USD",
    "cik": "0001156039",
    "fillingDate": "2013-02-22",
    "acceptedDate": "2013-02-22 13:56:49",
    "calendarYear": "2012",
    "period": "FY",
    "revenue": 61497200000,
    "costOfRevenue": 0,
    "grossProfit": 61497200000,
    "grossProfitRatio": 1,
    "researchAndDevelopmentExpenses": 0,
    "generalAndAdministrativeExpenses": 7093600000,
    "sellingAndMarketingExpenses": 1586900000,
    "sellingGeneralAndAdministrativeExpenses": 8680500000,
    "otherExpenses": 48958400000,
    "operatingExpenses": 57638900000,
    "costAndExpenses": 57638900000,
    "interestIncome": 0,
    "interestExpense": 511800000,
    "depreciationAndAmortization": 740700000,
    "ebitda": 5110800000,
    "ebitdaratio": 0.0831062227,
    "operatingIncome": 3858300000,
    "operatingIncomeRatio": 0.0627394418,
    "totalOtherIncomeExpensesNet": 0,
    "incomeBeforeTax": 3858300000,
    "incomeBeforeTaxRatio": 0.0627394418,
    "incomeTaxExpense": 1207300000,
    "netIncome": 2655500000,
    "netIncomeRatio": 0.0431808277,
    "eps": 8.26,
    "epsdiluted": 8.18,
    "weightedAverageShsOut": 304715144,
    "weightedAverageShsOutDil": 324800000,
    "link": "https://www.sec.gov/Archives/edgar/data/1156039/000119312513071165/0001193125-13-071165-index.htm",
    "finalLink": "https://www.sec.gov/Archives/edgar/data/1156039/000119312513071165/d484484d10k.htm"
  },
  {
    "date": "2011-12-31",
    "symbol": "ELV",
    "reportedCurrency": "USD",
    "cik": "0001156039",
    "fillingDate": "2012-02-22",
    "acceptedDate": "2012-02-22 16:09:42",
    "calendarYear": "2011",
    "period": "FY",
    "revenue": 60710700000,
    "costOfRevenue": 0,
    "grossProfit": 60710700000,
    "grossProfitRatio": 1,
    "researchAndDevelopmentExpenses": 0,
    "generalAndAdministrativeExpenses": 6818800000,
    "sellingAndMarketingExpenses": 1616800000,
    "sellingGeneralAndAdministrativeExpenses": 8435600000,
    "otherExpenses": 48317200000,
    "operatingExpenses": 56752800000,
    "costAndExpenses": 56752800000,
    "interestIncome": 0,
    "interestExpense": 430300000,
    "depreciationAndAmortization": 637200000,
    "ebitda": 5025400000,
    "ebitdaratio": 0.0827761828,
    "operatingIncome": 3957900000,
    "operatingIncomeRatio": 0.0651927914,
    "totalOtherIncomeExpensesNet": 0,
    "incomeBeforeTax": 3957900000,
    "incomeBeforeTaxRatio": 0.0651927914,
    "incomeTaxExpense": 1311200000,
    "netIncome": 2646700000,
    "netIncomeRatio": 0.0435952806,
    "eps": 7.8,
    "epsdiluted": 7.25,
    "weightedAverageShsOut": 339372680,
    "weightedAverageShsOutDil": 365100000,
    "link": "https://www.sec.gov/Archives/edgar/data/1156039/000119312512072739/0001193125-12-072739-index.htm",
    "finalLink": "https://www.sec.gov/Archives/edgar/data/1156039/000119312512072739/d277395d10k.htm"
  },
  {
    "date": "2010-12-31",
    "symbol": "ELV",
    "reportedCurrency": "USD",
    "cik": "0001156039",
    "fillingDate": "2011-02-17",
    "acceptedDate": "2011-02-17 16:42:39",
    "calendarYear": "2010",
    "period": "FY",
    "revenue": 58698500000,
    "costOfRevenue": 0,
    "grossProfit": 58698500000,
    "grossProfitRatio": 1,
    "researchAndDevelopmentExpenses": 0,
    "generalAndAdministrativeExpenses": 7122300000,
    "sellingAndMarketingExpenses": 1610300000,
    "sellingGeneralAndAdministrativeExpenses": 8732600000,
    "otherExpenses": 45612100000,
    "operatingExpenses": 54344700000,
    "costAndExpenses": 54344700000,
    "interestIncome": 0,
    "interestExpense": 418900000,
    "depreciationAndAmortization": 600800000,
    "ebitda": 5373500000,
    "ebitdaratio": 0.0915440769,
    "operatingIncome": 4353800000,
    "operatingIncomeRatio": 0.0741722531,
    "totalOtherIncomeExpensesNet": 0,
    "incomeBeforeTax": 4353800000,
    "incomeBeforeTaxRatio": 0.0741722531,
    "incomeTaxExpense": 1466700000,
    "netIncome": 2887100000,
    "netIncomeRatio": 0.0491852432,
    "eps": 7.64,
    "epsdiluted": 6.94,
    "weightedAverageShsOut": 377736929,
    "weightedAverageShsOutDil": 415800000,
    "link": "https://www.sec.gov/Archives/edgar/data/1156039/000119312511039172/0001193125-11-039172-index.htm",
    "finalLink": "https://www.sec.gov/Archives/edgar/data/1156039/000119312511039172/d10k.htm"
  },
  {
    "date": "2009-12-31",
    "symbol": "ELV",
    "reportedCurrency": "USD",
    "cik": "0001156039",
    "fillingDate": "2010-02-18",
    "acceptedDate": "2010-02-18 15:30:26",
    "calendarYear": "2009",
    "period": "FY",
    "revenue": 65028100000,
    "costOfRevenue": 0,
    "grossProfit": 65028100000,
    "grossProfitRatio": 1,
    "researchAndDevelopmentExpenses": 0,
    "generalAndAdministrativeExpenses": 7424900000,
    "sellingAndMarketingExpenses": 1685500000,
    "sellingGeneralAndAdministrativeExpenses": 9110400000,
    "otherExpenses": 48514700000,
    "operatingExpenses": 57625100000,
    "costAndExpenses": 57625100000,
    "interestIncome": 0,
    "interestExpense": 447400000,
    "depreciationAndAmortization": 553500000,
    "ebitda": 8403900000,
    "ebitdaratio": 0.1292349,
    "operatingIncome": 7403000000,
    "operatingIncomeRatio": 0.1138430924,
    "totalOtherIncomeExpensesNet": 0,
    "incomeBeforeTax": 7403000000,
    "incomeBeforeTaxRatio": 0.1138430924,
    "incomeTaxExpense": 2657100000,
    "netIncome": 4745900000,
    "netIncomeRatio": 0.0729822953,
    "eps": 9.96,
    "epsdiluted": 9.88,
    "weightedAverageShsOut": 483200000,
    "weightedAverageShsOutDil": 483200000,
    "link": "https://www.sec.gov/Archives/edgar/data/1156039/000119312510034180/0001193125-10-034180-index.htm",
    "finalLink": "https://www.sec.gov/Archives/edgar/data/1156039/000119312510034180/d10k.htm"
  },
  {
    "date": "2008-12-31",
    "symbol": "ELV",
    "reportedCurrency": "USD",
    "cik": "0001156039",
    "fillingDate": "2009-02-19",
    "acceptedDate": "2009-02-19 15:37:06",
    "calendarYear": "2008",
    "period": "FY",
    "revenue": 61251100000,
    "costOfRevenue": 0,
    "grossProfit": 61251100000,
    "grossProfitRatio": 1,
    "researchAndDevelopmentExpenses": 0,
    "generalAndAdministrativeExpenses": 6718800000,
    "sellingAndMarketingExpenses": 1778400000,
    "sellingGeneralAndAdministrativeExpenses": 8497200000,
    "otherExpenses": 49631500000,
    "operatingExpenses": 58128700000,
    "costAndExpenses": 58128700000,
    "interestIncome": 0,
    "interestExpense": 469800000,
    "depreciationAndAmortization": 571700000,
    "ebitda": 4163900000,
    "ebitdaratio": 0.0679808199,
    "operatingIncome": 3122400000,
    "operatingIncomeRatio": 0.0509770437,
    "totalOtherIncomeExpensesNet": 0,
    "incomeBeforeTax": 3122400000,
    "incomeBeforeTaxRatio": 0.0509770437,
    "incomeTaxExpense": 631700000,
    "netIncome": 2490700000,
    "netIncomeRatio": 0.0406637595,
    "eps": 4.79,
    "epsdiluted": 4.76,
    "weightedAverageShsOut": 524300000,
    "weightedAverageShsOutDil": 524300000,
    "link": "https://www.sec.gov/Archives/edgar/data/1156039/000119312509033022/0001193125-09-033022-index.htm",
    "finalLink": "https://www.sec.gov/Archives/edgar/data/1156039/000119312509033022/d10k.htm"
  },
  {
    "date": "2007-12-31",
    "symbol": "ELV",
    "reportedCurrency": "USD",
    "cik": "0001156039",
    "fillingDate": "2008-02-21",
    "acceptedDate": "2008-02-21 16:59:37",
    "calendarYear": "2007",
    "period": "FY",
    "revenue": 61167900000,
    "costOfRevenue": 0,
    "grossProfit": 61167900000,
    "grossProfitRatio": 1,
    "researchAndDevelopmentExpenses": 0,
    "generalAndAdministrativeExpenses": 6984700000,
    "sellingAndMarketingExpenses": 1716800000,
    "sellingGeneralAndAdministrativeExpenses": 8701500000,
    "otherExpenses": 47208500000,
    "operatingExpenses": 55910000000,
    "costAndExpenses": 55910000000,
    "interestIncome": 0,
    "interestExpense": 447900000,
    "depreciationAndAmortization": 120200000,
    "ebitda": 5826000000,
    "ebitdaratio": 0.0952460359,
    "operatingIncome": 5257900000,
    "operatingIncomeRatio": 0.0859584848,
    "totalOtherIncomeExpensesNet": 0,
    "incomeBeforeTax": 5257900000,
    "incomeBeforeTaxRatio": 0.0859584848,
    "incomeTaxExpense": 1912500000,
    "netIncome": 3345400000,
    "netIncomeRatio": 0.0546920852,
    "eps": 5.64,
    "epsdiluted": 5.56,
    "weightedAverageShsOut": 593400000,
    "weightedAverageShsOutDil": 602000000,
    "link": "https://www.sec.gov/Archives/edgar/data/1156039/000119312508035367/0001193125-08-035367-index.htm",
    "finalLink": "https://www.sec.gov/Archives/edgar/data/1156039/000119312508035367/d10k.htm"
  },
  {
    "date": "2006-12-31",
    "symbol": "ELV",
    "reportedCurrency": "USD",
    "cik": "0001156039",
    "fillingDate": "2007-02-26",
    "acceptedDate": "2007-02-26 17:15:01",
    "calendarYear": "2006",
    "period": "FY",
    "revenue": 57038800000,
    "costOfRevenue": 0,
    "grossProfit": 57038800000,
    "grossProfitRatio": 1,
    "researchAndDevelopmentExpenses": 0,
    "generalAndAdministrativeExpenses": 7163200000,
    "sellingAndMarketingExpenses": 1654500000,
    "sellingGeneralAndAdministrativeExpenses": 8817700000,
    "otherExpenses": 43306700000,
    "operatingExpenses": 52124400000,
    "costAndExpenses": 52124400000,
    "interestIncome": 0,
    "interestExpense": 403500000,
    "depreciationAndAmortization": 133000000,
    "ebitda": 5450900000,
    "ebitdaratio": 0.0955647735,
    "operatingIncome": 4914400000,
    "operatingIncomeRatio": 0.0861588953,
    "totalOtherIncomeExpensesNet": 0,
    "incomeBeforeTax": 4914400000,
    "incomeBeforeTaxRatio": 0.0861588953,
    "incomeTaxExpense": 1819500000,
    "netIncome": 3094900000,
    "netIncomeRatio": 0.0542595567,
    "eps": 4.93,
    "epsdiluted": 4.82,
    "weightedAverageShsOut": 627768763,
    "weightedAverageShsOutDil": 642095436,
    "link": "https://www.sec.gov/Archives/edgar/data/1156039/000119312507039867/0001193125-07-039867-index.htm",
    "finalLink": "https://www.sec.gov/Archives/edgar/data/1156039/000119312507039867/d10k.htm"
  },
  {
    "date": "2005-12-31",
    "symbol": "ELV",
    "reportedCurrency": "USD",
    "cik": "0001156039",
    "fillingDate": "2006-02-23",
    "acceptedDate": "2006-02-23 16:12:36",
    "calendarYear": "2005",
    "period": "FY",
    "revenue": 45136000000,
    "costOfRevenue": 0,
    "grossProfit": 45136000000,
    "grossProfitRatio": 1,
    "researchAndDevelopmentExpenses": 0,
    "generalAndAdministrativeExpenses": 5798500000,
    "sellingAndMarketingExpenses": 1474200000,
    "sellingGeneralAndAdministrativeExpenses": 7272700000,
    "otherExpenses": 33973000000,
    "operatingExpenses": 41245700000,
    "costAndExpenses": 41245700000,
    "interestIncome": 0,
    "interestExpense": 226200000,
    "depreciationAndAmortization": 633800000,
    "ebitda": 4750300000,
    "ebitdaratio": 0.105244151,
    "operatingIncome": 3890300000,
    "operatingIncomeRatio": 0.0861906239,
    "totalOtherIncomeExpensesNet": 0,
    "incomeBeforeTax": 3890300000,
    "incomeBeforeTaxRatio": 0.0861906239,
    "incomeTaxExpense": 1426500000,
    "netIncome": 2463800000,
    "netIncomeRatio": 0.0545861397,
    "eps": 4.03,
    "epsdiluted": 3.94,
    "weightedAverageShsOut": 611364764,
    "weightedAverageShsOutDil": 625329949,
    "link": "https://www.sec.gov/Archives/edgar/data/1156039/000119312506037706/0001193125-06-037706-index.htm",
    "finalLink": "https://www.sec.gov/Archives/edgar/data/1156039/000119312506037706/d10k.htm"
  },
  {
    "date": "2004-12-31",
    "symbol": "ELV",
    "reportedCurrency": "USD",
    "cik": "0001156039",
    "fillingDate": "2005-03-14",
    "acceptedDate": "2005-03-14 15:46:56",
    "calendarYear": "2004",
    "period": "FY",
    "revenue": 20815100000,
    "costOfRevenue": 0,
    "grossProfit": 20815100000,
    "grossProfitRatio": 1,
    "researchAndDevelopmentExpenses": 0,
    "generalAndAdministrativeExpenses": 2940500000,
    "sellingAndMarketingExpenses": 537200000,
    "sellingGeneralAndAdministrativeExpenses": 3477700000,
    "otherExpenses": 15894100000,
    "operatingExpenses": 19371800000,
    "costAndExpenses": 19371800000,
    "interestIncome": 0,
    "interestExpense": 142300000,
    "depreciationAndAmortization": 279100000,
    "ebitda": 1864700000,
    "ebitdaratio": 0.0895840039,
    "operatingIncome": 1443300000,
    "operatingIncomeRatio": 0.0693390856,
    "totalOtherIncomeExpensesNet": 0,
    "incomeBeforeTax": 1443300000,
    "incomeBeforeTaxRatio": 0.0693390856,
    "incomeTaxExpense": 483200000,
    "netIncome": 960100000,
    "netIncomeRatio": 0.0461251687,
    "eps": 3.15,
    "epsdiluted": 3.05,
    "weightedAverageShsOut": 276506239,
    "weightedAverageShsOutDil": 285672192,
    "link": "https://www.sec.gov/Archives/edgar/data/1156039/000119312505049418/0001193125-05-049418-index.htm",
    "finalLink": "https://www.sec.gov/Archives/edgar/data/1156039/000119312505049418/d10k.htm"
  },
  {
    "date": "2003-12-31",
    "symbol": "ELV",
    "reportedCurrency": "USD",
    "cik": "0001156039",
    "fillingDate": "2004-02-27",
    "acceptedDate": "2004-02-27 11:30:22",
    "calendarYear": "2003",
    "period": "FY",
    "revenue": 16751300000,
    "costOfRevenue": 0,
    "grossProfit": 16751300000,
    "grossProfitRatio": 1,
    "researchAndDevelopmentExpenses": 0,
    "generalAndAdministrativeExpenses": 3109600000,
    "sellingAndMarketingExpenses": 0,
    "sellingGeneralAndAdministrativeExpenses": 3109600000,
    "otherExpenses": 12442700000,
    "operatingExpenses": 15552300000,
    "costAndExpenses": 15552300000,
    "interestIncome": 0,
    "interestExpense": 131200000,
    "depreciationAndAmortization": 245000000,
    "ebitda": 1595300000,
    "ebitdaratio": 0.0952343997,
    "operatingIncome": 1199000000,
    "operatingIncomeRatio": 0.0715765344,
    "totalOtherIncomeExpensesNet": 20100000,
    "incomeBeforeTax": 1219100000,
    "incomeBeforeTaxRatio": 0.0727764412,
    "incomeTaxExpense": 440100000,
    "netIncome": 774300000,
    "netIncomeRatio": 0.0462232782,
    "eps": 2.8,
    "epsdiluted": 2.73,
    "weightedAverageShsOut": 276535714,
    "weightedAverageShsOutDil": 283626374,
    "link": "https://www.sec.gov/Archives/edgar/data/1156039/000119312504030877/0001193125-04-030877-index.htm",
    "finalLink": "https://www.sec.gov/Archives/edgar/data/1156039/000119312504030877/d10k.htm"
  },
  {
    "date": "2002-12-31",
    "symbol": "ELV",
    "reportedCurrency": "USD",
    "cik": "0001156039",
    "fillingDate": "2003-03-07",
    "acceptedDate": "2003-03-07 17:12:23",
    "calendarYear": "2002",
    "period": "FY",
    "revenue": 13255000000,
    "costOfRevenue": 0,
    "grossProfit": 13255000000,
    "grossProfitRatio": 1,
    "researchAndDevelopmentExpenses": 0,
    "generalAndAdministrativeExpenses": 12346000000,
    "sellingAndMarketingExpenses": 0,
    "sellingGeneralAndAdministrativeExpenses": 12346000000,
    "otherExpenses": 98500000,
    "operatingExpenses": 12444500000,
    "costAndExpenses": 12444500000,
    "interestIncome": 0,
    "interestExpense": 98500000,
    "depreciationAndAmortization": 157000000,
    "ebitda": 255500000,
    "ebitdaratio": 0.019275745,
    "operatingIncome": 810500000,
    "operatingIncomeRatio": 0.0611467371,
    "totalOtherIncomeExpensesNet": -810500000,
    "incomeBeforeTax": 0,
    "incomeBeforeTaxRatio": 0,
    "incomeTaxExpense": 255200000,
    "netIncome": 549100000,
    "netIncomeRatio": 0.041425877,
    "eps": 2.31,
    "epsdiluted": 2.26,
    "weightedAverageShsOut": 237705628,
    "weightedAverageShsOutDil": 242964602,
    "link": "https://www.sec.gov/Archives/edgar/data/1156039/000095013103001203/0000950131-03-001203-index.htm",
    "finalLink": "https://www.sec.gov/Archives/edgar/data/1156039/000095013103001203/d10k.htm"
  },
  {
    "date": "2001-12-31",
    "symbol": "ELV",
    "reportedCurrency": "USD",
    "cik": "0001156039",
    "fillingDate": "2002-03-25",
    "acceptedDate": "2002-03-25 00:00:00",
    "calendarYear": "2001",
    "period": "FY",
    "revenue": 10444700000,
    "costOfRevenue": 0,
    "grossProfit": 10444700000,
    "grossProfitRatio": 1,
    "researchAndDevelopmentExpenses": 0,
    "generalAndAdministrativeExpenses": 1986100000,
    "sellingAndMarketingExpenses": 0,
    "sellingGeneralAndAdministrativeExpenses": 1986100000,
    "otherExpenses": 7934000000,
    "operatingExpenses": 9920100000,
    "costAndExpenses": 9920100000,
    "interestIncome": 0,
    "interestExpense": 60200000,
    "depreciationAndAmortization": 31500000,
    "ebitda": 616300000,
    "ebitdaratio": 0.059006003,
    "operatingIncome": 524600000,
    "operatingIncomeRatio": 0.0502264306,
    "totalOtherIncomeExpensesNet": 0,
    "incomeBeforeTax": 524600000,
    "incomeBeforeTaxRatio": 0.0502264306,
    "incomeTaxExpense": 183400000,
    "netIncome": 342200000,
    "netIncomeRatio": 0.0327630281,
    "eps": 1.66,
    "epsdiluted": 1.65,
    "weightedAverageShsOut": 206767372,
    "weightedAverageShsOutDil": 207393939,
    "link": "https://www.sec.gov/Archives/edgar/data/1156039/000095013102001063/0000950131-02-001063-index.htm",
    "finalLink": "https://www.sec.gov/Archives/edgar/data/1156039/000095013102001063/d10k405.txt"
  },
  {
    "date": "2000-12-31",
    "symbol": "ELV",
    "reportedCurrency": "USD",
    "cik": "0001156039",
    "fillingDate": "2000-12-31",
    "acceptedDate": "2000-12-30 19:00:00",
    "calendarYear": "2000",
    "period": "FY",
    "revenue": 17314500000,
    "costOfRevenue": 0,
    "grossProfit": 17314500000,
    "grossProfitRatio": 1,
    "researchAndDevelopmentExpenses": 0,
    "generalAndAdministrativeExpenses": 0,
    "sellingAndMarketingExpenses": 0,
    "sellingGeneralAndAdministrativeExpenses": 0,
    "otherExpenses": 17314500000,
    "operatingExpenses": 17314500000,
    "costAndExpenses": 17314500000,
    "interestIncome": 0,
    "interestExpense": 0,
    "depreciationAndAmortization": 0,
    "ebitda": 0,
    "ebitdaratio": 0,
    "operatingIncome": 0,
    "operatingIncomeRatio": 0,
    "totalOtherIncomeExpensesNet": 0,
    "incomeBeforeTax": 0,
    "incomeBeforeTaxRatio": 0,
    "incomeTaxExpense": 0,
    "netIncome": 226000000,
    "netIncomeRatio": 0.0130526437,
    "eps": 1.1,
    "epsdiluted": 1.1,
    "weightedAverageShsOut": 206176000,
    "weightedAverageShsOutDil": 206176000,
    "link": "",
    "finalLink": ""
  },
  {
    "date": "1999-12-31",
    "symbol": "ELV",
    "reportedCurrency": "USD",
    "cik": "0001156039",
    "fillingDate": "1999-12-31",
    "acceptedDate": "1999-12-30 19:00:00",
    "calendarYear": "1999",
    "period": "FY",
    "revenue": 12350700000,
    "costOfRevenue": 0,
    "grossProfit": 12350700000,
    "grossProfitRatio": 1,
    "researchAndDevelopmentExpenses": 0,
    "generalAndAdministrativeExpenses": 0,
    "sellingAndMarketingExpenses": 0,
    "sellingGeneralAndAdministrativeExpenses": 0,
    "otherExpenses": 12350700000,
    "operatingExpenses": 12350700000,
    "costAndExpenses": 12350700000,
    "interestIncome": 0,
    "interestExpense": 0,
    "depreciationAndAmortization": 0,
    "ebitda": 0,
    "ebitdaratio": 0,
    "operatingIncome": 0,
    "operatingIncomeRatio": 0,
    "totalOtherIncomeExpensesNet": 0,
    "incomeBeforeTax": 0,
    "incomeBeforeTaxRatio": 0,
    "incomeTaxExpense": 0,
    "netIncome": 44900000,
    "netIncomeRatio": 0.0036354215,
    "eps": 0.22,
    "epsdiluted": 0.22,
    "weightedAverageShsOut": 206176000,
    "weightedAverageShsOutDil": 206176000,
    "link": "",
    "finalLink": ""
  },
  {
    "date": "1998-12-31",
    "symbol": "ELV",
    "reportedCurrency": "USD",
    "cik": "0001156039",
    "fillingDate": "1998-12-31",
    "acceptedDate": "1998-12-30 19:00:00",
    "calendarYear": "1998",
    "period": "FY",
    "revenue": 11072100000,
    "costOfRevenue": 0,
    "grossProfit": 11072100000,
    "grossProfitRatio": 1,
    "researchAndDevelopmentExpenses": 0,
    "generalAndAdministrativeExpenses": 0,
    "sellingAndMarketingExpenses": 0,
    "sellingGeneralAndAdministrativeExpenses": 0,
    "otherExpenses": 11072100000,
    "operatingExpenses": 11072100000,
    "costAndExpenses": 11072100000,
    "interestIncome": 0,
    "interestExpense": 0,
    "depreciationAndAmortization": 0,
    "ebitda": 0,
    "ebitdaratio": 0,
    "operatingIncome": 0,
    "operatingIncomeRatio": 0,
    "totalOtherIncomeExpensesNet": 0,
    "incomeBeforeTax": 0,
    "incomeBeforeTaxRatio": 0,
    "incomeTaxExpense": 0,
    "netIncome": 172400000,
    "netIncomeRatio": 0.0155706686,
    "eps": 0.84,
    "epsdiluted": 0.84,
    "weightedAverageShsOut": 206176000,
    "weightedAverageShsOutDil": 206176000,
    "link": "",
    "finalLink": ""
  }
]