[
  {
    "date": "2025-06-30",
    "symbol": "EME",
    "reportedCurrency": "USD",
    "cik": "0000105634",
    "fillingDate": "2025-07-31",
    "acceptedDate": "2025-07-31 07:33:49",
    "calendarYear": "2025",
    "period": "Q2",
    "revenue": 4304400000,
    "costOfRevenue": 3470629000,
    "grossProfit": 833770999,
    "grossProfitRatio": 0.1937020256,
    "researchAndDevelopmentExpenses": 0,
    "generalAndAdministrativeExpenses": 0,
    "sellingAndMarketingExpenses": 0,
    "sellingGeneralAndAdministrativeExpenses": 418559000,
    "otherExpenses": 0,
    "operatingExpenses": 418559000,
    "costAndExpenses": 3889188000,
    "interestIncome": 0,
    "interestExpense": 3240000,
    "depreciationAndAmortization": 46646000,
    "ebitda": 461858000,
    "ebitdaratio": 0.1072990428,
    "operatingIncome": 415212000,
    "operatingIncomeRatio": 0.0964622247,
    "totalOtherIncomeExpensesNet": -3185000,
    "incomeBeforeTax": 412027000,
    "incomeBeforeTaxRatio": 0.0957222842,
    "incomeTaxExpense": 109867000,
    "netIncome": 302160000,
    "netIncomeRatio": 0.070197937,
    "eps": 6.7396,
    "epsdiluted": 6.7161,
    "weightedAverageShsOut": 44833638,
    "weightedAverageShsOutDil": 44990388,
    "link": "https://www.sec.gov/Archives/edgar/data/105634/000010563425000046/0000105634-25-000046-index.htm",
    "finalLink": "https://www.sec.gov/Archives/edgar/data/105634/000010563425000046/eme-20250630.htm"
  },
  {
    "date": "2025-03-31",
    "symbol": "EME",
    "reportedCurrency": "USD",
    "cik": "0000105634",
    "fillingDate": "2025-04-30",
    "acceptedDate": "2025-04-30 07:32:54",
    "calendarYear": "2025",
    "period": "Q1",
    "revenue": 3867372000,
    "costOfRevenue": 3144654000,
    "grossProfit": 722718000,
    "grossProfitRatio": 0.1868757389,
    "researchAndDevelopmentExpenses": 0,
    "generalAndAdministrativeExpenses": 0,
    "sellingAndMarketingExpenses": 0,
    "sellingGeneralAndAdministrativeExpenses": 403962000,
    "otherExpenses": 0,
    "operatingExpenses": 403962000,
    "costAndExpenses": 3548616000,
    "interestIncome": 5387000,
    "interestExpense": 0,
    "depreciationAndAmortization": 41945000,
    "ebitda": 360701000,
    "ebitdaratio": 0.0932677281,
    "operatingIncome": 318756000,
    "operatingIncomeRatio": 0.0824218617,
    "totalOtherIncomeExpensesNet": 5441000,
    "incomeBeforeTax": 324197000,
    "incomeBeforeTaxRatio": 0.0838287602,
    "incomeTaxExpense": 83520000,
    "netIncome": 240677000,
    "netIncomeRatio": 0.0622326996,
    "eps": 5.27,
    "epsdiluted": 5.26,
    "weightedAverageShsOut": 45989000,
    "weightedAverageShsOutDil": 46198000,
    "link": "https://www.sec.gov/Archives/edgar/data/105634/000010563425000029/0000105634-25-000029-index.htm",
    "finalLink": "https://www.sec.gov/Archives/edgar/data/105634/000010563425000029/eme-20250331.htm"
  },
  {
    "date": "2024-12-31",
    "symbol": "EME",
    "reportedCurrency": "USD",
    "cik": "0000105634",
    "fillingDate": "2025-02-26",
    "acceptedDate": "2025-02-26 07:32:46",
    "calendarYear": "2024",
    "period": "Q4",
    "revenue": 3770019000,
    "costOfRevenue": 3013004000,
    "grossProfit": 757015000,
    "grossProfitRatio": 0.2007987228,
    "researchAndDevelopmentExpenses": 0,
    "generalAndAdministrativeExpenses": 0,
    "sellingAndMarketingExpenses": 0,
    "sellingGeneralAndAdministrativeExpenses": 368451000,
    "otherExpenses": 0,
    "operatingExpenses": 368451000,
    "costAndExpenses": 3381455000,
    "interestIncome": 9666000,
    "interestExpense": 0,
    "depreciationAndAmortization": 35322000,
    "ebitda": 460184000,
    "ebitdaratio": 0.1220641063,
    "operatingIncome": 388564000,
    "operatingIncomeRatio": 0.1030668546,
    "totalOtherIncomeExpensesNet": 9890000,
    "incomeBeforeTax": 398454000,
    "incomeBeforeTaxRatio": 0.1056901835,
    "incomeTaxExpense": 106293000,
    "netIncome": 292161000,
    "netIncomeRatio": 0.0774958959,
    "eps": 6.35,
    "epsdiluted": 6.32,
    "weightedAverageShsOut": 45989000,
    "weightedAverageShsOutDil": 46198000,
    "link": "https://www.sec.gov/Archives/edgar/data/105634/000010563425000015/0000105634-25-000015-index.htm",
    "finalLink": "https://www.sec.gov/Archives/edgar/data/105634/000010563425000015/eme-20241231.htm"
  },
  {
    "date": "2024-09-30",
    "symbol": "EME",
    "reportedCurrency": "USD",
    "cik": "0000105634",
    "fillingDate": "2024-10-31",
    "acceptedDate": "2024-10-31 07:32:41",
    "calendarYear": "2024",
    "period": "Q3",
    "revenue": 3696924000,
    "costOfRevenue": 2962198000,
    "grossProfit": 734726000,
    "grossProfitRatio": 0.1987398172,
    "researchAndDevelopmentExpenses": 0,
    "generalAndAdministrativeExpenses": 0,
    "sellingAndMarketingExpenses": 0,
    "sellingGeneralAndAdministrativeExpenses": 371188000,
    "otherExpenses": 0,
    "operatingExpenses": 371188000,
    "costAndExpenses": 3333386000,
    "interestIncome": 8312000,
    "interestExpense": 0,
    "depreciationAndAmortization": 34538000,
    "ebitda": 398076000,
    "ebitdaratio": 0.107677626,
    "operatingIncome": 363538000,
    "operatingIncomeRatio": 0.0983352647,
    "totalOtherIncomeExpensesNet": 8539000,
    "incomeBeforeTax": 372077000,
    "incomeBeforeTaxRatio": 0.1006450227,
    "incomeTaxExpense": 101814000,
    "netIncome": 270263000,
    "netIncomeRatio": 0.0731048299,
    "eps": 5.83,
    "epsdiluted": 5.8,
    "weightedAverageShsOut": 46395000,
    "weightedAverageShsOutDil": 46589000,
    "link": "https://www.sec.gov/Archives/edgar/data/105634/000010563424000037/0000105634-24-000037-index.htm",
    "finalLink": "https://www.sec.gov/Archives/edgar/data/105634/000010563424000037/eme-20240930.htm"
  },
  {
    "date": "2024-06-30",
    "symbol": "EME",
    "reportedCurrency": "USD",
    "cik": "0000105634",
    "fillingDate": "2024-07-25",
    "acceptedDate": "2024-07-25 07:33:53",
    "calendarYear": "2024",
    "period": "Q2",
    "revenue": 3666897000,
    "costOfRevenue": 2982896000,
    "grossProfit": 684001000,
    "grossProfitRatio": 0.1865340095,
    "researchAndDevelopmentExpenses": 0,
    "generalAndAdministrativeExpenses": 350972000,
    "sellingAndMarketingExpenses": 221000,
    "sellingGeneralAndAdministrativeExpenses": 350972000,
    "otherExpenses": 221000,
    "operatingExpenses": 351193000,
    "costAndExpenses": 3334089000,
    "interestIncome": 6106000,
    "interestExpense": 0,
    "depreciationAndAmortization": 34232000,
    "ebitda": 367261000,
    "ebitdaratio": 0.1001557993,
    "operatingIncome": 332808000,
    "operatingIncomeRatio": 0.0907601168,
    "totalOtherIncomeExpensesNet": 6327000,
    "incomeBeforeTax": 339135000,
    "incomeBeforeTaxRatio": 0.0924855539,
    "incomeTaxExpense": 91563000,
    "netIncome": 247572000,
    "netIncomeRatio": 0.0675153952,
    "eps": 5.27,
    "epsdiluted": 5.25,
    "weightedAverageShsOut": 46972032,
    "weightedAverageShsOutDil": 47159660,
    "link": "https://www.sec.gov/Archives/edgar/data/105634/000010563424000029/0000105634-24-000029-index.htm",
    "finalLink": "https://www.sec.gov/Archives/edgar/data/105634/000010563424000029/eme-20240630.htm"
  },
  {
    "date": "2024-03-31",
    "symbol": "EME",
    "reportedCurrency": "USD",
    "cik": "0000105634",
    "fillingDate": "2024-04-25",
    "acceptedDate": "2024-04-25 07:32:50",
    "calendarYear": "2024",
    "period": "Q1",
    "revenue": 3432276000,
    "costOfRevenue": 2842967000,
    "grossProfit": 589309000,
    "grossProfitRatio": 0.1716962738,
    "researchAndDevelopmentExpenses": 0,
    "generalAndAdministrativeExpenses": 0,
    "sellingAndMarketingExpenses": 0,
    "sellingGeneralAndAdministrativeExpenses": 329356000,
    "otherExpenses": 0,
    "operatingExpenses": 329356000,
    "costAndExpenses": 3172323000,
    "interestIncome": 7541000,
    "interestExpense": 0,
    "depreciationAndAmortization": 29588000,
    "ebitda": 289541000,
    "ebitdaratio": 0.0843583092,
    "operatingIncome": 259953000,
    "operatingIncomeRatio": 0.0757377903,
    "totalOtherIncomeExpensesNet": 7763000,
    "incomeBeforeTax": 267716000,
    "incomeBeforeTaxRatio": 0.0779995548,
    "incomeTaxExpense": 70567000,
    "netIncome": 197149000,
    "netIncomeRatio": 0.057439728,
    "eps": 4.18,
    "epsdiluted": 4.17,
    "weightedAverageShsOut": 47138185,
    "weightedAverageShsOutDil": 47316497,
    "link": "https://www.sec.gov/Archives/edgar/data/105634/000010563424000013/0000105634-24-000013-index.htm",
    "finalLink": "https://www.sec.gov/Archives/edgar/data/105634/000010563424000013/eme-20240331.htm"
  },
  {
    "date": "2023-12-31",
    "symbol": "EME",
    "reportedCurrency": "USD",
    "cik": "0000105634",
    "fillingDate": "2024-02-28",
    "acceptedDate": "2024-02-28 07:33:04",
    "calendarYear": "2023",
    "period": "Q4",
    "revenue": 3439221000,
    "costOfRevenue": 2821476000,
    "grossProfit": 617745000,
    "grossProfitRatio": 0.1796177099,
    "researchAndDevelopmentExpenses": 0,
    "generalAndAdministrativeExpenses": 0,
    "sellingAndMarketingExpenses": 0,
    "sellingGeneralAndAdministrativeExpenses": 328549000,
    "otherExpenses": 0,
    "operatingExpenses": 328549000,
    "costAndExpenses": 3150025000,
    "interestIncome": 15415000,
    "interestExpense": 12585000,
    "depreciationAndAmortization": 31186000,
    "ebitda": 335518000,
    "ebitdaratio": 0.0975563943,
    "operatingIncome": 289196000,
    "operatingIncomeRatio": 0.0840876466,
    "totalOtherIncomeExpensesNet": 2551000,
    "incomeBeforeTax": 291747000,
    "incomeBeforeTaxRatio": 0.0848293843,
    "incomeTaxExpense": 80232000,
    "netIncome": 211517000,
    "netIncomeRatio": 0.0615014272,
    "eps": 4.49,
    "epsdiluted": 4.47,
    "weightedAverageShsOut": 47097762,
    "weightedAverageShsOutDil": 47331532,
    "link": "https://www.sec.gov/Archives/edgar/data/105634/000010563424000006/0000105634-24-000006-index.htm",
    "finalLink": "https://www.sec.gov/Archives/edgar/data/105634/000010563424000006/eme-20231231.htm"
  },
  {
    "date": "2023-09-30",
    "symbol": "EME",
    "reportedCurrency": "USD",
    "cik": "0000105634",
    "fillingDate": "2023-10-26",
    "acceptedDate": "2023-10-26 07:33:31",
    "calendarYear": "2023",
    "period": "Q3",
    "revenue": 3207598000,
    "costOfRevenue": 2662126000,
    "grossProfit": 545472000,
    "grossProfitRatio": 0.1700562228,
    "researchAndDevelopmentExpenses": 0,
    "generalAndAdministrativeExpenses": 0,
    "sellingAndMarketingExpenses": 0,
    "sellingGeneralAndAdministrativeExpenses": 308139000,
    "otherExpenses": 2350000,
    "operatingExpenses": 310489000,
    "costAndExpenses": 2972615000,
    "interestIncome": 0,
    "interestExpense": 90000,
    "depreciationAndAmortization": 30286000,
    "ebitda": 267619000,
    "ebitdaratio": 0.0834328367,
    "operatingIncome": 234983000,
    "operatingIncomeRatio": 0.073258245,
    "totalOtherIncomeExpensesNet": -374000,
    "incomeBeforeTax": 234609000,
    "incomeBeforeTaxRatio": 0.0731416468,
    "incomeTaxExpense": 64863000,
    "netIncome": 169409000,
    "netIncomeRatio": 0.0528149101,
    "eps": 3.59,
    "epsdiluted": 3.57,
    "weightedAverageShsOut": 47173974,
    "weightedAverageShsOutDil": 47398197,
    "link": "https://www.sec.gov/Archives/edgar/data/105634/000010563423000036/0000105634-23-000036-index.htm",
    "finalLink": "https://www.sec.gov/Archives/edgar/data/105634/000010563423000036/eme-20230930.htm"
  },
  {
    "date": "2023-06-30",
    "symbol": "EME",
    "reportedCurrency": "USD",
    "cik": "0000105634",
    "fillingDate": "2023-07-27",
    "acceptedDate": "2023-07-27 07:34:01",
    "calendarYear": "2023",
    "period": "Q2",
    "revenue": 3045622000,
    "costOfRevenue": 2555562000,
    "grossProfit": 490060000,
    "grossProfitRatio": 0.1609063764,
    "researchAndDevelopmentExpenses": 0,
    "generalAndAdministrativeExpenses": 293675000,
    "sellingAndMarketingExpenses": -282000,
    "sellingGeneralAndAdministrativeExpenses": 293675000,
    "otherExpenses": -282000,
    "operatingExpenses": 293393000,
    "costAndExpenses": 2848955000,
    "interestIncome": 0,
    "interestExpense": 2692000,
    "depreciationAndAmortization": 28995000,
    "ebitda": 225380000,
    "ebitdaratio": 0.0740013042,
    "operatingIncome": 196667000,
    "operatingIncomeRatio": 0.0645736733,
    "totalOtherIncomeExpensesNet": -2974000,
    "incomeBeforeTax": 193693000,
    "incomeBeforeTaxRatio": 0.0635971897,
    "incomeTaxExpense": 53098000,
    "netIncome": 140595000,
    "netIncomeRatio": 0.0461629841,
    "eps": 2.97,
    "epsdiluted": 2.95,
    "weightedAverageShsOut": 47393493,
    "weightedAverageShsOutDil": 47588669,
    "link": "https://www.sec.gov/Archives/edgar/data/105634/000010563423000029/0000105634-23-000029-index.htm",
    "finalLink": "https://www.sec.gov/Archives/edgar/data/105634/000010563423000029/eme-20230630.htm"
  },
  {
    "date": "2023-03-31",
    "symbol": "EME",
    "reportedCurrency": "USD",
    "cik": "0000105634",
    "fillingDate": "2023-04-27",
    "acceptedDate": "2023-04-27 07:33:48",
    "calendarYear": "2023",
    "period": "Q1",
    "revenue": 2890432000,
    "costOfRevenue": 2454370000,
    "grossProfit": 436062000,
    "grossProfitRatio": 0.1508639539,
    "researchAndDevelopmentExpenses": 0,
    "generalAndAdministrativeExpenses": 0,
    "sellingAndMarketingExpenses": 0,
    "sellingGeneralAndAdministrativeExpenses": 281152000,
    "otherExpenses": 0,
    "operatingExpenses": 281152000,
    "costAndExpenses": 2735522000,
    "interestIncome": 0,
    "interestExpense": 1832000,
    "depreciationAndAmortization": 28498000,
    "ebitda": 183134000,
    "ebitdaratio": 0.0633586952,
    "operatingIncome": 154910000,
    "operatingIncomeRatio": 0.0535940648,
    "totalOtherIncomeExpensesNet": -2106000,
    "incomeBeforeTax": 152804000,
    "incomeBeforeTaxRatio": 0.052865454,
    "incomeTaxExpense": 41331000,
    "netIncome": 111473000,
    "netIncomeRatio": 0.0385662074,
    "eps": 2.33,
    "epsdiluted": 2.33,
    "weightedAverageShsOut": 47775819,
    "weightedAverageShsOutDil": 47945815,
    "link": "https://www.sec.gov/Archives/edgar/data/105634/000010563423000013/0000105634-23-000013-index.htm",
    "finalLink": "https://www.sec.gov/Archives/edgar/data/105634/000010563423000013/eme-20230331.htm"
  },
  {
    "date": "2022-12-31",
    "symbol": "EME",
    "reportedCurrency": "USD",
    "cik": "0000105634",
    "fillingDate": "2023-02-23",
    "acceptedDate": "2023-02-23 07:33:54",
    "calendarYear": "2022",
    "period": "Q4",
    "revenue": 2949822000,
    "costOfRevenue": 2495022000,
    "grossProfit": 454800000,
    "grossProfitRatio": 0.1541787945,
    "researchAndDevelopmentExpenses": 0,
    "generalAndAdministrativeExpenses": 0,
    "sellingAndMarketingExpenses": 0,
    "sellingGeneralAndAdministrativeExpenses": 277618000,
    "otherExpenses": 0,
    "operatingExpenses": 277618000,
    "costAndExpenses": 2772640000,
    "interestIncome": 2761000,
    "interestExpense": 6965000,
    "depreciationAndAmortization": 27978000,
    "ebitda": 208944000,
    "ebitdaratio": 0.0708327486,
    "operatingIncome": 177182000,
    "operatingIncomeRatio": 0.0600653192,
    "totalOtherIncomeExpensesNet": -3181000,
    "incomeBeforeTax": 174001000,
    "incomeBeforeTaxRatio": 0.058986949,
    "incomeTaxExpense": 47701000,
    "netIncome": 126300000,
    "netIncomeRatio": 0.0428161428,
    "eps": 2.65,
    "epsdiluted": 2.63,
    "weightedAverageShsOut": 47710479,
    "weightedAverageShsOutDil": 47936737,
    "link": "https://www.sec.gov/Archives/edgar/data/105634/000010563423000005/0000105634-23-000005-index.htm",
    "finalLink": "https://www.sec.gov/Archives/edgar/data/105634/000010563423000005/eme-20221231.htm"
  },
  {
    "date": "2022-09-30",
    "symbol": "EME",
    "reportedCurrency": "USD",
    "cik": "0000105634",
    "fillingDate": "2022-10-27",
    "acceptedDate": "2022-10-27 07:33:34",
    "calendarYear": "2022",
    "period": "Q3",
    "revenue": 2826361000,
    "costOfRevenue": 2413130000,
    "grossProfit": 413231000,
    "grossProfitRatio": 0.1462060225,
    "researchAndDevelopmentExpenses": 0,
    "generalAndAdministrativeExpenses": 0,
    "sellingAndMarketingExpenses": 0,
    "sellingGeneralAndAdministrativeExpenses": 263137000,
    "otherExpenses": 0,
    "operatingExpenses": 263137000,
    "costAndExpenses": 2676267000,
    "interestIncome": 0,
    "interestExpense": 3194000,
    "depreciationAndAmortization": 27496000,
    "ebitda": 178615000,
    "ebitdaratio": 0.0631961027,
    "operatingIncome": 150094000,
    "operatingIncomeRatio": 0.0531050351,
    "totalOtherIncomeExpensesNet": -2169000,
    "incomeBeforeTax": 147925000,
    "incomeBeforeTaxRatio": 0.0523376172,
    "incomeTaxExpense": 42153000,
    "netIncome": 105772000,
    "netIncomeRatio": 0.0374233865,
    "eps": 2.16,
    "epsdiluted": 2.16,
    "weightedAverageShsOut": 48867420,
    "weightedAverageShsOutDil": 49050151,
    "link": "https://www.sec.gov/Archives/edgar/data/105634/000010563422000039/0000105634-22-000039-index.htm",
    "finalLink": "https://www.sec.gov/Archives/edgar/data/105634/000010563422000039/eme-20220930.htm"
  },
  {
    "date": "2022-06-30",
    "symbol": "EME",
    "reportedCurrency": "USD",
    "cik": "0000105634",
    "fillingDate": "2022-07-28",
    "acceptedDate": "2022-07-28 07:33:11",
    "calendarYear": "2022",
    "period": "Q2",
    "revenue": 2707388000,
    "costOfRevenue": 2324380000,
    "grossProfit": 383008000,
    "grossProfitRatio": 0.1414677172,
    "researchAndDevelopmentExpenses": 0,
    "generalAndAdministrativeExpenses": 0,
    "sellingAndMarketingExpenses": 0,
    "sellingGeneralAndAdministrativeExpenses": 245364000,
    "otherExpenses": 0,
    "operatingExpenses": 245364000,
    "costAndExpenses": 2569744000,
    "interestIncome": 0,
    "interestExpense": 1751000,
    "depreciationAndAmortization": 26008000,
    "ebitda": 164746000,
    "ebitdaratio": 0.060850532,
    "operatingIncome": 137644000,
    "operatingIncomeRatio": 0.0508401456,
    "totalOtherIncomeExpensesNet": -657000,
    "incomeBeforeTax": 136987000,
    "incomeBeforeTaxRatio": 0.0505974762,
    "incomeTaxExpense": 36323000,
    "netIncome": 100664000,
    "netIncomeRatio": 0.0371812241,
    "eps": 1.99,
    "epsdiluted": 1.99,
    "weightedAverageShsOut": 50507024,
    "weightedAverageShsOutDil": 50711770,
    "link": "https://www.sec.gov/Archives/edgar/data/105634/000010563422000029/0000105634-22-000029-index.htm",
    "finalLink": "https://www.sec.gov/Archives/edgar/data/105634/000010563422000029/eme-20220630.htm"
  },
  {
    "date": "2022-03-31",
    "symbol": "EME",
    "reportedCurrency": "USD",
    "cik": "0000105634",
    "fillingDate": "2022-04-28",
    "acceptedDate": "2022-04-28 07:33:13",
    "calendarYear": "2022",
    "period": "Q1",
    "revenue": 2592549000,
    "costOfRevenue": 2239994000,
    "grossProfit": 352555000,
    "grossProfitRatio": 0.1359877865,
    "researchAndDevelopmentExpenses": 0,
    "generalAndAdministrativeExpenses": 0,
    "sellingAndMarketingExpenses": 0,
    "sellingGeneralAndAdministrativeExpenses": 252598000,
    "otherExpenses": 0,
    "operatingExpenses": 252598000,
    "costAndExpenses": 2492592000,
    "interestIncome": 0,
    "interestExpense": 1289000,
    "depreciationAndAmortization": 27129000,
    "ebitda": 128255000,
    "ebitdaratio": 0.0494706175,
    "operatingIncome": 99957000,
    "operatingIncomeRatio": 0.0385554911,
    "totalOtherIncomeExpensesNet": -120000,
    "incomeBeforeTax": 99837000,
    "incomeBeforeTaxRatio": 0.0385092046,
    "incomeTaxExpense": 26451000,
    "netIncome": 73386000,
    "netIncomeRatio": 0.0283065045,
    "eps": 1.39,
    "epsdiluted": 1.39,
    "weightedAverageShsOut": 52713005,
    "weightedAverageShsOutDil": 52916559,
    "link": "https://www.sec.gov/Archives/edgar/data/105634/000010563422000013/0000105634-22-000013-index.htm",
    "finalLink": "https://www.sec.gov/Archives/edgar/data/105634/000010563422000013/eme-20220331.htm"
  },
  {
    "date": "2021-12-31",
    "symbol": "EME",
    "reportedCurrency": "USD",
    "cik": "0000105634",
    "fillingDate": "2022-02-24",
    "acceptedDate": "2022-02-24 07:33:33",
    "calendarYear": "2021",
    "period": "Q4",
    "revenue": 2640193000,
    "costOfRevenue": 2237151000,
    "grossProfit": 403042000,
    "grossProfitRatio": 0.1526562641,
    "researchAndDevelopmentExpenses": 0,
    "generalAndAdministrativeExpenses": 0,
    "sellingAndMarketingExpenses": 0,
    "sellingGeneralAndAdministrativeExpenses": 260025000,
    "otherExpenses": 0,
    "operatingExpenses": 260025000,
    "costAndExpenses": 2497176000,
    "interestIncome": 949000,
    "interestExpense": 2106000,
    "depreciationAndAmortization": 28189000,
    "ebitda": 173042000,
    "ebitdaratio": 0.0655414206,
    "operatingIncome": 143017000,
    "operatingIncomeRatio": 0.054169146,
    "totalOtherIncomeExpensesNet": -270000,
    "incomeBeforeTax": 142747000,
    "incomeBeforeTaxRatio": 0.0540668807,
    "incomeTaxExpense": 41079000,
    "netIncome": 101668000,
    "netIncomeRatio": 0.0385077909,
    "eps": 1.9,
    "epsdiluted": 1.89,
    "weightedAverageShsOut": 53419752,
    "weightedAverageShsOutDil": 53724800,
    "link": "https://www.sec.gov/Archives/edgar/data/105634/000010563422000006/0000105634-22-000006-index.htm",
    "finalLink": "https://www.sec.gov/Archives/edgar/data/105634/000010563422000006/eme-20211231.htm"
  },
  {
    "date": "2021-09-30",
    "symbol": "EME",
    "reportedCurrency": "USD",
    "cik": "0000105634",
    "fillingDate": "2021-10-28",
    "acceptedDate": "2021-10-28 07:33:05",
    "calendarYear": "2021",
    "period": "Q3",
    "revenue": 2521672000,
    "costOfRevenue": 2140329000,
    "grossProfit": 381343000,
    "grossProfitRatio": 0.1512262499,
    "researchAndDevelopmentExpenses": 0,
    "generalAndAdministrativeExpenses": 0,
    "sellingAndMarketingExpenses": 0,
    "sellingGeneralAndAdministrativeExpenses": 243922000,
    "otherExpenses": 0,
    "operatingExpenses": 243922000,
    "costAndExpenses": 2384251000,
    "interestIncome": 0,
    "interestExpense": 1286000,
    "depreciationAndAmortization": 29141000,
    "ebitda": 167470000,
    "ebitdaratio": 0.0664122852,
    "operatingIncome": 137421000,
    "operatingIncomeRatio": 0.0544959852,
    "totalOtherIncomeExpensesNet": -378000,
    "incomeBeforeTax": 137043000,
    "incomeBeforeTaxRatio": 0.0543460847,
    "incomeTaxExpense": 37303000,
    "netIncome": 99740000,
    "netIncomeRatio": 0.0395531219,
    "eps": 1.86,
    "epsdiluted": 1.85,
    "weightedAverageShsOut": 53700603,
    "weightedAverageShsOutDil": 53984658,
    "link": "https://www.sec.gov/Archives/edgar/data/105634/000010563421000119/0000105634-21-000119-index.htm",
    "finalLink": "https://www.sec.gov/Archives/edgar/data/105634/000010563421000119/eme-20210930.htm"
  },
  {
    "date": "2021-06-30",
    "symbol": "EME",
    "reportedCurrency": "USD",
    "cik": "0000105634",
    "fillingDate": "2021-07-29",
    "acceptedDate": "2021-07-29 07:33:24",
    "calendarYear": "2021",
    "period": "Q2",
    "revenue": 2437666000,
    "costOfRevenue": 2061387000,
    "grossProfit": 376279000,
    "grossProfitRatio": 0.1543603595,
    "researchAndDevelopmentExpenses": 0,
    "generalAndAdministrativeExpenses": 0,
    "sellingAndMarketingExpenses": 0,
    "sellingGeneralAndAdministrativeExpenses": 242921000,
    "otherExpenses": 0,
    "operatingExpenses": 242921000,
    "costAndExpenses": 2304308000,
    "interestIncome": 0,
    "interestExpense": 1316000,
    "depreciationAndAmortization": 28116000,
    "ebitda": 162396000,
    "ebitdaratio": 0.066619463,
    "operatingIncome": 133358000,
    "operatingIncomeRatio": 0.0547072487,
    "totalOtherIncomeExpensesNet": -394000,
    "incomeBeforeTax": 132964000,
    "incomeBeforeTaxRatio": 0.0545456186,
    "incomeTaxExpense": 35616000,
    "netIncome": 97350000,
    "netIncomeRatio": 0.0399357418,
    "eps": 1.79,
    "epsdiluted": 1.78,
    "weightedAverageShsOut": 54301466,
    "weightedAverageShsOutDil": 54587813,
    "link": "https://www.sec.gov/Archives/edgar/data/105634/000010563421000113/0000105634-21-000113-index.htm",
    "finalLink": "https://www.sec.gov/Archives/edgar/data/105634/000010563421000113/eme-20210630.htm"
  },
  {
    "date": "2021-03-31",
    "symbol": "EME",
    "reportedCurrency": "USD",
    "cik": "0000105634",
    "fillingDate": "2021-04-29",
    "acceptedDate": "2021-04-29 07:33:06",
    "calendarYear": "2021",
    "period": "Q1",
    "revenue": 2304049000,
    "costOfRevenue": 1962976000,
    "grossProfit": 341073000,
    "grossProfitRatio": 0.148032008,
    "researchAndDevelopmentExpenses": 0,
    "generalAndAdministrativeExpenses": 0,
    "sellingAndMarketingExpenses": 0,
    "sellingGeneralAndAdministrativeExpenses": 224069000,
    "otherExpenses": 0,
    "operatingExpenses": 224069000,
    "costAndExpenses": 2187045000,
    "interestIncome": 0,
    "interestExpense": 1363000,
    "depreciationAndAmortization": 26990000,
    "ebitda": 144902000,
    "ebitdaratio": 0.0628901555,
    "operatingIncome": 117004000,
    "operatingIncomeRatio": 0.0507819061,
    "totalOtherIncomeExpensesNet": -455000,
    "incomeBeforeTax": 116549000,
    "incomeBeforeTaxRatio": 0.0505844277,
    "incomeTaxExpense": 31604000,
    "netIncome": 84774000,
    "netIncomeRatio": 0.0367934883,
    "eps": 1.54,
    "epsdiluted": 1.54,
    "weightedAverageShsOut": 54896548,
    "weightedAverageShsOutDil": 55135304,
    "link": "https://www.sec.gov/Archives/edgar/data/105634/000010563421000075/0000105634-21-000075-index.htm",
    "finalLink": "https://www.sec.gov/Archives/edgar/data/105634/000010563421000075/eme-20210331.htm"
  },
  {
    "date": "2020-12-31",
    "symbol": "EME",
    "reportedCurrency": "USD",
    "cik": "0000105634",
    "fillingDate": "2021-02-25",
    "acceptedDate": "2021-02-25 07:33:36",
    "calendarYear": "2020",
    "period": "Q4",
    "revenue": 2281494000,
    "costOfRevenue": 1897643000,
    "grossProfit": 383851000,
    "grossProfitRatio": 0.1682454567,
    "researchAndDevelopmentExpenses": 0,
    "generalAndAdministrativeExpenses": 0,
    "sellingAndMarketingExpenses": 0,
    "sellingGeneralAndAdministrativeExpenses": 244620000,
    "otherExpenses": 1609000,
    "operatingExpenses": 246229000,
    "costAndExpenses": 2143872000,
    "interestIncome": 949000,
    "interestExpense": 2927000,
    "depreciationAndAmortization": 27025000,
    "ebitda": 166937000,
    "ebitdaratio": 0.0731700368,
    "operatingIncome": 137622000,
    "operatingIncomeRatio": 0.0603210002,
    "totalOtherIncomeExpensesNet": -637000,
    "incomeBeforeTax": 136985000,
    "incomeBeforeTaxRatio": 0.0600417972,
    "incomeTaxExpense": 57204000,
    "netIncome": 79781000,
    "netIncomeRatio": 0.0349687529,
    "eps": 1.45,
    "epsdiluted": 1.45,
    "weightedAverageShsOut": 54882514,
    "weightedAverageShsOutDil": 55160893,
    "link": "https://www.sec.gov/Archives/edgar/data/105634/000010563421000044/0000105634-21-000044-index.htm",
    "finalLink": "https://www.sec.gov/Archives/edgar/data/105634/000010563421000044/eme-20201231.htm"
  },
  {
    "date": "2020-09-30",
    "symbol": "EME",
    "reportedCurrency": "USD",
    "cik": "0000105634",
    "fillingDate": "2020-10-29",
    "acceptedDate": "2020-10-29 07:33:07",
    "calendarYear": "2020",
    "period": "Q3",
    "revenue": 2201714000,
    "costOfRevenue": 1838530000,
    "grossProfit": 363184000,
    "grossProfitRatio": 0.1649551213,
    "researchAndDevelopmentExpenses": 0,
    "generalAndAdministrativeExpenses": 0,
    "sellingAndMarketingExpenses": 0,
    "sellingGeneralAndAdministrativeExpenses": 226793000,
    "otherExpenses": 536000,
    "operatingExpenses": 227329000,
    "costAndExpenses": 2065859000,
    "interestIncome": 0,
    "interestExpense": 1484000,
    "depreciationAndAmortization": 27022000,
    "ebitda": 163628000,
    "ebitdaratio": 0.0743184628,
    "operatingIncome": 135855000,
    "operatingIncomeRatio": 0.0617041995,
    "totalOtherIncomeExpensesNet": -733000,
    "incomeBeforeTax": 135122000,
    "incomeBeforeTaxRatio": 0.0613712771,
    "incomeTaxExpense": 73936000,
    "netIncome": 61186000,
    "netIncomeRatio": 0.0277901671,
    "eps": 1.11,
    "epsdiluted": 1.11,
    "weightedAverageShsOut": 54979310,
    "weightedAverageShsOutDil": 55200245,
    "link": "https://www.sec.gov/Archives/edgar/data/105634/000010563420000157/0000105634-20-000157-index.htm",
    "finalLink": "https://www.sec.gov/Archives/edgar/data/105634/000010563420000157/eme-20200930.htm"
  },
  {
    "date": "2020-06-30",
    "symbol": "EME",
    "reportedCurrency": "USD",
    "cik": "0000105634",
    "fillingDate": "2020-08-03",
    "acceptedDate": "2020-08-03 07:33:12",
    "calendarYear": "2020",
    "period": "Q2",
    "revenue": 2014021000,
    "costOfRevenue": 1698735000,
    "grossProfit": 315286000,
    "grossProfitRatio": 0.1565455375,
    "researchAndDevelopmentExpenses": 0,
    "generalAndAdministrativeExpenses": 0,
    "sellingAndMarketingExpenses": 0,
    "sellingGeneralAndAdministrativeExpenses": 205174000,
    "otherExpenses": 232750000,
    "operatingExpenses": 437924000,
    "costAndExpenses": 2136659000,
    "interestIncome": 0,
    "interestExpense": 2110000,
    "depreciationAndAmortization": 26110000,
    "ebitda": -95810000,
    "ebitdaratio": -0.0475715,
    "operatingIncome": -122638000,
    "operatingIncomeRatio": -0.0608921158,
    "totalOtherIncomeExpensesNet": -1392000,
    "incomeBeforeTax": -124030000,
    "incomeBeforeTaxRatio": -0.0615832705,
    "incomeTaxExpense": -40341000,
    "netIncome": -83689000,
    "netIncomeRatio": -0.0415531914,
    "eps": -1.52,
    "epsdiluted": -1.52,
    "weightedAverageShsOut": 54937038,
    "weightedAverageShsOutDil": 54937038,
    "link": "https://www.sec.gov/Archives/edgar/data/105634/000010563420000146/0000105634-20-000146-index.htm",
    "finalLink": "https://www.sec.gov/Archives/edgar/data/105634/000010563420000146/eme-20200630.htm"
  },
  {
    "date": "2020-03-31",
    "symbol": "EME",
    "reportedCurrency": "USD",
    "cik": "0000105634",
    "fillingDate": "2020-04-30",
    "acceptedDate": "2020-04-30 07:34:21",
    "calendarYear": "2020",
    "period": "Q1",
    "revenue": 2299832000,
    "costOfRevenue": 1966771000,
    "grossProfit": 333061000,
    "grossProfitRatio": 0.1448197086,
    "researchAndDevelopmentExpenses": 0,
    "generalAndAdministrativeExpenses": 0,
    "sellingAndMarketingExpenses": 0,
    "sellingGeneralAndAdministrativeExpenses": 226997000,
    "otherExpenses": 69000,
    "operatingExpenses": 227066000,
    "costAndExpenses": 2193837000,
    "interestIncome": 0,
    "interestExpense": 2488000,
    "depreciationAndAmortization": 26514000,
    "ebitda": 133251000,
    "ebitdaratio": 0.0579394495,
    "operatingIncome": 105995000,
    "operatingIncomeRatio": 0.046088149,
    "totalOtherIncomeExpensesNet": -1746000,
    "incomeBeforeTax": 104249000,
    "incomeBeforeTaxRatio": 0.0453289632,
    "incomeTaxExpense": 28584000,
    "netIncome": 75665000,
    "netIncomeRatio": 0.0329002292,
    "eps": 1.35,
    "epsdiluted": 1.35,
    "weightedAverageShsOut": 56007122,
    "weightedAverageShsOutDil": 56210728,
    "link": "https://www.sec.gov/Archives/edgar/data/105634/000010563420000066/0000105634-20-000066-index.htm",
    "finalLink": "https://www.sec.gov/Archives/edgar/data/105634/000010563420000066/eme-2020331x10q.htm"
  },
  {
    "date": "2019-12-31",
    "symbol": "EME",
    "reportedCurrency": "USD",
    "cik": "0000105634",
    "fillingDate": "2020-02-27",
    "acceptedDate": "2020-02-27 07:34:50",
    "calendarYear": "2019",
    "period": "Q4",
    "revenue": 2403940000,
    "costOfRevenue": 2039193000,
    "grossProfit": 364747000,
    "grossProfitRatio": 0.1517288285,
    "researchAndDevelopmentExpenses": 0,
    "generalAndAdministrativeExpenses": 240917000,
    "sellingAndMarketingExpenses": 0,
    "sellingGeneralAndAdministrativeExpenses": 240917000,
    "otherExpenses": 956000,
    "operatingExpenses": 241873000,
    "costAndExpenses": 2281066000,
    "interestIncome": 0,
    "interestExpense": 5089000,
    "depreciationAndAmortization": 25175000,
    "ebitda": 150680000,
    "ebitdaratio": 0.062680433,
    "operatingIncome": 122874000,
    "operatingIncomeRatio": 0.0511135885,
    "totalOtherIncomeExpensesNet": -2458000,
    "incomeBeforeTax": 120416000,
    "incomeBeforeTaxRatio": 0.0500911004,
    "incomeTaxExpense": 33492000,
    "netIncome": 86924000,
    "netIncomeRatio": 0.0361589724,
    "eps": 1.54,
    "epsdiluted": 1.54,
    "weightedAverageShsOut": 56263774,
    "weightedAverageShsOutDil": 56592654,
    "link": "https://www.sec.gov/Archives/edgar/data/105634/000010563420000043/0000105634-20-000043-index.htm",
    "finalLink": "https://www.sec.gov/Archives/edgar/data/105634/000010563420000043/eme-20191231x10k.htm"
  },
  {
    "date": "2019-09-30",
    "symbol": "EME",
    "reportedCurrency": "USD",
    "cik": "0000105634",
    "fillingDate": "2019-10-29",
    "acceptedDate": "2019-10-29 07:34:17",
    "calendarYear": "2019",
    "period": "Q3",
    "revenue": 2287741000,
    "costOfRevenue": 1951754000,
    "grossProfit": 335987000,
    "grossProfitRatio": 0.1468640899,
    "researchAndDevelopmentExpenses": 0,
    "generalAndAdministrativeExpenses": 220119000,
    "sellingAndMarketingExpenses": 0,
    "sellingGeneralAndAdministrativeExpenses": 220119000,
    "otherExpenses": 119000,
    "operatingExpenses": 220238000,
    "costAndExpenses": 2171992000,
    "interestIncome": 0,
    "interestExpense": 2678000,
    "depreciationAndAmortization": 22352000,
    "ebitda": 138482000,
    "ebitdaratio": 0.0605322019,
    "operatingIncome": 115749000,
    "operatingIncomeRatio": 0.0505953253,
    "totalOtherIncomeExpensesNet": -2297000,
    "incomeBeforeTax": 113452000,
    "incomeBeforeTaxRatio": 0.049591278,
    "incomeTaxExpense": 31618000,
    "netIncome": 81834000,
    "netIncomeRatio": 0.0357706576,
    "eps": 1.46,
    "epsdiluted": 1.45,
    "weightedAverageShsOut": 56216840,
    "weightedAverageShsOutDil": 56558450,
    "link": "https://www.sec.gov/Archives/edgar/data/105634/000010563419000181/0000105634-19-000181-index.htm",
    "finalLink": "https://www.sec.gov/Archives/edgar/data/105634/000010563419000181/eme-2019930x10q.htm"
  },
  {
    "date": "2019-06-30",
    "symbol": "EME",
    "reportedCurrency": "USD",
    "cik": "0000105634",
    "fillingDate": "2019-07-30",
    "acceptedDate": "2019-07-30 07:34:13",
    "calendarYear": "2019",
    "period": "Q2",
    "revenue": 2324202000,
    "costOfRevenue": 1977822000,
    "grossProfit": 346380000,
    "grossProfitRatio": 0.1490317967,
    "researchAndDevelopmentExpenses": 0,
    "generalAndAdministrativeExpenses": 226248000,
    "sellingAndMarketingExpenses": 0,
    "sellingGeneralAndAdministrativeExpenses": 226248000,
    "otherExpenses": 173000,
    "operatingExpenses": 226421000,
    "costAndExpenses": 2204243000,
    "interestIncome": 0,
    "interestExpense": 3231000,
    "depreciationAndAmortization": 22365000,
    "ebitda": 142724000,
    "ebitdaratio": 0.0614077434,
    "operatingIncome": 119959000,
    "operatingIncomeRatio": 0.0516129837,
    "totalOtherIncomeExpensesNet": -2831000,
    "incomeBeforeTax": 117128000,
    "incomeBeforeTaxRatio": 0.0503949312,
    "incomeTaxExpense": 33156000,
    "netIncome": 83972000,
    "netIncomeRatio": 0.0361293898,
    "eps": 1.49,
    "epsdiluted": 1.49,
    "weightedAverageShsOut": 56181864,
    "weightedAverageShsOutDil": 56499514,
    "link": "https://www.sec.gov/Archives/edgar/data/105634/000010563419000143/0000105634-19-000143-index.htm",
    "finalLink": "https://www.sec.gov/Archives/edgar/data/105634/000010563419000143/eme-2019630x10q.htm"
  },
  {
    "date": "2019-03-31",
    "symbol": "EME",
    "reportedCurrency": "USD",
    "cik": "0000105634",
    "fillingDate": "2019-04-30",
    "acceptedDate": "2019-04-30 07:34:08",
    "calendarYear": "2019",
    "period": "Q1",
    "revenue": 2158728000,
    "costOfRevenue": 1849974000,
    "grossProfit": 308754000,
    "grossProfitRatio": 0.143025893,
    "researchAndDevelopmentExpenses": 0,
    "generalAndAdministrativeExpenses": 206169000,
    "sellingAndMarketingExpenses": 0,
    "sellingGeneralAndAdministrativeExpenses": 206169000,
    "otherExpenses": 275000,
    "operatingExpenses": 206444000,
    "costAndExpenses": 2056418000,
    "interestIncome": 0,
    "interestExpense": 2823000,
    "depreciationAndAmortization": 22195000,
    "ebitda": 124911000,
    "ebitdaratio": 0.0578632417,
    "operatingIncome": 102310000,
    "operatingIncomeRatio": 0.0473936503,
    "totalOtherIncomeExpensesNet": -2417000,
    "incomeBeforeTax": 99893000,
    "incomeBeforeTaxRatio": 0.0462740095,
    "incomeTaxExpense": 27483000,
    "netIncome": 72410000,
    "netIncomeRatio": 0.0335429012,
    "eps": 1.29,
    "epsdiluted": 1.28,
    "weightedAverageShsOut": 56168356,
    "weightedAverageShsOutDil": 56424222,
    "link": "https://www.sec.gov/Archives/edgar/data/105634/000010563419000077/0000105634-19-000077-index.htm",
    "finalLink": "https://www.sec.gov/Archives/edgar/data/105634/000010563419000077/eme-2019331x10q.htm"
  },
  {
    "date": "2018-12-31",
    "symbol": "EME",
    "reportedCurrency": "USD",
    "cik": "0000105634",
    "fillingDate": "2019-02-21",
    "acceptedDate": "2019-02-21 07:35:40",
    "calendarYear": "2018",
    "period": "Q4",
    "revenue": 2229308000,
    "costOfRevenue": 1893157000,
    "grossProfit": 336151000,
    "grossProfitRatio": 0.1507871501,
    "researchAndDevelopmentExpenses": 0,
    "generalAndAdministrativeExpenses": 220891000,
    "sellingAndMarketingExpenses": 0,
    "sellingGeneralAndAdministrativeExpenses": 220891000,
    "otherExpenses": 1613000,
    "operatingExpenses": 222504000,
    "costAndExpenses": 2115661000,
    "interestIncome": 716000,
    "interestExpense": 3503000,
    "depreciationAndAmortization": 20748000,
    "ebitda": 135785000,
    "ebitdaratio": 0.0609090354,
    "operatingIncome": 113647000,
    "operatingIncomeRatio": 0.0509785996,
    "totalOtherIncomeExpensesNet": -2113000,
    "incomeBeforeTax": 111534000,
    "incomeBeforeTaxRatio": 0.0500307719,
    "incomeTaxExpense": 32233000,
    "netIncome": 77968000,
    "netIncomeRatio": 0.0349740816,
    "eps": 1.37,
    "epsdiluted": 1.36,
    "weightedAverageShsOut": 57187490,
    "weightedAverageShsOutDil": 57514189,
    "link": "https://www.sec.gov/Archives/edgar/data/105634/000010563419000044/0000105634-19-000044-index.htm",
    "finalLink": "https://www.sec.gov/Archives/edgar/data/105634/000010563419000044/eme-20181231x10k.htm"
  },
  {
    "date": "2018-09-30",
    "symbol": "EME",
    "reportedCurrency": "USD",
    "cik": "0000105634",
    "fillingDate": "2018-10-25",
    "acceptedDate": "2018-10-25 07:35:06",
    "calendarYear": "2018",
    "period": "Q3",
    "revenue": 2047049000,
    "costOfRevenue": 1737710000,
    "grossProfit": 309339000,
    "grossProfitRatio": 0.1511146045,
    "researchAndDevelopmentExpenses": 0,
    "generalAndAdministrativeExpenses": 197334000,
    "sellingAndMarketingExpenses": 0,
    "sellingGeneralAndAdministrativeExpenses": 197334000,
    "otherExpenses": 229000,
    "operatingExpenses": 197563000,
    "costAndExpenses": 1935273000,
    "interestIncome": 852000,
    "interestExpense": 2736000,
    "depreciationAndAmortization": 19582000,
    "ebitda": 131973000,
    "ebitdaratio": 0.0644698783,
    "operatingIncome": 111776000,
    "operatingIncomeRatio": 0.0546034804,
    "totalOtherIncomeExpensesNet": -2121000,
    "incomeBeforeTax": 109655000,
    "incomeBeforeTaxRatio": 0.0535673548,
    "incomeTaxExpense": 29711000,
    "netIncome": 79373000,
    "netIncomeRatio": 0.0387743527,
    "eps": 1.36,
    "epsdiluted": 1.35,
    "weightedAverageShsOut": 58208203,
    "weightedAverageShsOutDil": 58541310,
    "link": "https://www.sec.gov/Archives/edgar/data/105634/000010563418000180/0000105634-18-000180-index.htm",
    "finalLink": "https://www.sec.gov/Archives/edgar/data/105634/000010563418000180/eme-2018930x10q.htm"
  },
  {
    "date": "2018-06-30",
    "symbol": "EME",
    "reportedCurrency": "USD",
    "cik": "0000105634",
    "fillingDate": "2018-07-26",
    "acceptedDate": "2018-07-26 07:34:19",
    "calendarYear": "2018",
    "period": "Q2",
    "revenue": 1953886000,
    "costOfRevenue": 1663042000,
    "grossProfit": 290844000,
    "grossProfitRatio": 0.1488541297,
    "researchAndDevelopmentExpenses": 0,
    "generalAndAdministrativeExpenses": 189190000,
    "sellingAndMarketingExpenses": 717000,
    "sellingGeneralAndAdministrativeExpenses": 189907000,
    "otherExpenses": 1281000,
    "operatingExpenses": 191188000,
    "costAndExpenses": 1854230000,
    "interestIncome": 634000,
    "interestExpense": 2823000,
    "depreciationAndAmortization": 20206000,
    "ebitda": 120579000,
    "ebitdaratio": 0.0617124029,
    "operatingIncome": 99656000,
    "operatingIncomeRatio": 0.0510039992,
    "totalOtherIncomeExpensesNet": -2106000,
    "incomeBeforeTax": 97550000,
    "incomeBeforeTaxRatio": 0.0499261472,
    "incomeTaxExpense": 26529000,
    "netIncome": 70816000,
    "netIncomeRatio": 0.0362436703,
    "eps": 1.22,
    "epsdiluted": 1.21,
    "weightedAverageShsOut": 58332934,
    "weightedAverageShsOutDil": 58670595,
    "link": "https://www.sec.gov/Archives/edgar/data/105634/000010563418000133/0000105634-18-000133-index.htm",
    "finalLink": "https://www.sec.gov/Archives/edgar/data/105634/000010563418000133/eme-2018630x10q.htm"
  },
  {
    "date": "2018-03-31",
    "symbol": "EME",
    "reportedCurrency": "USD",
    "cik": "0000105634",
    "fillingDate": "2018-04-26",
    "acceptedDate": "2018-04-26 07:33:24",
    "calendarYear": "2018",
    "period": "Q1",
    "revenue": 1900388000,
    "costOfRevenue": 1631269000,
    "grossProfit": 269119000,
    "grossProfitRatio": 0.1416126602,
    "researchAndDevelopmentExpenses": 0,
    "generalAndAdministrativeExpenses": 190288000,
    "sellingAndMarketingExpenses": 0,
    "sellingGeneralAndAdministrativeExpenses": 191025000,
    "otherExpenses": 90000,
    "operatingExpenses": 191115000,
    "costAndExpenses": 1822384000,
    "interestIncome": 544000,
    "interestExpense": 2452000,
    "depreciationAndAmortization": 20379000,
    "ebitda": 99120000,
    "ebitdaratio": 0.0521577699,
    "operatingIncome": 78004000,
    "operatingIncomeRatio": 0.0410463547,
    "totalOtherIncomeExpensesNet": -2452000,
    "incomeBeforeTax": 76289000,
    "incomeBeforeTaxRatio": 0.0401439075,
    "incomeTaxExpense": 20633000,
    "netIncome": 55374000,
    "netIncomeRatio": 0.0291382602,
    "eps": 0.95,
    "epsdiluted": 0.94,
    "weightedAverageShsOut": 58739115,
    "weightedAverageShsOutDil": 59064164,
    "link": "https://www.sec.gov/Archives/edgar/data/105634/000010563418000065/0000105634-18-000065-index.htm",
    "finalLink": "https://www.sec.gov/Archives/edgar/data/105634/000010563418000065/eme-2018331x10q.htm"
  },
  {
    "date": "2017-12-31",
    "symbol": "EME",
    "reportedCurrency": "USD",
    "cik": "0000105634",
    "fillingDate": "2018-02-22",
    "acceptedDate": "2018-02-22 07:34:51",
    "calendarYear": "2017",
    "period": "Q4",
    "revenue": 2012639000,
    "costOfRevenue": 1701538000,
    "grossProfit": 311101000,
    "grossProfitRatio": 0.1545736717,
    "researchAndDevelopmentExpenses": 0,
    "generalAndAdministrativeExpenses": 204159000,
    "sellingAndMarketingExpenses": 0,
    "sellingGeneralAndAdministrativeExpenses": 204159000,
    "otherExpenses": 58442000,
    "operatingExpenses": 262601000,
    "costAndExpenses": 1964139000,
    "interestIncome": 358000,
    "interestExpense": 3306000,
    "depreciationAndAmortization": 21954000,
    "ebitda": 70812000,
    "ebitdaratio": 0.0351836569,
    "operatingIncome": 48500000,
    "operatingIncomeRatio": 0.0240977145,
    "totalOtherIncomeExpensesNet": -2948000,
    "incomeBeforeTax": 45552000,
    "incomeBeforeTaxRatio": 0.0226329709,
    "incomeTaxExpense": -7774000,
    "netIncome": 53201000,
    "netIncomeRatio": 0.0264334538,
    "eps": 0.91,
    "epsdiluted": 0.9,
    "weightedAverageShsOut": 58903875,
    "weightedAverageShsOutDil": 59314187,
    "link": "https://www.sec.gov/Archives/edgar/data/105634/000010563418000045/0000105634-18-000045-index.htm",
    "finalLink": "https://www.sec.gov/Archives/edgar/data/105634/000010563418000045/eme-20171231x10k.htm"
  },
  {
    "date": "2017-09-30",
    "symbol": "EME",
    "reportedCurrency": "USD",
    "cik": "0000105634",
    "fillingDate": "2017-10-26",
    "acceptedDate": "2017-10-26 07:33:41",
    "calendarYear": "2017",
    "period": "Q3",
    "revenue": 1886691000,
    "costOfRevenue": 1591621000,
    "grossProfit": 295070000,
    "grossProfitRatio": 0.1563955094,
    "researchAndDevelopmentExpenses": 0,
    "generalAndAdministrativeExpenses": 188565000,
    "sellingAndMarketingExpenses": 0,
    "sellingGeneralAndAdministrativeExpenses": 188980000,
    "otherExpenses": 46000,
    "operatingExpenses": 189026000,
    "costAndExpenses": 1780647000,
    "interestIncome": 277000,
    "interestExpense": 3324000,
    "depreciationAndAmortization": 21944000,
    "ebitda": 128680000,
    "ebitdaratio": 0.0682040673,
    "operatingIncome": 106044000,
    "operatingIncomeRatio": 0.0562063422,
    "totalOtherIncomeExpensesNet": -3047000,
    "incomeBeforeTax": 103412000,
    "incomeBeforeTaxRatio": 0.0548113072,
    "incomeTaxExpense": 38608000,
    "netIncome": 64597000,
    "netIncomeRatio": 0.034238251,
    "eps": 1.1,
    "epsdiluted": 1.09,
    "weightedAverageShsOut": 59061768,
    "weightedAverageShsOutDil": 59419200,
    "link": "https://www.sec.gov/Archives/edgar/data/105634/000010563417000186/0000105634-17-000186-index.htm",
    "finalLink": "https://www.sec.gov/Archives/edgar/data/105634/000010563417000186/eme-2017930x10q.htm"
  },
  {
    "date": "2017-06-30",
    "symbol": "EME",
    "reportedCurrency": "USD",
    "cik": "0000105634",
    "fillingDate": "2017-07-27",
    "acceptedDate": "2017-07-27 07:36:59",
    "calendarYear": "2017",
    "period": "Q2",
    "revenue": 1895937000,
    "costOfRevenue": 1621436000,
    "grossProfit": 274501000,
    "grossProfitRatio": 0.1447838193,
    "researchAndDevelopmentExpenses": 0,
    "generalAndAdministrativeExpenses": 181337000,
    "sellingAndMarketingExpenses": 0,
    "sellingGeneralAndAdministrativeExpenses": 181745000,
    "otherExpenses": 343000,
    "operatingExpenses": 182088000,
    "costAndExpenses": 1803524000,
    "interestIncome": 73000,
    "interestExpense": 3069000,
    "depreciationAndAmortization": 22240000,
    "ebitda": 115134000,
    "ebitdaratio": 0.0607267014,
    "operatingIncome": 92413000,
    "operatingIncomeRatio": 0.0487426534,
    "totalOtherIncomeExpensesNet": -2996000,
    "incomeBeforeTax": 89825000,
    "incomeBeforeTaxRatio": 0.0473776291,
    "incomeTaxExpense": 33019000,
    "netIncome": 56758000,
    "netIncomeRatio": 0.0299366487,
    "eps": 0.96,
    "epsdiluted": 0.95,
    "weightedAverageShsOut": 59290420,
    "weightedAverageShsOutDil": 59639061,
    "link": "https://www.sec.gov/Archives/edgar/data/105634/000010563417000128/0000105634-17-000128-index.htm",
    "finalLink": "https://www.sec.gov/Archives/edgar/data/105634/000010563417000128/eme-2017630x10q.htm"
  },
  {
    "date": "2017-03-31",
    "symbol": "EME",
    "reportedCurrency": "USD",
    "cik": "0000105634",
    "fillingDate": "2017-04-27",
    "acceptedDate": "2017-04-27 07:33:23",
    "calendarYear": "2017",
    "period": "Q1",
    "revenue": 1891732000,
    "costOfRevenue": 1625392000,
    "grossProfit": 266340000,
    "grossProfitRatio": 0.1407916132,
    "researchAndDevelopmentExpenses": 0,
    "generalAndAdministrativeExpenses": 183001000,
    "sellingAndMarketingExpenses": 0,
    "sellingGeneralAndAdministrativeExpenses": 183001000,
    "otherExpenses": 565000,
    "operatingExpenses": 183566000,
    "costAndExpenses": 1808958000,
    "interestIncome": 257000,
    "interestExpense": 3071000,
    "depreciationAndAmortization": 22371000,
    "ebitda": 105402000,
    "ebitdaratio": 0.0557171946,
    "operatingIncome": 82774000,
    "operatingIncomeRatio": 0.0437556694,
    "totalOtherIncomeExpensesNet": -2814000,
    "incomeBeforeTax": 79960000,
    "incomeBeforeTaxRatio": 0.0422681437,
    "incomeTaxExpense": 26846000,
    "netIncome": 52640000,
    "netIncomeRatio": 0.0278263517,
    "eps": 0.88,
    "epsdiluted": 0.87,
    "weightedAverageShsOut": 59769136,
    "weightedAverageShsOutDil": 60111602,
    "link": "https://www.sec.gov/Archives/edgar/data/105634/000010563417000061/0000105634-17-000061-index.htm",
    "finalLink": "https://www.sec.gov/Archives/edgar/data/105634/000010563417000061/eme-2017331x10q.htm"
  },
  {
    "date": "2016-12-31",
    "symbol": "EME",
    "reportedCurrency": "USD",
    "cik": "0000105634",
    "fillingDate": "2017-02-23",
    "acceptedDate": "2017-02-23 07:34:32",
    "calendarYear": "2016",
    "period": "Q4",
    "revenue": 1949964000,
    "costOfRevenue": 1677995000,
    "grossProfit": 271969000,
    "grossProfitRatio": 0.139473857,
    "researchAndDevelopmentExpenses": 0,
    "generalAndAdministrativeExpenses": 194884000,
    "sellingAndMarketingExpenses": 0,
    "sellingGeneralAndAdministrativeExpenses": 194884000,
    "otherExpenses": 2595000,
    "operatingExpenses": 197479000,
    "costAndExpenses": 1875474000,
    "interestIncome": 145000,
    "interestExpense": 3654000,
    "depreciationAndAmortization": 19994000,
    "ebitda": 94629000,
    "ebitdaratio": 0.0485285882,
    "operatingIncome": 74490000,
    "operatingIncomeRatio": 0.0382007052,
    "totalOtherIncomeExpensesNet": -3509000,
    "incomeBeforeTax": 70981000,
    "incomeBeforeTaxRatio": 0.0364011848,
    "incomeTaxExpense": 28536000,
    "netIncome": 40676000,
    "netIncomeRatio": 0.0208598723,
    "eps": 0.67,
    "epsdiluted": 0.66,
    "weightedAverageShsOut": 60479635,
    "weightedAverageShsOutDil": 60956004,
    "link": "https://www.sec.gov/Archives/edgar/data/105634/000010563417000043/0000105634-17-000043-index.htm",
    "finalLink": "https://www.sec.gov/Archives/edgar/data/105634/000010563417000043/eme-20161231x10k.htm"
  },
  {
    "date": "2016-09-30",
    "symbol": "EME",
    "reportedCurrency": "USD",
    "cik": "0000105634",
    "fillingDate": "2016-10-27",
    "acceptedDate": "2016-10-27 07:33:35",
    "calendarYear": "2016",
    "period": "Q3",
    "revenue": 1923174000,
    "costOfRevenue": 1655130000,
    "grossProfit": 268044000,
    "grossProfitRatio": 0.1393758443,
    "researchAndDevelopmentExpenses": 0,
    "generalAndAdministrativeExpenses": 181441000,
    "sellingAndMarketingExpenses": 0,
    "sellingGeneralAndAdministrativeExpenses": 181441000,
    "otherExpenses": 539000,
    "operatingExpenses": 181980000,
    "costAndExpenses": 1837110000,
    "interestIncome": 161000,
    "interestExpense": 3479000,
    "depreciationAndAmortization": 20519000,
    "ebitda": 106744000,
    "ebitdaratio": 0.0555040782,
    "operatingIncome": 86064000,
    "operatingIncomeRatio": 0.044751021,
    "totalOtherIncomeExpensesNet": -3318000,
    "incomeBeforeTax": 82746000,
    "incomeBeforeTaxRatio": 0.0430257481,
    "incomeTaxExpense": 30783000,
    "netIncome": 51531000,
    "netIncomeRatio": 0.0267947674,
    "eps": 0.84,
    "epsdiluted": 0.84,
    "weightedAverageShsOut": 59371672,
    "weightedAverageShsOutDil": 59721185,
    "link": "https://www.sec.gov/Archives/edgar/data/105634/000010563416000453/0000105634-16-000453-index.htm",
    "finalLink": "https://www.sec.gov/Archives/edgar/data/105634/000010563416000453/eme-2016930x10q.htm"
  },
  {
    "date": "2016-06-30",
    "symbol": "EME",
    "reportedCurrency": "USD",
    "cik": "0000105634",
    "fillingDate": "2016-07-28",
    "acceptedDate": "2016-07-28 07:34:16",
    "calendarYear": "2016",
    "period": "Q2",
    "revenue": 1933416000,
    "costOfRevenue": 1658675000,
    "grossProfit": 274741000,
    "grossProfitRatio": 0.1421013377,
    "researchAndDevelopmentExpenses": 0,
    "generalAndAdministrativeExpenses": 181811000,
    "sellingAndMarketingExpenses": 0,
    "sellingGeneralAndAdministrativeExpenses": 181811000,
    "otherExpenses": 641000,
    "operatingExpenses": 182452000,
    "costAndExpenses": 1841127000,
    "interestIncome": 192000,
    "interestExpense": 3118000,
    "depreciationAndAmortization": 20474000,
    "ebitda": 112955000,
    "ebitdaratio": 0.0584225019,
    "operatingIncome": 92289000,
    "operatingIncomeRatio": 0.0477336486,
    "totalOtherIncomeExpensesNet": -2926000,
    "incomeBeforeTax": 89363000,
    "incomeBeforeTaxRatio": 0.0462202651,
    "incomeTaxExpense": 32911000,
    "netIncome": 55380000,
    "netIncomeRatio": 0.0286436028,
    "eps": 0.91,
    "epsdiluted": 0.9,
    "weightedAverageShsOut": 60854781,
    "weightedAverageShsOutDil": 61276278,
    "link": "https://www.sec.gov/Archives/edgar/data/105634/000010563416000406/0000105634-16-000406-index.htm",
    "finalLink": "https://www.sec.gov/Archives/edgar/data/105634/000010563416000406/eme-2016630x10q.htm"
  },
  {
    "date": "2016-03-31",
    "symbol": "EME",
    "reportedCurrency": "USD",
    "cik": "0000105634",
    "fillingDate": "2016-04-28",
    "acceptedDate": "2016-04-28 07:35:09",
    "calendarYear": "2016",
    "period": "Q1",
    "revenue": 1744970000,
    "costOfRevenue": 1521862000,
    "grossProfit": 223108000,
    "grossProfitRatio": 0.1278577855,
    "researchAndDevelopmentExpenses": 0,
    "generalAndAdministrativeExpenses": 167402000,
    "sellingAndMarketingExpenses": 0,
    "sellingGeneralAndAdministrativeExpenses": 167402000,
    "otherExpenses": 91000,
    "operatingExpenses": 167493000,
    "costAndExpenses": 1689355000,
    "interestIncome": 165000,
    "interestExpense": 2376000,
    "depreciationAndAmortization": 18802000,
    "ebitda": 74582000,
    "ebitdaratio": 0.042741136,
    "operatingIncome": 55615000,
    "operatingIncomeRatio": 0.0318716081,
    "totalOtherIncomeExpensesNet": -2211000,
    "incomeBeforeTax": 53404000,
    "incomeBeforeTaxRatio": 0.0306045376,
    "incomeTaxExpense": 18969000,
    "netIncome": 34348000,
    "netIncomeRatio": 0.019684006,
    "eps": 0.57,
    "epsdiluted": 0.56,
    "weightedAverageShsOut": 60903335,
    "weightedAverageShsOutDil": 61350610,
    "link": "https://www.sec.gov/Archives/edgar/data/105634/000010563416000331/0000105634-16-000331-index.htm",
    "finalLink": "https://www.sec.gov/Archives/edgar/data/105634/000010563416000331/eme-2016331x10q.htm"
  },
  {
    "date": "2015-12-31",
    "symbol": "EME",
    "reportedCurrency": "USD",
    "cik": "0000105634",
    "fillingDate": "2016-02-25",
    "acceptedDate": "2016-02-25 07:35:10",
    "calendarYear": "2015",
    "period": "Q4",
    "revenue": 1777826000,
    "costOfRevenue": 1525205000,
    "grossProfit": 252621000,
    "grossProfitRatio": 0.1420954582,
    "researchAndDevelopmentExpenses": 0,
    "generalAndAdministrativeExpenses": 168456000,
    "sellingAndMarketingExpenses": 0,
    "sellingGeneralAndAdministrativeExpenses": 168456000,
    "otherExpenses": 82000,
    "operatingExpenses": 168538000,
    "costAndExpenses": 1693743000,
    "interestIncome": 158000,
    "interestExpense": 2282000,
    "depreciationAndAmortization": 18992000,
    "ebitda": 103233000,
    "ebitdaratio": 0.0580669874,
    "operatingIncome": 84083000,
    "operatingIncomeRatio": 0.0472954046,
    "totalOtherIncomeExpensesNet": -2124000,
    "incomeBeforeTax": 81959000,
    "incomeBeforeTaxRatio": 0.046100687,
    "incomeTaxExpense": 31584000,
    "netIncome": 51066000,
    "netIncomeRatio": 0.0287238459,
    "eps": 0.82,
    "epsdiluted": 0.81,
    "weightedAverageShsOut": 62398915,
    "weightedAverageShsOutDil": 62909269,
    "link": "https://www.sec.gov/Archives/edgar/data/105634/000010563416000297/0000105634-16-000297-index.htm",
    "finalLink": "https://www.sec.gov/Archives/edgar/data/105634/000010563416000297/eme-20151231x10k.htm"
  },
  {
    "date": "2015-09-30",
    "symbol": "EME",
    "reportedCurrency": "USD",
    "cik": "0000105634",
    "fillingDate": "2015-10-29",
    "acceptedDate": "2015-10-29 07:34:20",
    "calendarYear": "2015",
    "period": "Q3",
    "revenue": 1699128000,
    "costOfRevenue": 1463726000,
    "grossProfit": 235402000,
    "grossProfitRatio": 0.138542829,
    "researchAndDevelopmentExpenses": 0,
    "generalAndAdministrativeExpenses": 165135000,
    "sellingAndMarketingExpenses": 0,
    "sellingGeneralAndAdministrativeExpenses": 165135000,
    "otherExpenses": 301000,
    "operatingExpenses": 165436000,
    "costAndExpenses": 1629162000,
    "interestIncome": 157000,
    "interestExpense": 2226000,
    "depreciationAndAmortization": 18304000,
    "ebitda": 88427000,
    "ebitdaratio": 0.0520425771,
    "operatingIncome": 69966000,
    "operatingIncomeRatio": 0.0411775923,
    "totalOtherIncomeExpensesNet": -2069000,
    "incomeBeforeTax": 67897000,
    "incomeBeforeTaxRatio": 0.0399599088,
    "incomeTaxExpense": 25720000,
    "netIncome": 41522000,
    "netIncomeRatio": 0.0244372407,
    "eps": 0.66,
    "epsdiluted": 0.66,
    "weightedAverageShsOut": 62901923,
    "weightedAverageShsOutDil": 63392483,
    "link": "https://www.sec.gov/Archives/edgar/data/105634/000010563415000189/0000105634-15-000189-index.htm",
    "finalLink": "https://www.sec.gov/Archives/edgar/data/105634/000010563415000189/eme-2015930x10q.htm"
  },
  {
    "date": "2015-06-30",
    "symbol": "EME",
    "reportedCurrency": "USD",
    "cik": "0000105634",
    "fillingDate": "2015-07-30",
    "acceptedDate": "2015-07-30 07:35:01",
    "calendarYear": "2015",
    "period": "Q2",
    "revenue": 1652585000,
    "costOfRevenue": 1413058000,
    "grossProfit": 239527000,
    "grossProfitRatio": 0.1449408049,
    "researchAndDevelopmentExpenses": 0,
    "generalAndAdministrativeExpenses": 161391000,
    "sellingAndMarketingExpenses": 0,
    "sellingGeneralAndAdministrativeExpenses": 161391000,
    "otherExpenses": 433000,
    "operatingExpenses": 161824000,
    "costAndExpenses": 1574882000,
    "interestIncome": 182000,
    "interestExpense": 2208000,
    "depreciationAndAmortization": 18670000,
    "ebitda": 96555000,
    "ebitdaratio": 0.0584266467,
    "operatingIncome": 77703000,
    "operatingIncomeRatio": 0.0470190641,
    "totalOtherIncomeExpensesNet": -2026000,
    "incomeBeforeTax": 75677000,
    "incomeBeforeTaxRatio": 0.045793106,
    "incomeTaxExpense": 28727000,
    "netIncome": 46849000,
    "netIncomeRatio": 0.02834892,
    "eps": 0.75,
    "epsdiluted": 0.74,
    "weightedAverageShsOut": 62809699,
    "weightedAverageShsOutDil": 63330253,
    "link": "https://www.sec.gov/Archives/edgar/data/105634/000010563415000167/0000105634-15-000167-index.htm",
    "finalLink": "https://www.sec.gov/Archives/edgar/data/105634/000010563415000167/eme-2015630x10q.htm"
  },
  {
    "date": "2015-03-31",
    "symbol": "EME",
    "reportedCurrency": "USD",
    "cik": "0000105634",
    "fillingDate": "2015-04-30",
    "acceptedDate": "2015-04-30 07:34:20",
    "calendarYear": "2015",
    "period": "Q1",
    "revenue": 1589187000,
    "costOfRevenue": 1372258000,
    "grossProfit": 216929000,
    "grossProfitRatio": 0.1365031302,
    "researchAndDevelopmentExpenses": 0,
    "generalAndAdministrativeExpenses": 161591000,
    "sellingAndMarketingExpenses": 0,
    "sellingGeneralAndAdministrativeExpenses": 161591000,
    "otherExpenses": 8000,
    "operatingExpenses": 161599000,
    "costAndExpenses": 1533857000,
    "interestIncome": 176000,
    "interestExpense": 2216000,
    "depreciationAndAmortization": 18223000,
    "ebitda": 73729000,
    "ebitdaratio": 0.0463941625,
    "operatingIncome": 55330000,
    "operatingIncomeRatio": 0.0348165446,
    "totalOtherIncomeExpensesNet": -2040000,
    "incomeBeforeTax": 53290000,
    "incomeBeforeTaxRatio": 0.0335328693,
    "incomeTaxExpense": 20225000,
    "netIncome": 32849000,
    "netIncomeRatio": 0.0206703176,
    "eps": 0.53,
    "epsdiluted": 0.52,
    "weightedAverageShsOut": 63058911,
    "weightedAverageShsOutDil": 63611011,
    "link": "https://www.sec.gov/Archives/edgar/data/105634/000010563415000073/0000105634-15-000073-index.htm",
    "finalLink": "https://www.sec.gov/Archives/edgar/data/105634/000010563415000073/eme-2015331x10q.htm"
  },
  {
    "date": "2014-12-31",
    "symbol": "EME",
    "reportedCurrency": "USD",
    "cik": "0000105634",
    "fillingDate": "2015-02-26",
    "acceptedDate": "2015-02-26 07:34:23",
    "calendarYear": "2014",
    "period": "Q4",
    "revenue": 1714796000,
    "costOfRevenue": 1466223000,
    "grossProfit": 248573000,
    "grossProfitRatio": 0.1449577676,
    "researchAndDevelopmentExpenses": 0,
    "generalAndAdministrativeExpenses": 172235000,
    "sellingAndMarketingExpenses": 0,
    "sellingGeneralAndAdministrativeExpenses": 172235000,
    "otherExpenses": 1840000,
    "operatingExpenses": 174075000,
    "costAndExpenses": 1640298000,
    "interestIncome": 201000,
    "interestExpense": 2188000,
    "depreciationAndAmortization": 18782000,
    "ebitda": 93481000,
    "ebitdaratio": 0.0545143562,
    "operatingIncome": 74498000,
    "operatingIncomeRatio": 0.0434442348,
    "totalOtherIncomeExpensesNet": -1987000,
    "incomeBeforeTax": 72511000,
    "incomeBeforeTaxRatio": 0.0422854964,
    "incomeTaxExpense": 28100000,
    "netIncome": 42466000,
    "netIncomeRatio": 0.0247644618,
    "eps": 0.64,
    "epsdiluted": 0.64,
    "weightedAverageShsOut": 65183621,
    "weightedAverageShsOutDil": 66714641,
    "link": "https://www.sec.gov/Archives/edgar/data/105634/000010563415000041/0000105634-15-000041-index.htm",
    "finalLink": "https://www.sec.gov/Archives/edgar/data/105634/000010563415000041/eme-20141231x10k.htm"
  },
  {
    "date": "2014-09-30",
    "symbol": "EME",
    "reportedCurrency": "USD",
    "cik": "0000105634",
    "fillingDate": "2014-10-28",
    "acceptedDate": "2014-10-28 07:33:49",
    "calendarYear": "2014",
    "period": "Q3",
    "revenue": 1566711000,
    "costOfRevenue": 1344482000,
    "grossProfit": 222229000,
    "grossProfitRatio": 0.141844284,
    "researchAndDevelopmentExpenses": 0,
    "generalAndAdministrativeExpenses": 159983000,
    "sellingAndMarketingExpenses": 0,
    "sellingGeneralAndAdministrativeExpenses": 159983000,
    "otherExpenses": -11351000,
    "operatingExpenses": 148632000,
    "costAndExpenses": 1493114000,
    "interestIncome": 186000,
    "interestExpense": 2397000,
    "depreciationAndAmortization": 18747000,
    "ebitda": 92530000,
    "ebitdaratio": 0.0590600309,
    "operatingIncome": 73597000,
    "operatingIncomeRatio": 0.0469754792,
    "totalOtherIncomeExpensesNet": -2211000,
    "incomeBeforeTax": 71386000,
    "incomeBeforeTaxRatio": 0.0455642425,
    "incomeTaxExpense": 23998000,
    "netIncome": 45024000,
    "netIncomeRatio": 0.0287379102,
    "eps": 0.67,
    "epsdiluted": 0.67,
    "weightedAverageShsOut": 67062732,
    "weightedAverageShsOutDil": 67802606,
    "link": "https://www.sec.gov/Archives/edgar/data/105634/000010563414000253/0000105634-14-000253-index.htm",
    "finalLink": "https://www.sec.gov/Archives/edgar/data/105634/000010563414000253/eme-2014930x10q.htm"
  },
  {
    "date": "2014-06-30",
    "symbol": "EME",
    "reportedCurrency": "USD",
    "cik": "0000105634",
    "fillingDate": "2014-07-29",
    "acceptedDate": "2014-07-29 07:33:12",
    "calendarYear": "2014",
    "period": "Q2",
    "revenue": 1558055000,
    "costOfRevenue": 1338420000,
    "grossProfit": 219635000,
    "grossProfitRatio": 0.1409674241,
    "researchAndDevelopmentExpenses": 0,
    "generalAndAdministrativeExpenses": 151461000,
    "sellingAndMarketingExpenses": 0,
    "sellingGeneralAndAdministrativeExpenses": 150406000,
    "otherExpenses": 176000,
    "operatingExpenses": 150582000,
    "costAndExpenses": 1483259000,
    "interestIncome": 221000,
    "interestExpense": 2242000,
    "depreciationAndAmortization": 18590000,
    "ebitda": 88470000,
    "ebitdaratio": 0.0567823344,
    "operatingIncome": 69659000,
    "operatingIncomeRatio": 0.044708948,
    "totalOtherIncomeExpensesNet": -2021000,
    "incomeBeforeTax": 65715000,
    "incomeBeforeTaxRatio": 0.0421775868,
    "incomeTaxExpense": 24715000,
    "netIncome": 39913000,
    "netIncomeRatio": 0.0256171958,
    "eps": 0.59,
    "epsdiluted": 0.59,
    "weightedAverageShsOut": 67294498,
    "weightedAverageShsOutDil": 68000361,
    "link": "https://www.sec.gov/Archives/edgar/data/105634/000010563414000182/0000105634-14-000182-index.htm",
    "finalLink": "https://www.sec.gov/Archives/edgar/data/105634/000010563414000182/eme-2014630x10q.htm"
  },
  {
    "date": "2014-03-31",
    "symbol": "EME",
    "reportedCurrency": "USD",
    "cik": "0000105634",
    "fillingDate": "2014-04-29",
    "acceptedDate": "2014-04-29 07:34:24",
    "calendarYear": "2014",
    "period": "Q1",
    "revenue": 1599385000,
    "costOfRevenue": 1384174000,
    "grossProfit": 215211000,
    "grossProfitRatio": 0.134558596,
    "researchAndDevelopmentExpenses": 0,
    "generalAndAdministrativeExpenses": 144928000,
    "sellingAndMarketingExpenses": 0,
    "sellingGeneralAndAdministrativeExpenses": 143854000,
    "otherExpenses": 225000,
    "operatingExpenses": 144079000,
    "costAndExpenses": 1518415000,
    "interestIncome": 234000,
    "interestExpense": 2248000,
    "depreciationAndAmortization": 18371000,
    "ebitda": 90729000,
    "ebitdaratio": 0.0567274296,
    "operatingIncome": 72124000,
    "operatingIncomeRatio": 0.0450948333,
    "totalOtherIncomeExpensesNet": -2014000,
    "incomeBeforeTax": 67360000,
    "incomeBeforeTaxRatio": 0.0421161884,
    "incomeTaxExpense": 25518000,
    "netIncome": 41261000,
    "netIncomeRatio": 0.0257980411,
    "eps": 0.61,
    "epsdiluted": 0.61,
    "weightedAverageShsOut": 67188577,
    "weightedAverageShsOutDil": 68001205,
    "link": "https://www.sec.gov/Archives/edgar/data/105634/000010563414000098/0000105634-14-000098-index.htm",
    "finalLink": "https://www.sec.gov/Archives/edgar/data/105634/000010563414000098/eme-2014331x10q.htm"
  },
  {
    "date": "2013-12-31",
    "symbol": "EME",
    "reportedCurrency": "USD",
    "cik": "0000105634",
    "fillingDate": "2014-02-25",
    "acceptedDate": "2014-02-25 07:34:33",
    "calendarYear": "2013",
    "period": "Q4",
    "revenue": 1662937000,
    "costOfRevenue": 1428862000,
    "grossProfit": 234075000,
    "grossProfitRatio": 0.1407599927,
    "researchAndDevelopmentExpenses": 0,
    "generalAndAdministrativeExpenses": 163208000,
    "sellingAndMarketingExpenses": 0,
    "sellingGeneralAndAdministrativeExpenses": 163208000,
    "otherExpenses": 2061000,
    "operatingExpenses": 165269000,
    "costAndExpenses": 1594131000,
    "interestIncome": 266000,
    "interestExpense": 2791000,
    "depreciationAndAmortization": 20114000,
    "ebitda": 89186000,
    "ebitdaratio": 0.0536316168,
    "operatingIncome": 68806000,
    "operatingIncomeRatio": 0.0413761916,
    "totalOtherIncomeExpensesNet": -9625000,
    "incomeBeforeTax": 66281000,
    "incomeBeforeTaxRatio": 0.0398577938,
    "incomeTaxExpense": 20012000,
    "netIncome": 45921000,
    "netIncomeRatio": 0.0276143955,
    "eps": 0.68,
    "epsdiluted": 0.68,
    "weightedAverageShsOut": 66963749,
    "weightedAverageShsOutDil": 67174848,
    "link": "https://www.sec.gov/Archives/edgar/data/105634/000010563414000042/0000105634-14-000042-index.htm",
    "finalLink": "https://www.sec.gov/Archives/edgar/data/105634/000010563414000042/eme-20131231x10k.htm"
  },
  {
    "date": "2013-09-30",
    "symbol": "EME",
    "reportedCurrency": "USD",
    "cik": "0000105634",
    "fillingDate": "2013-10-24",
    "acceptedDate": "2013-10-24 07:34:09",
    "calendarYear": "2013",
    "period": "Q3",
    "revenue": 1629067000,
    "costOfRevenue": 1422757000,
    "grossProfit": 206310000,
    "grossProfitRatio": 0.1266430417,
    "researchAndDevelopmentExpenses": 0,
    "generalAndAdministrativeExpenses": 149722000,
    "sellingAndMarketingExpenses": 0,
    "sellingGeneralAndAdministrativeExpenses": 147917000,
    "otherExpenses": 601000,
    "operatingExpenses": 148518000,
    "costAndExpenses": 1547271000,
    "interestIncome": 234000,
    "interestExpense": 2351000,
    "depreciationAndAmortization": 17642000,
    "ebitda": 75920000,
    "ebitdaratio": 0.0466033625,
    "operatingIncome": 58044000,
    "operatingIncomeRatio": 0.0356302104,
    "totalOtherIncomeExpensesNet": -2117000,
    "incomeBeforeTax": 52005000,
    "incomeBeforeTaxRatio": 0.0319231806,
    "incomeTaxExpense": 23112000,
    "netIncome": 26690000,
    "netIncomeRatio": 0.016383611,
    "eps": 0.4,
    "epsdiluted": 0.39,
    "weightedAverageShsOut": 67174848,
    "weightedAverageShsOutDil": 68163701,
    "link": "https://www.sec.gov/Archives/edgar/data/105634/000010563413000187/0000105634-13-000187-index.htm",
    "finalLink": "https://www.sec.gov/Archives/edgar/data/105634/000010563413000187/eme-2013930x10q.htm"
  },
  {
    "date": "2013-06-30",
    "symbol": "EME",
    "reportedCurrency": "USD",
    "cik": "0000105634",
    "fillingDate": "2013-07-25",
    "acceptedDate": "2013-07-25 07:32:54",
    "calendarYear": "2013",
    "period": "Q2",
    "revenue": 1556753000,
    "costOfRevenue": 1375218000,
    "grossProfit": 181535000,
    "grossProfitRatio": 0.1166113057,
    "researchAndDevelopmentExpenses": 0,
    "generalAndAdministrativeExpenses": 139623000,
    "sellingAndMarketingExpenses": 0,
    "sellingGeneralAndAdministrativeExpenses": 139623000,
    "otherExpenses": 5813000,
    "operatingExpenses": 145436000,
    "costAndExpenses": 1520654000,
    "interestIncome": 270000,
    "interestExpense": 1764000,
    "depreciationAndAmortization": 15091000,
    "ebitda": 51460000,
    "ebitdaratio": 0.0330559825,
    "operatingIncome": 36099000,
    "operatingIncomeRatio": 0.0231886497,
    "totalOtherIncomeExpensesNet": -1494000,
    "incomeBeforeTax": 34605000,
    "incomeBeforeTaxRatio": 0.0222289599,
    "incomeTaxExpense": 13131000,
    "netIncome": 21014000,
    "netIncomeRatio": 0.013498609,
    "eps": 0.31,
    "epsdiluted": 0.31,
    "weightedAverageShsOut": 67095447,
    "weightedAverageShsOutDil": 68095577,
    "link": "https://www.sec.gov/Archives/edgar/data/105634/000010563413000140/0000105634-13-000140-index.htm",
    "finalLink": "https://www.sec.gov/Archives/edgar/data/105634/000010563413000140/eme-2013630x10q.htm"
  },
  {
    "date": "2013-03-31",
    "symbol": "EME",
    "reportedCurrency": "USD",
    "cik": "0000105634",
    "fillingDate": "2013-04-25",
    "acceptedDate": "2013-04-25 07:33:34",
    "calendarYear": "2013",
    "period": "Q1",
    "revenue": 1568401000,
    "costOfRevenue": 1377263000,
    "grossProfit": 191138000,
    "grossProfitRatio": 0.1218680682,
    "researchAndDevelopmentExpenses": 0,
    "generalAndAdministrativeExpenses": 138510000,
    "sellingAndMarketingExpenses": 0,
    "sellingGeneralAndAdministrativeExpenses": 138510000,
    "otherExpenses": 1363000,
    "operatingExpenses": 139873000,
    "costAndExpenses": 1517136000,
    "interestIncome": 357000,
    "interestExpense": 1862000,
    "depreciationAndAmortization": 14491000,
    "ebitda": 66113000,
    "ebitdaratio": 0.0421531228,
    "operatingIncome": 51265000,
    "operatingIncomeRatio": 0.0326861562,
    "totalOtherIncomeExpensesNet": -1505000,
    "incomeBeforeTax": 49760000,
    "incomeBeforeTaxRatio": 0.0317265801,
    "incomeTaxExpense": 19042000,
    "netIncome": 30167000,
    "netIncomeRatio": 0.0192342392,
    "eps": 0.45,
    "epsdiluted": 0.44,
    "weightedAverageShsOut": 67110334,
    "weightedAverageShsOutDil": 68099121,
    "link": "https://www.sec.gov/Archives/edgar/data/105634/000010563413000080/0000105634-13-000080-index.htm",
    "finalLink": "https://www.sec.gov/Archives/edgar/data/105634/000010563413000080/eme-2013331x10q.htm"
  },
  {
    "date": "2012-12-31",
    "symbol": "EME",
    "reportedCurrency": "USD",
    "cik": "0000105634",
    "fillingDate": "2013-02-26",
    "acceptedDate": "2013-02-26 07:34:32",
    "calendarYear": "2012",
    "period": "Q4",
    "revenue": 1611881000,
    "costOfRevenue": 1383432000,
    "grossProfit": 228449000,
    "grossProfitRatio": 0.1417282045,
    "researchAndDevelopmentExpenses": 0,
    "generalAndAdministrativeExpenses": 149586000,
    "sellingAndMarketingExpenses": 0,
    "sellingGeneralAndAdministrativeExpenses": 149586000,
    "otherExpenses": 0,
    "operatingExpenses": 149586000,
    "costAndExpenses": 1533018000,
    "interestIncome": 391000,
    "interestExpense": 1815000,
    "depreciationAndAmortization": 16053000,
    "ebitda": 95307000,
    "ebitdaratio": 0.059127814,
    "operatingIncome": 78863000,
    "operatingIncomeRatio": 0.0489260684,
    "totalOtherIncomeExpensesNet": -1424000,
    "incomeBeforeTax": 77439000,
    "incomeBeforeTaxRatio": 0.0480426285,
    "incomeTaxExpense": 30651000,
    "netIncome": 46410000,
    "netIncomeRatio": 0.0287924481,
    "eps": 0.7,
    "epsdiluted": 0.7,
    "weightedAverageShsOut": 66568318,
    "weightedAverageShsOutDil": 66568318,
    "link": "https://www.sec.gov/Archives/edgar/data/105634/000010563413000042/0000105634-13-000042-index.htm",
    "finalLink": "https://www.sec.gov/Archives/edgar/data/105634/000010563413000042/eme-20121231x10k.htm"
  },
  {
    "date": "2012-09-30",
    "symbol": "EME",
    "reportedCurrency": "USD",
    "cik": "0000105634",
    "fillingDate": "2012-10-25",
    "acceptedDate": "2012-10-25 07:34:29",
    "calendarYear": "2012",
    "period": "Q3",
    "revenue": 1606242000,
    "costOfRevenue": 1402994000,
    "grossProfit": 203248000,
    "grossProfitRatio": 0.1265363501,
    "researchAndDevelopmentExpenses": 0,
    "generalAndAdministrativeExpenses": 134477000,
    "sellingAndMarketingExpenses": 0,
    "sellingGeneralAndAdministrativeExpenses": 134477000,
    "otherExpenses": 145000,
    "operatingExpenses": 134622000,
    "costAndExpenses": 1537616000,
    "interestIncome": 381000,
    "interestExpense": 1807000,
    "depreciationAndAmortization": 15215000,
    "ebitda": 84222000,
    "ebitdaratio": 0.0524341911,
    "operatingIncome": 68626000,
    "operatingIncomeRatio": 0.0427245708,
    "totalOtherIncomeExpensesNet": -1426000,
    "incomeBeforeTax": 67200000,
    "incomeBeforeTaxRatio": 0.0418367842,
    "incomeTaxExpense": 26890000,
    "netIncome": 39581000,
    "netIncomeRatio": 0.0246419904,
    "eps": 0.59,
    "epsdiluted": 0.59,
    "weightedAverageShsOut": 66568318,
    "weightedAverageShsOutDil": 67511707,
    "link": "https://www.sec.gov/Archives/edgar/data/105634/000010563412000201/0000105634-12-000201-index.htm",
    "finalLink": "https://www.sec.gov/Archives/edgar/data/105634/000010563412000201/eme-2012930x10q.htm"
  },
  {
    "date": "2012-06-30",
    "symbol": "EME",
    "reportedCurrency": "USD",
    "cik": "0000105634",
    "fillingDate": "2012-07-26",
    "acceptedDate": "2012-07-26 07:34:06",
    "calendarYear": "2012",
    "period": "Q2",
    "revenue": 1590035000,
    "costOfRevenue": 1396071000,
    "grossProfit": 193964000,
    "grossProfitRatio": 0.1219872519,
    "researchAndDevelopmentExpenses": 0,
    "generalAndAdministrativeExpenses": 137675000,
    "sellingAndMarketingExpenses": 0,
    "sellingGeneralAndAdministrativeExpenses": 137675000,
    "otherExpenses": 0,
    "operatingExpenses": 137675000,
    "costAndExpenses": 1533746000,
    "interestIncome": 368000,
    "interestExpense": 1878000,
    "depreciationAndAmortization": 15202000,
    "ebitda": 71859000,
    "ebitdaratio": 0.0451933448,
    "operatingIncome": 56289000,
    "operatingIncomeRatio": 0.0354011075,
    "totalOtherIncomeExpensesNet": -1510000,
    "incomeBeforeTax": 54779000,
    "incomeBeforeTaxRatio": 0.0344514429,
    "incomeTaxExpense": 20799000,
    "netIncome": 33448000,
    "netIncomeRatio": 0.0210360149,
    "eps": 0.5,
    "epsdiluted": 0.49,
    "weightedAverageShsOut": 66749115,
    "weightedAverageShsOutDil": 67695536,
    "link": "https://www.sec.gov/Archives/edgar/data/105634/000010563412000150/0000105634-12-000150-index.htm",
    "finalLink": "https://www.sec.gov/Archives/edgar/data/105634/000010563412000150/eme-2012630x10q.htm"
  },
  {
    "date": "2012-03-31",
    "symbol": "EME",
    "reportedCurrency": "USD",
    "cik": "0000105634",
    "fillingDate": "2012-04-26",
    "acceptedDate": "2012-04-26 07:32:41",
    "calendarYear": "2012",
    "period": "Q1",
    "revenue": 1538521000,
    "costOfRevenue": 1357828000,
    "grossProfit": 180693000,
    "grossProfitRatio": 0.1174459107,
    "researchAndDevelopmentExpenses": 0,
    "generalAndAdministrativeExpenses": 134504000,
    "sellingAndMarketingExpenses": 0,
    "sellingGeneralAndAdministrativeExpenses": 134504000,
    "otherExpenses": 0,
    "operatingExpenses": 134504000,
    "costAndExpenses": 1492332000,
    "interestIncome": 416000,
    "interestExpense": 1775000,
    "depreciationAndAmortization": 14496000,
    "ebitda": 61101000,
    "ebitdaratio": 0.039714115,
    "operatingIncome": 46189000,
    "operatingIncomeRatio": 0.0300216897,
    "totalOtherIncomeExpensesNet": -1359000,
    "incomeBeforeTax": 44830000,
    "incomeBeforeTaxRatio": 0.0291383738,
    "incomeTaxExpense": 17022000,
    "netIncome": 27145000,
    "netIncomeRatio": 0.0176435681,
    "eps": 0.41,
    "epsdiluted": 0.4,
    "weightedAverageShsOut": 66685985,
    "weightedAverageShsOutDil": 67946245,
    "link": "https://www.sec.gov/Archives/edgar/data/105634/000119312512183842/0001193125-12-183842-index.htm",
    "finalLink": "https://www.sec.gov/Archives/edgar/data/105634/000119312512183842/d318552d10q.htm"
  },
  {
    "date": "2011-12-31",
    "symbol": "EME",
    "reportedCurrency": "USD",
    "cik": "0000105634",
    "fillingDate": "2012-02-27",
    "acceptedDate": "2012-02-27 07:16:46",
    "calendarYear": "2011",
    "period": "Q4",
    "revenue": 1517962000,
    "costOfRevenue": 1303645000,
    "grossProfit": 214317000,
    "grossProfitRatio": 0.1411873288,
    "researchAndDevelopmentExpenses": 0,
    "generalAndAdministrativeExpenses": 147957000,
    "sellingAndMarketingExpenses": 0,
    "sellingGeneralAndAdministrativeExpenses": 147957000,
    "otherExpenses": 3936000,
    "operatingExpenses": 151893000,
    "costAndExpenses": 1455538000,
    "interestIncome": 377000,
    "interestExpense": 2887000,
    "depreciationAndAmortization": 14970000,
    "ebitda": 77771000,
    "ebitdaratio": 0.0512338254,
    "operatingIncome": 62424000,
    "operatingIncomeRatio": 0.0411235591,
    "totalOtherIncomeExpensesNet": -2510000,
    "incomeBeforeTax": 59914000,
    "incomeBeforeTaxRatio": 0.0394700263,
    "incomeTaxExpense": 22765000,
    "netIncome": 36665000,
    "netIncomeRatio": 0.0241540961,
    "eps": 0.55,
    "epsdiluted": 0.55,
    "weightedAverageShsOut": 66504756,
    "weightedAverageShsOutDil": 66956575,
    "link": "https://www.sec.gov/Archives/edgar/data/105634/000119312512079814/0001193125-12-079814-index.htm",
    "finalLink": "https://www.sec.gov/Archives/edgar/data/105634/000119312512079814/d257683d10k.htm"
  },
  {
    "date": "2011-09-30",
    "symbol": "EME",
    "reportedCurrency": "USD",
    "cik": "0000105634",
    "fillingDate": "2011-10-27",
    "acceptedDate": "2011-10-27 07:44:37",
    "calendarYear": "2011",
    "period": "Q3",
    "revenue": 1482241000,
    "costOfRevenue": 1293974000,
    "grossProfit": 188267000,
    "grossProfitRatio": 0.1270151075,
    "researchAndDevelopmentExpenses": 0,
    "generalAndAdministrativeExpenses": 131780000,
    "sellingAndMarketingExpenses": 0,
    "sellingGeneralAndAdministrativeExpenses": 131780000,
    "otherExpenses": 0,
    "operatingExpenses": 131780000,
    "costAndExpenses": 1425754000,
    "interestIncome": 412000,
    "interestExpense": 2824000,
    "depreciationAndAmortization": 15213000,
    "ebitda": 72112000,
    "ebitdaratio": 0.048650658,
    "operatingIncome": 56487000,
    "operatingIncomeRatio": 0.0381091874,
    "totalOtherIncomeExpensesNet": -2412000,
    "incomeBeforeTax": 54075000,
    "incomeBeforeTaxRatio": 0.0364819216,
    "incomeTaxExpense": 21014000,
    "netIncome": 40758000,
    "netIncomeRatio": 0.0274975527,
    "eps": 0.61,
    "epsdiluted": 0.6,
    "weightedAverageShsOut": 66956575,
    "weightedAverageShsOutDil": 68415196,
    "link": "https://www.sec.gov/Archives/edgar/data/105634/000119312511283126/0001193125-11-283126-index.htm",
    "finalLink": "https://www.sec.gov/Archives/edgar/data/105634/000119312511283126/d234263d10q.htm"
  },
  {
    "date": "2011-06-30",
    "symbol": "EME",
    "reportedCurrency": "USD",
    "cik": "0000105634",
    "fillingDate": "2011-07-29",
    "acceptedDate": "2011-07-29 16:01:44",
    "calendarYear": "2011",
    "period": "Q2",
    "revenue": 1399927000,
    "costOfRevenue": 1220111000,
    "grossProfit": 179816000,
    "grossProfitRatio": 0.1284466976,
    "researchAndDevelopmentExpenses": 0,
    "generalAndAdministrativeExpenses": 130562000,
    "sellingAndMarketingExpenses": 0,
    "sellingGeneralAndAdministrativeExpenses": 124473000,
    "otherExpenses": 138000,
    "operatingExpenses": 124611000,
    "costAndExpenses": 1297968000,
    "interestIncome": 478000,
    "interestExpense": 2814000,
    "depreciationAndAmortization": 11987000,
    "ebitda": 62510000,
    "ebitdaratio": 0.0446523283,
    "operatingIncome": 50045000,
    "operatingIncomeRatio": 0.0357482926,
    "totalOtherIncomeExpensesNet": -2336000,
    "incomeBeforeTax": 46791000,
    "incomeBeforeTaxRatio": 0.0334238857,
    "incomeTaxExpense": 17469000,
    "netIncome": 28809000,
    "netIncomeRatio": 0.0205789302,
    "eps": 0.43,
    "epsdiluted": 0.42,
    "weightedAverageShsOut": 66848078,
    "weightedAverageShsOutDil": 68591770,
    "link": "https://www.sec.gov/Archives/edgar/data/105634/000119312511202795/0001193125-11-202795-index.htm",
    "finalLink": "https://www.sec.gov/Archives/edgar/data/105634/000119312511202795/d10q.htm"
  },
  {
    "date": "2011-03-31",
    "symbol": "EME",
    "reportedCurrency": "USD",
    "cik": "0000105634",
    "fillingDate": "2011-04-28",
    "acceptedDate": "2011-04-28 07:32:57",
    "calendarYear": "2011",
    "period": "Q1",
    "revenue": 1312231000,
    "costOfRevenue": 1149261000,
    "grossProfit": 162970000,
    "grossProfitRatio": 0.1241930727,
    "researchAndDevelopmentExpenses": 0,
    "generalAndAdministrativeExpenses": 119671000,
    "sellingAndMarketingExpenses": 0,
    "sellingGeneralAndAdministrativeExpenses": 113911000,
    "otherExpenses": 961000,
    "operatingExpenses": 114872000,
    "costAndExpenses": 1223406000,
    "interestIncome": 553000,
    "interestExpense": 2736000,
    "depreciationAndAmortization": 11606000,
    "ebitda": 53996000,
    "ebitdaratio": 0.041148243,
    "operatingIncome": 41837000,
    "operatingIncomeRatio": 0.0318823439,
    "totalOtherIncomeExpensesNet": -1683000,
    "incomeBeforeTax": 40154000,
    "incomeBeforeTaxRatio": 0.0305997953,
    "incomeTaxExpense": 14778000,
    "netIncome": 24594000,
    "netIncomeRatio": 0.018742127,
    "eps": 0.37,
    "epsdiluted": 0.36,
    "weightedAverageShsOut": 66808687,
    "weightedAverageShsOutDil": 68581276,
    "link": "https://www.sec.gov/Archives/edgar/data/105634/000095012311040511/0000950123-11-040511-index.htm",
    "finalLink": "https://www.sec.gov/Archives/edgar/data/105634/000095012311040511/c15257e10vq.htm"
  },
  {
    "date": "2010-12-31",
    "symbol": "EME",
    "reportedCurrency": "USD",
    "cik": "0000105634",
    "fillingDate": "2011-02-25",
    "acceptedDate": "2011-02-25 06:13:13",
    "calendarYear": "2010",
    "period": "Q4",
    "revenue": 1356147000,
    "costOfRevenue": 1151046000,
    "grossProfit": 205101000,
    "grossProfitRatio": 0.1512380295,
    "researchAndDevelopmentExpenses": 0,
    "generalAndAdministrativeExpenses": 134836000,
    "sellingAndMarketingExpenses": 0,
    "sellingGeneralAndAdministrativeExpenses": 134836000,
    "otherExpenses": 1829000,
    "operatingExpenses": 136665000,
    "costAndExpenses": 1287711000,
    "interestIncome": 647000,
    "interestExpense": 2849000,
    "depreciationAndAmortization": 11411000,
    "ebitda": 80494000,
    "ebitdaratio": 0.0593549224,
    "operatingIncome": 68436000,
    "operatingIncomeRatio": 0.0504635559,
    "totalOtherIncomeExpensesNet": -2202000,
    "incomeBeforeTax": 66234000,
    "incomeBeforeTaxRatio": 0.0488398382,
    "incomeTaxExpense": 25327000,
    "netIncome": 39976000,
    "netIncomeRatio": 0.0294776304,
    "eps": 0.6,
    "epsdiluted": 0.6,
    "weightedAverageShsOut": 66400105,
    "weightedAverageShsOutDil": 66400105,
    "link": "https://www.sec.gov/Archives/edgar/data/105634/000095012311018213/0000950123-11-018213-index.htm",
    "finalLink": "https://www.sec.gov/Archives/edgar/data/105634/000095012311018213/y88228e10vk.htm"
  },
  {
    "date": "2010-09-30",
    "symbol": "EME",
    "reportedCurrency": "USD",
    "cik": "0000105634",
    "fillingDate": "2010-10-29",
    "acceptedDate": "2010-10-29 09:13:45",
    "calendarYear": "2010",
    "period": "Q3",
    "revenue": 1277277000,
    "costOfRevenue": 1104349000,
    "grossProfit": 172928000,
    "grossProfitRatio": 0.1353880169,
    "researchAndDevelopmentExpenses": 0,
    "generalAndAdministrativeExpenses": 119450000,
    "sellingAndMarketingExpenses": 0,
    "sellingGeneralAndAdministrativeExpenses": 113320000,
    "otherExpenses": 226300000,
    "operatingExpenses": 339620000,
    "costAndExpenses": 1388258000,
    "interestIncome": 642000,
    "interestExpense": 3162000,
    "depreciationAndAmortization": 10136000,
    "ebitda": -157397000,
    "ebitdaratio": -0.1232285557,
    "operatingIncome": -168175000,
    "operatingIncomeRatio": -0.1316668193,
    "totalOtherIncomeExpensesNet": -2520000,
    "incomeBeforeTax": -176926000,
    "incomeBeforeTaxRatio": -0.1385181131,
    "incomeTaxExpense": -2362000,
    "netIncome": -175625000,
    "netIncomeRatio": -0.13749954,
    "eps": -2.64,
    "epsdiluted": -2.64,
    "weightedAverageShsOut": 66400105,
    "weightedAverageShsOutDil": 66400105,
    "link": "https://www.sec.gov/Archives/edgar/data/930835/000104746910008984/0001047469-10-008984-index.html",
    "finalLink": "https://www.sec.gov/Archives/edgar/data/930835/000104746910008984/a2200581z10-q.htm"
  },
  {
    "date": "2010-06-30",
    "symbol": "EME",
    "reportedCurrency": "USD",
    "cik": "0000105634",
    "fillingDate": "2010-07-29",
    "acceptedDate": "2010-07-29 07:32:42",
    "calendarYear": "2010",
    "period": "Q2",
    "revenue": 1275649000,
    "costOfRevenue": 1099250000,
    "grossProfit": 176399000,
    "grossProfitRatio": 0.1382817687,
    "researchAndDevelopmentExpenses": 0,
    "generalAndAdministrativeExpenses": 120725000,
    "sellingAndMarketingExpenses": 0,
    "sellingGeneralAndAdministrativeExpenses": 120725000,
    "otherExpenses": 20726000,
    "operatingExpenses": 141451000,
    "costAndExpenses": 1240701000,
    "interestIncome": 680000,
    "interestExpense": 3053000,
    "depreciationAndAmortization": 10263000,
    "ebitda": 53791000,
    "ebitdaratio": 0.0421675555,
    "operatingIncome": 34948000,
    "operatingIncomeRatio": 0.0273962508,
    "totalOtherIncomeExpensesNet": 5527000,
    "incomeBeforeTax": 40475000,
    "incomeBeforeTaxRatio": 0.0317289474,
    "incomeTaxExpense": 11919000,
    "netIncome": 27141000,
    "netIncomeRatio": 0.0212762288,
    "eps": 0.41,
    "epsdiluted": 0.4,
    "weightedAverageShsOut": 66314596,
    "weightedAverageShsOutDil": 67971567,
    "link": "https://www.sec.gov/Archives/edgar/data/105634/000093041310004146/0000930413-10-004146-index.htm",
    "finalLink": "https://www.sec.gov/Archives/edgar/data/105634/000093041310004146/c61757_10-q.htm"
  },
  {
    "date": "2010-03-31",
    "symbol": "EME",
    "reportedCurrency": "USD",
    "cik": "0000105634",
    "fillingDate": "2010-04-29",
    "acceptedDate": "2010-04-29 07:32:25",
    "calendarYear": "2010",
    "period": "Q1",
    "revenue": 1212212000,
    "costOfRevenue": 1047096000,
    "grossProfit": 165116000,
    "grossProfitRatio": 0.1362104978,
    "researchAndDevelopmentExpenses": 0,
    "generalAndAdministrativeExpenses": 122797000,
    "sellingAndMarketingExpenses": 0,
    "sellingGeneralAndAdministrativeExpenses": 122797000,
    "otherExpenses": 0,
    "operatingExpenses": 122797000,
    "costAndExpenses": 1169893000,
    "interestIncome": 732000,
    "interestExpense": 3123000,
    "depreciationAndAmortization": 10105000,
    "ebitda": 53156000,
    "ebitdaratio": 0.0438504156,
    "operatingIncome": 42319000,
    "operatingIncomeRatio": 0.0349105602,
    "totalOtherIncomeExpensesNet": -2391000,
    "incomeBeforeTax": 39928000,
    "incomeBeforeTaxRatio": 0.0329381329,
    "incomeTaxExpense": 17511000,
    "netIncome": 21817000,
    "netIncomeRatio": 0.017997677,
    "eps": 0.33,
    "epsdiluted": 0.32,
    "weightedAverageShsOut": 66316105,
    "weightedAverageShsOutDil": 67898224,
    "link": "https://www.sec.gov/Archives/edgar/data/105634/000093041310002320/0000930413-10-002320-index.htm",
    "finalLink": "https://www.sec.gov/Archives/edgar/data/105634/000093041310002320/c61296_10-q.htm"
  },
  {
    "date": "2009-12-31",
    "symbol": "EME",
    "reportedCurrency": "USD",
    "cik": "0000105634",
    "fillingDate": "2010-02-25",
    "acceptedDate": "2010-02-25 07:35:37",
    "calendarYear": "2009",
    "period": "Q4",
    "revenue": 1358651000,
    "costOfRevenue": 1147039000,
    "grossProfit": 211612000,
    "grossProfitRatio": 0.1557515506,
    "researchAndDevelopmentExpenses": 0,
    "generalAndAdministrativeExpenses": 153811000,
    "sellingAndMarketingExpenses": 0,
    "sellingGeneralAndAdministrativeExpenses": 153811000,
    "otherExpenses": 1800000,
    "operatingExpenses": 155611000,
    "costAndExpenses": 1302650000,
    "interestIncome": 1319000,
    "interestExpense": 2250000,
    "depreciationAndAmortization": 11594000,
    "ebitda": 68914000,
    "ebitdaratio": 0.0507223709,
    "operatingIncome": 56001000,
    "operatingIncomeRatio": 0.0412180906,
    "totalOtherIncomeExpensesNet": -931000,
    "incomeBeforeTax": 55070000,
    "incomeBeforeTaxRatio": 0.0405328521,
    "incomeTaxExpense": 15069000,
    "netIncome": 39183000,
    "netIncomeRatio": 0.0288396358,
    "eps": 0.59,
    "epsdiluted": 0.59,
    "weightedAverageShsOut": 65897546,
    "weightedAverageShsOutDil": 65897546,
    "link": "https://www.sec.gov/Archives/edgar/data/105634/000093041310000960/0000930413-10-000960-index.htm",
    "finalLink": "https://www.sec.gov/Archives/edgar/data/105634/000093041310000960/c60392_10k.htm"
  },
  {
    "date": "2009-09-30",
    "symbol": "EME",
    "reportedCurrency": "USD",
    "cik": "0000105634",
    "fillingDate": "2009-10-29",
    "acceptedDate": "2009-10-29 07:33:09",
    "calendarYear": "2009",
    "period": "Q3",
    "revenue": 1371985000,
    "costOfRevenue": 1166740000,
    "grossProfit": 205245000,
    "grossProfitRatio": 0.1495971166,
    "researchAndDevelopmentExpenses": 0,
    "generalAndAdministrativeExpenses": 137895000,
    "sellingAndMarketingExpenses": 0,
    "sellingGeneralAndAdministrativeExpenses": 137895000,
    "otherExpenses": 90000,
    "operatingExpenses": 137985000,
    "costAndExpenses": 1304725000,
    "interestIncome": 788000,
    "interestExpense": 1947000,
    "depreciationAndAmortization": 11177000,
    "ebitda": 79225000,
    "ebitdaratio": 0.0577448004,
    "operatingIncome": 67260000,
    "operatingIncomeRatio": 0.0490238596,
    "totalOtherIncomeExpensesNet": -1159000,
    "incomeBeforeTax": 66101000,
    "incomeBeforeTaxRatio": 0.0481790982,
    "incomeTaxExpense": 25624000,
    "netIncome": 39986000,
    "netIncomeRatio": 0.0291446335,
    "eps": 0.61,
    "epsdiluted": 0.59,
    "weightedAverageShsOut": 65897546,
    "weightedAverageShsOutDil": 67551619,
    "link": "https://www.sec.gov/Archives/edgar/data/105634/000010563409000101/0000105634-09-000101-index.htm",
    "finalLink": "https://www.sec.gov/Archives/edgar/data/105634/000010563409000101/a90910q.txt"
  },
  {
    "date": "2009-06-30",
    "symbol": "EME",
    "reportedCurrency": "USD",
    "cik": "0000105634",
    "fillingDate": "2009-07-30",
    "acceptedDate": "2009-07-30 07:32:07",
    "calendarYear": "2009",
    "period": "Q2",
    "revenue": 1422670000,
    "costOfRevenue": 1207786000,
    "grossProfit": 214884000,
    "grossProfitRatio": 0.1510427576,
    "researchAndDevelopmentExpenses": 0,
    "generalAndAdministrativeExpenses": 136974000,
    "sellingAndMarketingExpenses": 0,
    "sellingGeneralAndAdministrativeExpenses": 136974000,
    "otherExpenses": 3050000,
    "operatingExpenses": 140024000,
    "costAndExpenses": 1347810000,
    "interestIncome": 1086000,
    "interestExpense": 1900000,
    "depreciationAndAmortization": 11216000,
    "ebitda": 87162000,
    "ebitdaratio": 0.0612664919,
    "operatingIncome": 74860000,
    "operatingIncomeRatio": 0.0526193706,
    "totalOtherIncomeExpensesNet": -814000,
    "incomeBeforeTax": 74046000,
    "incomeBeforeTaxRatio": 0.052047207,
    "incomeTaxExpense": 28818000,
    "netIncome": 44819000,
    "netIncomeRatio": 0.0315034407,
    "eps": 0.68,
    "epsdiluted": 0.67,
    "weightedAverageShsOut": 65835298,
    "weightedAverageShsOutDil": 67262113,
    "link": "https://www.sec.gov/Archives/edgar/data/105634/000010563409000091/0000105634-09-000091-index.htm",
    "finalLink": "https://www.sec.gov/Archives/edgar/data/105634/000010563409000091/a60910q.txt"
  },
  {
    "date": "2009-03-31",
    "symbol": "EME",
    "reportedCurrency": "USD",
    "cik": "0000105634",
    "fillingDate": "2009-04-28",
    "acceptedDate": "2009-04-28 07:33:08",
    "calendarYear": "2009",
    "period": "Q1",
    "revenue": 1394636000,
    "costOfRevenue": 1201477000,
    "grossProfit": 193159000,
    "grossProfitRatio": 0.1385013724,
    "researchAndDevelopmentExpenses": 0,
    "generalAndAdministrativeExpenses": 127795000,
    "sellingAndMarketingExpenses": 0,
    "sellingGeneralAndAdministrativeExpenses": 127795000,
    "otherExpenses": 1060000,
    "operatingExpenses": 128855000,
    "costAndExpenses": 1330332000,
    "interestIncome": 1542000,
    "interestExpense": 1793000,
    "depreciationAndAmortization": 11758000,
    "ebitda": 77604000,
    "ebitdaratio": 0.055644627,
    "operatingIncome": 64304000,
    "operatingIncomeRatio": 0.0461080884,
    "totalOtherIncomeExpensesNet": -251000,
    "incomeBeforeTax": 64053000,
    "incomeBeforeTaxRatio": 0.0459281131,
    "incomeTaxExpense": 26682000,
    "netIncome": 36768000,
    "netIncomeRatio": 0.0263638684,
    "eps": 0.56,
    "epsdiluted": 0.55,
    "weightedAverageShsOut": 65860938,
    "weightedAverageShsOutDil": 67022957,
    "link": "https://www.sec.gov/Archives/edgar/data/105634/000010563409000058/0000105634-09-000058-index.htm",
    "finalLink": "https://www.sec.gov/Archives/edgar/data/105634/000010563409000058/a30910q.txt"
  },
  {
    "date": "2008-12-31",
    "symbol": "EME",
    "reportedCurrency": "USD",
    "cik": "0000105634",
    "fillingDate": "2009-02-26",
    "acceptedDate": "2009-02-26 07:31:20",
    "calendarYear": "2008",
    "period": "Q4",
    "revenue": 1680518000,
    "costOfRevenue": 1433349000,
    "grossProfit": 247169000,
    "grossProfitRatio": 0.1470790554,
    "researchAndDevelopmentExpenses": 0,
    "generalAndAdministrativeExpenses": 144543000,
    "sellingAndMarketingExpenses": 0,
    "sellingGeneralAndAdministrativeExpenses": 144543000,
    "otherExpenses": 1686000,
    "operatingExpenses": 146229000,
    "costAndExpenses": 1579578000,
    "interestIncome": 0,
    "interestExpense": 0,
    "depreciationAndAmortization": 11841000,
    "ebitda": 120689000,
    "ebitdaratio": 0.071816547,
    "operatingIncome": 100940000,
    "operatingIncomeRatio": 0.0600648133,
    "totalOtherIncomeExpensesNet": -932000,
    "incomeBeforeTax": 100008000,
    "incomeBeforeTaxRatio": 0.0595102224,
    "incomeTaxExpense": 39721000,
    "netIncome": 60287000,
    "netIncomeRatio": 0.0358740579,
    "eps": 0.92,
    "epsdiluted": 0.92,
    "weightedAverageShsOut": 65404404,
    "weightedAverageShsOutDil": 65404404,
    "link": "https://www.sec.gov/Archives/edgar/data/105634/000093041309001016/0000930413-09-001016-index.htm",
    "finalLink": "https://www.sec.gov/Archives/edgar/data/105634/000093041309001016/c56715_10k.txt"
  },
  {
    "date": "2008-09-30",
    "symbol": "EME",
    "reportedCurrency": "USD",
    "cik": "0000105634",
    "fillingDate": "2008-10-23",
    "acceptedDate": "2008-10-23 07:32:25",
    "calendarYear": "2008",
    "period": "Q3",
    "revenue": 1720349000,
    "costOfRevenue": 1496003000,
    "grossProfit": 224346000,
    "grossProfitRatio": 0.1304072604,
    "researchAndDevelopmentExpenses": 0,
    "generalAndAdministrativeExpenses": 145708000,
    "sellingAndMarketingExpenses": 0,
    "sellingGeneralAndAdministrativeExpenses": 145708000,
    "otherExpenses": 0,
    "operatingExpenses": 145708000,
    "costAndExpenses": 1641711000,
    "interestIncome": 2373000,
    "interestExpense": 2535000,
    "depreciationAndAmortization": 12151000,
    "ebitda": 93162000,
    "ebitdaratio": 0.0541529655,
    "operatingIncome": 78638000,
    "operatingIncomeRatio": 0.0457104925,
    "totalOtherIncomeExpensesNet": -162000,
    "incomeBeforeTax": 77571000,
    "incomeBeforeTaxRatio": 0.0450902695,
    "incomeTaxExpense": 28936000,
    "netIncome": 48635000,
    "netIncomeRatio": 0.0282704265,
    "eps": 0.74,
    "epsdiluted": 0.72,
    "weightedAverageShsOut": 65404404,
    "weightedAverageShsOutDil": 67425722,
    "link": "https://www.sec.gov/Archives/edgar/data/105634/000010563408000150/0000105634-08-000150-index.htm",
    "finalLink": "https://www.sec.gov/Archives/edgar/data/105634/000010563408000150/a90810q.txt"
  },
  {
    "date": "2008-06-30",
    "symbol": "EME",
    "reportedCurrency": "USD",
    "cik": "0000105634",
    "fillingDate": "2008-07-29",
    "acceptedDate": "2008-07-29 07:32:04",
    "calendarYear": "2008",
    "period": "Q2",
    "revenue": 1722972000,
    "costOfRevenue": 1497761000,
    "grossProfit": 225211000,
    "grossProfitRatio": 0.1307107719,
    "researchAndDevelopmentExpenses": 0,
    "generalAndAdministrativeExpenses": 151824000,
    "sellingAndMarketingExpenses": 0,
    "sellingGeneralAndAdministrativeExpenses": 151824000,
    "otherExpenses": 57000,
    "operatingExpenses": 151881000,
    "costAndExpenses": 1649642000,
    "interestIncome": 2059000,
    "interestExpense": 2638000,
    "depreciationAndAmortization": 12602000,
    "ebitda": 87991000,
    "ebitdaratio": 0.0510693151,
    "operatingIncome": 73330000,
    "operatingIncomeRatio": 0.0425601809,
    "totalOtherIncomeExpensesNet": -579000,
    "incomeBeforeTax": 72474000,
    "incomeBeforeTaxRatio": 0.0420633649,
    "incomeTaxExpense": 28520000,
    "netIncome": 43954000,
    "netIncomeRatio": 0.0255105713,
    "eps": 0.67,
    "epsdiluted": 0.65,
    "weightedAverageShsOut": 65322768,
    "weightedAverageShsOutDil": 67301117,
    "link": "https://www.sec.gov/Archives/edgar/data/105634/000010563408000123/0000105634-08-000123-index.htm",
    "finalLink": "https://www.sec.gov/Archives/edgar/data/105634/000010563408000123/a60810q.txt"
  },
  {
    "date": "2008-03-31",
    "symbol": "EME",
    "reportedCurrency": "USD",
    "cik": "0000105634",
    "fillingDate": "2008-04-24",
    "acceptedDate": "2008-04-24 07:06:44",
    "calendarYear": "2008",
    "period": "Q1",
    "revenue": 1661403000,
    "costOfRevenue": 1471478000,
    "grossProfit": 189925000,
    "grossProfitRatio": 0.1143160329,
    "researchAndDevelopmentExpenses": 0,
    "generalAndAdministrativeExpenses": 140242000,
    "sellingAndMarketingExpenses": 0,
    "sellingGeneralAndAdministrativeExpenses": 140242000,
    "otherExpenses": 14000,
    "operatingExpenses": 140256000,
    "costAndExpenses": 1611734000,
    "interestIncome": 3133000,
    "interestExpense": 3987000,
    "depreciationAndAmortization": 11923000,
    "ebitda": 64725000,
    "ebitdaratio": 0.0389580373,
    "operatingIncome": 49669000,
    "operatingIncomeRatio": 0.029895817,
    "totalOtherIncomeExpensesNet": -854000,
    "incomeBeforeTax": 48739000,
    "incomeBeforeTaxRatio": 0.0293360491,
    "incomeTaxExpense": 19411000,
    "netIncome": 29328000,
    "netIncomeRatio": 0.0176525503,
    "eps": 0.45,
    "epsdiluted": 0.44,
    "weightedAverageShsOut": 65263709,
    "weightedAverageShsOutDil": 66971259,
    "link": "https://www.sec.gov/Archives/edgar/data/105634/000010563408000083/0000105634-08-000083-index.htm",
    "finalLink": "https://www.sec.gov/Archives/edgar/data/105634/000010563408000083/a30810q.txt"
  },
  {
    "date": "2007-12-31",
    "symbol": "EME",
    "reportedCurrency": "USD",
    "cik": "0000105634",
    "fillingDate": "2008-02-21",
    "acceptedDate": "2008-02-21 07:35:41",
    "calendarYear": "2007",
    "period": "Q4",
    "revenue": 1767633000,
    "costOfRevenue": 1527334000,
    "grossProfit": 240299000,
    "grossProfitRatio": 0.1359439431,
    "researchAndDevelopmentExpenses": 0,
    "generalAndAdministrativeExpenses": 153943000,
    "sellingAndMarketingExpenses": 0,
    "sellingGeneralAndAdministrativeExpenses": 153943000,
    "otherExpenses": 100250000,
    "operatingExpenses": 254193000,
    "costAndExpenses": 1781527000,
    "interestIncome": 0,
    "interestExpense": 0,
    "depreciationAndAmortization": 16582000,
    "ebitda": 2938000,
    "ebitdaratio": 0.0016621097,
    "operatingIncome": -13894000,
    "operatingIncomeRatio": -0.0078602289,
    "totalOtherIncomeExpensesNet": 96314000,
    "incomeBeforeTax": 82420000,
    "incomeBeforeTaxRatio": 0.0466273259,
    "incomeTaxExpense": 32336000,
    "netIncome": 50330000,
    "netIncomeRatio": 0.028473105,
    "eps": 0.77,
    "epsdiluted": 0.77,
    "weightedAverageShsOut": 64924203,
    "weightedAverageShsOutDil": 64976271,
    "link": "https://www.sec.gov/Archives/edgar/data/105634/000093041308001130/0000930413-08-001130-index.htm",
    "finalLink": "https://www.sec.gov/Archives/edgar/data/105634/000093041308001130/c51317_10-k.txt"
  },
  {
    "date": "2007-09-30",
    "symbol": "EME",
    "reportedCurrency": "USD",
    "cik": "0000105634",
    "fillingDate": "2007-10-25",
    "acceptedDate": "2007-10-25 07:47:42",
    "calendarYear": "2007",
    "period": "Q3",
    "revenue": 1500798000,
    "costOfRevenue": 1331887000,
    "grossProfit": 168911000,
    "grossProfitRatio": 0.1125474581,
    "researchAndDevelopmentExpenses": 0,
    "generalAndAdministrativeExpenses": 113996000,
    "sellingAndMarketingExpenses": 0,
    "sellingGeneralAndAdministrativeExpenses": 113996000,
    "otherExpenses": 0,
    "operatingExpenses": 113996000,
    "costAndExpenses": 1445883000,
    "interestIncome": 0,
    "interestExpense": 0,
    "depreciationAndAmortization": 9444000,
    "ebitda": 64359000,
    "ebitdaratio": 0.0428831861,
    "operatingIncome": 54915000,
    "operatingIncomeRatio": 0.0365905338,
    "totalOtherIncomeExpensesNet": 1235000,
    "incomeBeforeTax": 56150000,
    "incomeBeforeTaxRatio": 0.0374134294,
    "incomeTaxExpense": 19067000,
    "netIncome": 38336000,
    "netIncomeRatio": 0.0255437441,
    "eps": 0.59,
    "epsdiluted": 0.57,
    "weightedAverageShsOut": 64976271,
    "weightedAverageShsOutDil": 67256140,
    "link": "https://www.sec.gov/Archives/edgar/data/105634/000010563407000130/0000105634-07-000130-index.htm",
    "finalLink": "https://www.sec.gov/Archives/edgar/data/105634/000010563407000130/a90710-q.txt"
  },
  {
    "date": "2007-06-30",
    "symbol": "EME",
    "reportedCurrency": "USD",
    "cik": "0000105634",
    "fillingDate": "2007-07-26",
    "acceptedDate": "2007-07-26 08:07:09",
    "calendarYear": "2007",
    "period": "Q2",
    "revenue": 1406232000,
    "costOfRevenue": 1236756000,
    "grossProfit": 169476000,
    "grossProfitRatio": 0.1205178093,
    "researchAndDevelopmentExpenses": 0,
    "generalAndAdministrativeExpenses": 125320000,
    "sellingAndMarketingExpenses": 0,
    "sellingGeneralAndAdministrativeExpenses": 125320000,
    "otherExpenses": 0,
    "operatingExpenses": 125320000,
    "costAndExpenses": 1362076000,
    "interestIncome": 0,
    "interestExpense": 0,
    "depreciationAndAmortization": 5199000,
    "ebitda": 49355000,
    "ebitdaratio": 0.0350973381,
    "operatingIncome": 44156000,
    "operatingIncomeRatio": 0.0314002241,
    "totalOtherIncomeExpensesNet": 717000,
    "incomeBeforeTax": 44873000,
    "incomeBeforeTaxRatio": 0.0319100973,
    "incomeTaxExpense": 18723000,
    "netIncome": 26150000,
    "netIncomeRatio": 0.0185957936,
    "eps": 0.41,
    "epsdiluted": 0.39,
    "weightedAverageShsOut": 63780488,
    "weightedAverageShsOutDil": 67051282,
    "link": "https://www.sec.gov/Archives/edgar/data/105634/000010563407000104/0000105634-07-000104-index.htm",
    "finalLink": "https://www.sec.gov/Archives/edgar/data/105634/000010563407000104/a60710q.txt"
  },
  {
    "date": "2007-03-31",
    "symbol": "EME",
    "reportedCurrency": "USD",
    "cik": "0000105634",
    "fillingDate": "2007-04-26",
    "acceptedDate": "2007-04-26 07:59:11",
    "calendarYear": "2007",
    "period": "Q1",
    "revenue": 1318347000,
    "costOfRevenue": 1186124000,
    "grossProfit": 132223000,
    "grossProfitRatio": 0.1002945355,
    "researchAndDevelopmentExpenses": 0,
    "generalAndAdministrativeExpenses": 113199000,
    "sellingAndMarketingExpenses": 0,
    "sellingGeneralAndAdministrativeExpenses": 111567000,
    "otherExpenses": 93000,
    "operatingExpenses": 111660000,
    "costAndExpenses": 1269414000,
    "interestIncome": 0,
    "interestExpense": 0,
    "depreciationAndAmortization": 6446000,
    "ebitda": 23892000,
    "ebitdaratio": 0.0181226946,
    "operatingIncome": 17353000,
    "operatingIncomeRatio": 0.0131626954,
    "totalOtherIncomeExpensesNet": 2307000,
    "incomeBeforeTax": 20451000,
    "incomeBeforeTaxRatio": 0.0155126078,
    "incomeTaxExpense": 8459000,
    "netIncome": 11992000,
    "netIncomeRatio": 0.0090962395,
    "eps": 0.19,
    "epsdiluted": 0.18,
    "weightedAverageShsOut": 63115789,
    "weightedAverageShsOutDil": 66622222,
    "link": "https://www.sec.gov/Archives/edgar/data/105634/000010563407000047/0000105634-07-000047-index.htm",
    "finalLink": "https://www.sec.gov/Archives/edgar/data/105634/000010563407000047/a30710q.txt"
  },
  {
    "date": "2006-12-31",
    "symbol": "EME",
    "reportedCurrency": "USD",
    "cik": "0000105634",
    "fillingDate": "2007-02-22",
    "acceptedDate": "2007-02-22 08:15:20",
    "calendarYear": "2006",
    "period": "Q4",
    "revenue": 1379904000,
    "costOfRevenue": 1208457000,
    "grossProfit": 171447000,
    "grossProfitRatio": 0.1242455997,
    "researchAndDevelopmentExpenses": 0,
    "generalAndAdministrativeExpenses": 126600000,
    "sellingAndMarketingExpenses": 0,
    "sellingGeneralAndAdministrativeExpenses": 126600000,
    "otherExpenses": 1018000,
    "operatingExpenses": 127618000,
    "costAndExpenses": 1336075000,
    "interestIncome": 0,
    "interestExpense": 0,
    "depreciationAndAmortization": 6118000,
    "ebitda": 50965000,
    "ebitdaratio": 0.0369337287,
    "operatingIncome": 43829000,
    "operatingIncomeRatio": 0.0317623545,
    "totalOtherIncomeExpensesNet": 129000,
    "incomeBeforeTax": 43958000,
    "incomeBeforeTaxRatio": 0.0318558392,
    "incomeTaxExpense": 3751000,
    "netIncome": 40207000,
    "netIncomeRatio": 0.0291375342,
    "eps": 0.63,
    "epsdiluted": 0.63,
    "weightedAverageShsOut": 63529577,
    "weightedAverageShsOutDil": 63529577,
    "link": "https://www.sec.gov/Archives/edgar/data/105634/000093041307001476/0000930413-07-001476-index.htm",
    "finalLink": "https://www.sec.gov/Archives/edgar/data/105634/000093041307001476/c46812_10k.txt"
  },
  {
    "date": "2006-09-30",
    "symbol": "EME",
    "reportedCurrency": "USD",
    "cik": "0000105634",
    "fillingDate": "2006-10-26",
    "acceptedDate": "2006-10-26 08:06:16",
    "calendarYear": "2006",
    "period": "Q3",
    "revenue": 1269634000,
    "costOfRevenue": 1121762000,
    "grossProfit": 147872000,
    "grossProfitRatio": 0.1164682105,
    "researchAndDevelopmentExpenses": 0,
    "generalAndAdministrativeExpenses": 110714000,
    "sellingAndMarketingExpenses": 0,
    "sellingGeneralAndAdministrativeExpenses": 108576000,
    "otherExpenses": 604000,
    "operatingExpenses": 109180000,
    "costAndExpenses": 1204592000,
    "interestIncome": 0,
    "interestExpense": 0,
    "depreciationAndAmortization": 4876000,
    "ebitda": 40288000,
    "ebitdaratio": 0.0317319795,
    "operatingIncome": 34808000,
    "operatingIncomeRatio": 0.0274157749,
    "totalOtherIncomeExpensesNet": -1111000,
    "incomeBeforeTax": 36318000,
    "incomeBeforeTaxRatio": 0.0286050941,
    "incomeTaxExpense": 13765000,
    "netIncome": 22553000,
    "netIncomeRatio": 0.0177633869,
    "eps": 0.36,
    "epsdiluted": 0.34,
    "weightedAverageShsOut": 62647222,
    "weightedAverageShsOutDil": 66332353,
    "link": "https://www.sec.gov/Archives/edgar/data/105634/000010563406000154/0000105634-06-000154-index.htm",
    "finalLink": "https://www.sec.gov/Archives/edgar/data/105634/000010563406000154/a90610q.txt"
  },
  {
    "date": "2006-06-30",
    "symbol": "EME",
    "reportedCurrency": "USD",
    "cik": "0000105634",
    "fillingDate": "2006-07-27",
    "acceptedDate": "2006-07-27 08:14:48",
    "calendarYear": "2006",
    "period": "Q2",
    "revenue": 1220423000,
    "costOfRevenue": 1086895000,
    "grossProfit": 133528000,
    "grossProfitRatio": 0.1094112451,
    "researchAndDevelopmentExpenses": 0,
    "generalAndAdministrativeExpenses": 108194000,
    "sellingAndMarketingExpenses": 0,
    "sellingGeneralAndAdministrativeExpenses": 108194000,
    "otherExpenses": 0,
    "operatingExpenses": 108194000,
    "costAndExpenses": 1195089000,
    "interestIncome": 0,
    "interestExpense": 0,
    "depreciationAndAmortization": 5196000,
    "ebitda": 30530000,
    "ebitdaratio": 0.0250159166,
    "operatingIncome": 25334000,
    "operatingIncomeRatio": 0.0207583764,
    "totalOtherIncomeExpensesNet": -182000,
    "incomeBeforeTax": 25152000,
    "incomeBeforeTaxRatio": 0.0206092478,
    "incomeTaxExpense": 8291000,
    "netIncome": 16861000,
    "netIncomeRatio": 0.0138157016,
    "eps": 0.27,
    "epsdiluted": 0.26,
    "weightedAverageShsOut": 63626415,
    "weightedAverageShsOutDil": 64850000,
    "link": "https://www.sec.gov/Archives/edgar/data/105634/000010563406000114/0000105634-06-000114-index.htm",
    "finalLink": "https://www.sec.gov/Archives/edgar/data/105634/000010563406000114/a60610q.txt"
  },
  {
    "date": "2006-03-31",
    "symbol": "EME",
    "reportedCurrency": "USD",
    "cik": "0000105634",
    "fillingDate": "2006-05-08",
    "acceptedDate": "2006-05-08 11:21:48",
    "calendarYear": "2006",
    "period": "Q1",
    "revenue": 1151077000,
    "costOfRevenue": 1036244000,
    "grossProfit": 114833000,
    "grossProfitRatio": 0.0997613539,
    "researchAndDevelopmentExpenses": 0,
    "generalAndAdministrativeExpenses": 102506000,
    "sellingAndMarketingExpenses": 0,
    "sellingGeneralAndAdministrativeExpenses": 102506000,
    "otherExpenses": 0,
    "operatingExpenses": 102506000,
    "costAndExpenses": 1138750000,
    "interestIncome": 0,
    "interestExpense": 0,
    "depreciationAndAmortization": 5120000,
    "ebitda": 17447000,
    "ebitdaratio": 0.0151571094,
    "operatingIncome": 12327000,
    "operatingIncomeRatio": 0.0107091011,
    "totalOtherIncomeExpensesNet": -18000,
    "incomeBeforeTax": 12309000,
    "incomeBeforeTaxRatio": 0.0106934636,
    "incomeTaxExpense": 4676000,
    "netIncome": 7013000,
    "netIncomeRatio": 0.0060925551,
    "eps": 0.11,
    "epsdiluted": 0.11,
    "weightedAverageShsOut": 63754545,
    "weightedAverageShsOutDil": 63754545,
    "link": "https://www.sec.gov/Archives/edgar/data/930835/000104746906006618/0001047469-06-006618-index.html",
    "finalLink": "https://www.sec.gov/Archives/edgar/data/930835/000104746906006618/a2169892z10-q.htm"
  },
  {
    "date": "2005-12-31",
    "symbol": "EME",
    "reportedCurrency": "USD",
    "cik": "0000105634",
    "fillingDate": "2006-02-23",
    "acceptedDate": "2006-02-23 08:06:02",
    "calendarYear": "2005",
    "period": "Q4",
    "revenue": 1237886000,
    "costOfRevenue": 1081442000,
    "grossProfit": 156444000,
    "grossProfitRatio": 0.1263799736,
    "researchAndDevelopmentExpenses": 0,
    "generalAndAdministrativeExpenses": 125223000,
    "sellingAndMarketingExpenses": 0,
    "sellingGeneralAndAdministrativeExpenses": 125223000,
    "otherExpenses": 22000,
    "operatingExpenses": 125245000,
    "costAndExpenses": 1206687000,
    "interestIncome": 0,
    "interestExpense": 0,
    "depreciationAndAmortization": 6847000,
    "ebitda": 38068000,
    "ebitdaratio": 0.0307524279,
    "operatingIncome": 31199000,
    "operatingIncomeRatio": 0.0252034517,
    "totalOtherIncomeExpensesNet": -2100000,
    "incomeBeforeTax": 29099000,
    "incomeBeforeTaxRatio": 0.0235070111,
    "incomeTaxExpense": 9627000,
    "netIncome": 19332000,
    "netIncomeRatio": 0.015616947,
    "eps": 0.31,
    "epsdiluted": 0.31,
    "weightedAverageShsOut": 62668020,
    "weightedAverageShsOutDil": 62668020,
    "link": "https://www.sec.gov/Archives/edgar/data/105634/000093041306001268/0000930413-06-001268-index.htm",
    "finalLink": "https://www.sec.gov/Archives/edgar/data/105634/000093041306001268/c41117_10k.txt"
  },
  {
    "date": "2005-09-30",
    "symbol": "EME",
    "reportedCurrency": "USD",
    "cik": "0000105634",
    "fillingDate": "2005-10-27",
    "acceptedDate": "2005-10-27 08:34:35",
    "calendarYear": "2005",
    "period": "Q3",
    "revenue": 1515415000,
    "costOfRevenue": 1084002000,
    "grossProfit": 431413000,
    "grossProfitRatio": 0.2846830736,
    "researchAndDevelopmentExpenses": 0,
    "generalAndAdministrativeExpenses": 101708000,
    "sellingAndMarketingExpenses": 0,
    "sellingGeneralAndAdministrativeExpenses": 101521000,
    "otherExpenses": 256000,
    "operatingExpenses": 101777000,
    "costAndExpenses": 1181048000,
    "interestIncome": 0,
    "interestExpense": 0,
    "depreciationAndAmortization": 5031000,
    "ebitda": 34593000,
    "ebitdaratio": 0.0228274103,
    "operatingIncome": 29306000,
    "operatingIncomeRatio": 0.019338597,
    "totalOtherIncomeExpensesNet": -2872000,
    "incomeBeforeTax": 26577000,
    "incomeBeforeTaxRatio": 0.0175377702,
    "incomeTaxExpense": -5522000,
    "netIncome": 30864000,
    "netIncomeRatio": 0.0203666982,
    "eps": 0.5,
    "epsdiluted": 0.49,
    "weightedAverageShsOut": 62351515,
    "weightedAverageShsOutDil": 63637113,
    "link": "https://www.sec.gov/Archives/edgar/data/105634/000010563405000123/0000105634-05-000123-index.htm",
    "finalLink": "https://www.sec.gov/Archives/edgar/data/105634/000010563405000123/a90510q.txt"
  },
  {
    "date": "2005-06-30",
    "symbol": "EME",
    "reportedCurrency": "USD",
    "cik": "0000105634",
    "fillingDate": "2005-07-28",
    "acceptedDate": "2005-07-28 08:02:49",
    "calendarYear": "2005",
    "period": "Q2",
    "revenue": 1180282000,
    "costOfRevenue": 1066876000,
    "grossProfit": 113406000,
    "grossProfitRatio": 0.0960838173,
    "researchAndDevelopmentExpenses": 0,
    "generalAndAdministrativeExpenses": 97949000,
    "sellingAndMarketingExpenses": 0,
    "sellingGeneralAndAdministrativeExpenses": 96994000,
    "otherExpenses": 301000,
    "operatingExpenses": 97295000,
    "costAndExpenses": 1154155000,
    "interestIncome": 0,
    "interestExpense": 0,
    "depreciationAndAmortization": 5508000,
    "ebitda": 20485000,
    "ebitdaratio": 0.0173560217,
    "operatingIncome": 14676000,
    "operatingIncomeRatio": 0.0124343165,
    "totalOtherIncomeExpensesNet": -2624000,
    "incomeBeforeTax": 12532000,
    "incomeBeforeTaxRatio": 0.0106178015,
    "incomeTaxExpense": 4599000,
    "netIncome": 7933000,
    "netIncomeRatio": 0.0067212751,
    "eps": 0.13,
    "epsdiluted": 0.13,
    "weightedAverageShsOut": 63464000,
    "weightedAverageShsOutDil": 63464000,
    "link": "https://www.sec.gov/Archives/edgar/data/105634/000010563405000115/0000105634-05-000115-index.htm",
    "finalLink": "https://www.sec.gov/Archives/edgar/data/105634/000010563405000115/a60510q.txt"
  },
  {
    "date": "2005-03-31",
    "symbol": "EME",
    "reportedCurrency": "USD",
    "cik": "0000105634",
    "fillingDate": "2005-04-28",
    "acceptedDate": "2005-04-28 08:08:19",
    "calendarYear": "2005",
    "period": "Q1",
    "revenue": 1093208000,
    "costOfRevenue": 993125000,
    "grossProfit": 100083000,
    "grossProfitRatio": 0.091549824,
    "researchAndDevelopmentExpenses": 0,
    "generalAndAdministrativeExpenses": 93384000,
    "sellingAndMarketingExpenses": 0,
    "sellingGeneralAndAdministrativeExpenses": 92307000,
    "otherExpenses": 1171000,
    "operatingExpenses": 93478000,
    "costAndExpenses": 1078031000,
    "interestIncome": 0,
    "interestExpense": 0,
    "depreciationAndAmortization": 5245000,
    "ebitda": 12140000,
    "ebitdaratio": 0.0111049315,
    "operatingIncome": 5724000,
    "operatingIncomeRatio": 0.0052359661,
    "totalOtherIncomeExpensesNet": -2505000,
    "incomeBeforeTax": 3023000,
    "incomeBeforeTaxRatio": 0.002765256,
    "incomeTaxExpense": 1110000,
    "netIncome": 1913000,
    "netIncomeRatio": 0.0017498957,
    "eps": 0.03,
    "epsdiluted": 0.03,
    "weightedAverageShsOut": 63766667,
    "weightedAverageShsOutDil": 63766667,
    "link": "https://www.sec.gov/Archives/edgar/data/105634/000010563405000077/0000105634-05-000077-index.htm",
    "finalLink": "https://www.sec.gov/Archives/edgar/data/105634/000010563405000077/a30510q.txt"
  },
  {
    "date": "2004-12-31",
    "symbol": "EME",
    "reportedCurrency": "USD",
    "cik": "0000105634",
    "fillingDate": "2005-03-09",
    "acceptedDate": "2005-03-09 08:38:49",
    "calendarYear": "2004",
    "period": "Q4",
    "revenue": 1229670000,
    "costOfRevenue": 1100423000,
    "grossProfit": 129247000,
    "grossProfitRatio": 0.1051070612,
    "researchAndDevelopmentExpenses": 0,
    "generalAndAdministrativeExpenses": 103580000,
    "sellingAndMarketingExpenses": 0,
    "sellingGeneralAndAdministrativeExpenses": 103580000,
    "otherExpenses": 2338000,
    "operatingExpenses": 105918000,
    "costAndExpenses": 1206341000,
    "interestIncome": 0,
    "interestExpense": 0,
    "depreciationAndAmortization": 8090000,
    "ebitda": 33757000,
    "ebitdaratio": 0.0274520806,
    "operatingIncome": 23329000,
    "operatingIncomeRatio": 0.0189717567,
    "totalOtherIncomeExpensesNet": -5261000,
    "incomeBeforeTax": 18068000,
    "incomeBeforeTaxRatio": 0.014693373,
    "incomeTaxExpense": 7489000,
    "netIncome": 10579000,
    "netIncomeRatio": 0.0086031212,
    "eps": 0.17,
    "epsdiluted": 0.17,
    "weightedAverageShsOut": 60650980,
    "weightedAverageShsOutDil": 60650980,
    "link": "https://www.sec.gov/Archives/edgar/data/105634/000093041305001671/0000930413-05-001671-index.htm",
    "finalLink": "https://www.sec.gov/Archives/edgar/data/105634/000093041305001671/c35676_10k.txt"
  },
  {
    "date": "2004-09-30",
    "symbol": "EME",
    "reportedCurrency": "USD",
    "cik": "0000105634",
    "fillingDate": "2004-10-28",
    "acceptedDate": "2004-10-28 08:37:44",
    "calendarYear": "2004",
    "period": "Q3",
    "revenue": 1215911000,
    "costOfRevenue": 1100931000,
    "grossProfit": 114980000,
    "grossProfitRatio": 0.0945628422,
    "researchAndDevelopmentExpenses": 0,
    "generalAndAdministrativeExpenses": 97616000,
    "sellingAndMarketingExpenses": 0,
    "sellingGeneralAndAdministrativeExpenses": 96630000,
    "otherExpenses": -2222000,
    "operatingExpenses": 94408000,
    "costAndExpenses": 1191036000,
    "interestIncome": 0,
    "interestExpense": 0,
    "depreciationAndAmortization": 5942000,
    "ebitda": 27505000,
    "ebitdaratio": 0.0226208991,
    "operatingIncome": 20946000,
    "operatingIncomeRatio": 0.0172265898,
    "totalOtherIncomeExpensesNet": -959000,
    "incomeBeforeTax": 19298000,
    "incomeBeforeTaxRatio": 0.0158712274,
    "incomeTaxExpense": 3832000,
    "netIncome": 15466000,
    "netIncomeRatio": 0.012719681,
    "eps": 0.26,
    "epsdiluted": 0.25,
    "weightedAverageShsOut": 60650980,
    "weightedAverageShsOutDil": 62488889,
    "link": "https://www.sec.gov/Archives/edgar/data/105634/000010563404000091/0000105634-04-000091-index.htm",
    "finalLink": "https://www.sec.gov/Archives/edgar/data/105634/000010563404000091/a90410q.txt"
  },
  {
    "date": "2004-06-30",
    "symbol": "EME",
    "reportedCurrency": "USD",
    "cik": "0000105634",
    "fillingDate": "2004-07-22",
    "acceptedDate": "2004-07-22 08:04:04",
    "calendarYear": "2004",
    "period": "Q2",
    "revenue": 1193213000,
    "costOfRevenue": 1091701000,
    "grossProfit": 101512000,
    "grossProfitRatio": 0.0850745005,
    "researchAndDevelopmentExpenses": 0,
    "generalAndAdministrativeExpenses": 97141000,
    "sellingAndMarketingExpenses": 0,
    "sellingGeneralAndAdministrativeExpenses": 96690000,
    "otherExpenses": 140000,
    "operatingExpenses": 96830000,
    "costAndExpenses": 1188531000,
    "interestIncome": 0,
    "interestExpense": 0,
    "depreciationAndAmortization": 6345000,
    "ebitda": 11167000,
    "ebitdaratio": 0.0093587649,
    "operatingIncome": 4682000,
    "operatingIncomeRatio": 0.0039238594,
    "totalOtherIncomeExpensesNet": -2191000,
    "incomeBeforeTax": 2491000,
    "incomeBeforeTaxRatio": 0.0020876407,
    "incomeTaxExpense": 1046000,
    "netIncome": 1445000,
    "netIncomeRatio": 0.001211016,
    "eps": 0.025,
    "epsdiluted": 0.0225,
    "weightedAverageShsOut": 57800000,
    "weightedAverageShsOutDil": 64222222,
    "link": "https://www.sec.gov/Archives/edgar/data/105634/000010563404000081/0000105634-04-000081-index.htm",
    "finalLink": "https://www.sec.gov/Archives/edgar/data/105634/000010563404000081/a60410q.txt"
  },
  {
    "date": "2004-03-31",
    "symbol": "EME",
    "reportedCurrency": "USD",
    "cik": "0000105634",
    "fillingDate": "2004-04-29",
    "acceptedDate": "2004-04-29 08:36:37",
    "calendarYear": "2004",
    "period": "Q1",
    "revenue": 1109086000,
    "costOfRevenue": 1007923000,
    "grossProfit": 101163000,
    "grossProfitRatio": 0.0912129447,
    "researchAndDevelopmentExpenses": 0,
    "generalAndAdministrativeExpenses": 101001000,
    "sellingAndMarketingExpenses": 0,
    "sellingGeneralAndAdministrativeExpenses": 100533000,
    "otherExpenses": 5179000,
    "operatingExpenses": 105712000,
    "costAndExpenses": 1113635000,
    "interestIncome": 0,
    "interestExpense": 0,
    "depreciationAndAmortization": 5931000,
    "ebitda": 6561000,
    "ebitdaratio": 0.0059156819,
    "operatingIncome": -4549000,
    "operatingIncomeRatio": -0.0041015755,
    "totalOtherIncomeExpensesNet": -2146000,
    "incomeBeforeTax": -6695000,
    "incomeBeforeTaxRatio": -0.0060365021,
    "incomeTaxExpense": -12412000,
    "netIncome": 5717000,
    "netIncomeRatio": 0.0051546949,
    "eps": 0.095,
    "epsdiluted": 0.0925,
    "weightedAverageShsOut": 60178947,
    "weightedAverageShsOutDil": 61805405,
    "link": "https://www.sec.gov/Archives/edgar/data/105634/000010563404000058/0000105634-04-000058-index.htm",
    "finalLink": "https://www.sec.gov/Archives/edgar/data/105634/000010563404000058/a30410q.txt"
  },
  {
    "date": "2003-12-31",
    "symbol": "EME",
    "reportedCurrency": "USD",
    "cik": "0000105634",
    "fillingDate": "2004-02-26",
    "acceptedDate": "2004-02-26 16:48:19",
    "calendarYear": "2003",
    "period": "Q4",
    "revenue": 1171650000,
    "costOfRevenue": 1047446000,
    "grossProfit": 124204000,
    "grossProfitRatio": 0.1060077668,
    "researchAndDevelopmentExpenses": 0,
    "generalAndAdministrativeExpenses": 116818000,
    "sellingAndMarketingExpenses": 0,
    "sellingGeneralAndAdministrativeExpenses": 116818000,
    "otherExpenses": 0,
    "operatingExpenses": 116818000,
    "costAndExpenses": 1164264000,
    "interestIncome": 0,
    "interestExpense": 0,
    "depreciationAndAmortization": 7681000,
    "ebitda": 15067000,
    "ebitdaratio": 0.0128596424,
    "operatingIncome": 7386000,
    "operatingIncomeRatio": 0.0063039304,
    "totalOtherIncomeExpensesNet": -2605000,
    "incomeBeforeTax": 4781000,
    "incomeBeforeTaxRatio": 0.0040805701,
    "incomeTaxExpense": 2157000,
    "netIncome": 2624000,
    "netIncomeRatio": 0.0022395767,
    "eps": 0.0436,
    "epsdiluted": 0.0436,
    "weightedAverageShsOut": 60167442,
    "weightedAverageShsOutDil": 60167442,
    "link": "https://www.sec.gov/Archives/edgar/data/105634/000093041304000587/0000930413-04-000587-index.htm",
    "finalLink": "https://www.sec.gov/Archives/edgar/data/105634/000093041304000587/c30862_10k.txt"
  },
  {
    "date": "2003-09-30",
    "symbol": "EME",
    "reportedCurrency": "USD",
    "cik": "0000105634",
    "fillingDate": "2003-10-23",
    "acceptedDate": "2003-10-23 08:17:23",
    "calendarYear": "2003",
    "period": "Q3",
    "revenue": 1157588000,
    "costOfRevenue": 1039382000,
    "grossProfit": 118206000,
    "grossProfitRatio": 0.1021140509,
    "researchAndDevelopmentExpenses": 0,
    "generalAndAdministrativeExpenses": 104671000,
    "sellingAndMarketingExpenses": 0,
    "sellingGeneralAndAdministrativeExpenses": 104671000,
    "otherExpenses": 0,
    "operatingExpenses": 104671000,
    "costAndExpenses": 1144053000,
    "interestIncome": 0,
    "interestExpense": 0,
    "depreciationAndAmortization": 6172000,
    "ebitda": 19707000,
    "ebitdaratio": 0.0170241917,
    "operatingIncome": 13535000,
    "operatingIncomeRatio": 0.0116924156,
    "totalOtherIncomeExpensesNet": -1987000,
    "incomeBeforeTax": 11548000,
    "incomeBeforeTaxRatio": 0.0099759154,
    "incomeTaxExpense": 5080000,
    "netIncome": 6468000,
    "netIncomeRatio": 0.0055874802,
    "eps": 0.11,
    "epsdiluted": 0.11,
    "weightedAverageShsOut": 60167442,
    "weightedAverageShsOutDil": 61600000,
    "link": "https://www.sec.gov/Archives/edgar/data/105634/000010563403000044/0000105634-03-000044-index.htm",
    "finalLink": "https://www.sec.gov/Archives/edgar/data/105634/000010563403000044/a90310q.txt"
  },
  {
    "date": "2003-06-30",
    "symbol": "EME",
    "reportedCurrency": "USD",
    "cik": "0000105634",
    "fillingDate": "2003-07-24",
    "acceptedDate": "2003-07-24 08:00:45",
    "calendarYear": "2003",
    "period": "Q2",
    "revenue": 1144378000,
    "costOfRevenue": 1021103000,
    "grossProfit": 123275000,
    "grossProfitRatio": 0.1077222736,
    "researchAndDevelopmentExpenses": 0,
    "generalAndAdministrativeExpenses": 106638000,
    "sellingAndMarketingExpenses": 0,
    "sellingGeneralAndAdministrativeExpenses": 106638000,
    "otherExpenses": 0,
    "operatingExpenses": 106638000,
    "costAndExpenses": 1127741000,
    "interestIncome": 0,
    "interestExpense": 0,
    "depreciationAndAmortization": 5399000,
    "ebitda": 22036000,
    "ebitdaratio": 0.0192558752,
    "operatingIncome": 16637000,
    "operatingIncomeRatio": 0.0145380285,
    "totalOtherIncomeExpensesNet": -1842000,
    "incomeBeforeTax": 14795000,
    "incomeBeforeTaxRatio": 0.0129284205,
    "incomeTaxExpense": 6522000,
    "netIncome": 8273000,
    "netIncomeRatio": 0.0072292547,
    "eps": 0.14,
    "epsdiluted": 0.13,
    "weightedAverageShsOut": 60167273,
    "weightedAverageShsOutDil": 62437736,
    "link": "https://www.sec.gov/Archives/edgar/data/105634/000010563403000012/0000105634-03-000012-index.htm",
    "finalLink": "https://www.sec.gov/Archives/edgar/data/105634/000010563403000012/a60310q.txt"
  },
  {
    "date": "2003-03-31",
    "symbol": "EME",
    "reportedCurrency": "USD",
    "cik": "0000105634",
    "fillingDate": "2003-04-24",
    "acceptedDate": "2003-04-24 08:01:05",
    "calendarYear": "2003",
    "period": "Q1",
    "revenue": 1061030000,
    "costOfRevenue": 944261000,
    "grossProfit": 116769000,
    "grossProfitRatio": 0.1100524962,
    "researchAndDevelopmentExpenses": 0,
    "generalAndAdministrativeExpenses": 109175000,
    "sellingAndMarketingExpenses": 0,
    "sellingGeneralAndAdministrativeExpenses": 109175000,
    "otherExpenses": 0,
    "operatingExpenses": 109175000,
    "costAndExpenses": 1053436000,
    "interestIncome": 0,
    "interestExpense": 0,
    "depreciationAndAmortization": 6699000,
    "ebitda": 14293000,
    "ebitdaratio": 0.0134708726,
    "operatingIncome": 7594000,
    "operatingIncomeRatio": 0.0071571963,
    "totalOtherIncomeExpensesNet": -1802000,
    "incomeBeforeTax": 5792000,
    "incomeBeforeTaxRatio": 0.0054588466,
    "incomeTaxExpense": 2536000,
    "netIncome": 3256000,
    "netIncomeRatio": 0.0030687162,
    "eps": 0.055,
    "epsdiluted": 0.0525,
    "weightedAverageShsOut": 59200000,
    "weightedAverageShsOutDil": 62019048,
    "link": "https://www.sec.gov/Archives/edgar/data/105634/000010563403000005/0000105634-03-000005-index.htm",
    "finalLink": "https://www.sec.gov/Archives/edgar/data/105634/000010563403000005/a30310q.txt"
  },
  {
    "date": "2002-12-31",
    "symbol": "EME",
    "reportedCurrency": "USD",
    "cik": "0000105634",
    "fillingDate": "2003-02-26",
    "acceptedDate": "2003-02-26 08:02:28",
    "calendarYear": "2002",
    "period": "Q4",
    "revenue": 1119068000,
    "costOfRevenue": 975269000,
    "grossProfit": 143799000,
    "grossProfitRatio": 0.1284988937,
    "researchAndDevelopmentExpenses": 0,
    "generalAndAdministrativeExpenses": 104687000,
    "sellingAndMarketingExpenses": 0,
    "sellingGeneralAndAdministrativeExpenses": 104687000,
    "otherExpenses": 0,
    "operatingExpenses": 104687000,
    "costAndExpenses": 1079956000,
    "interestIncome": 0,
    "interestExpense": 0,
    "depreciationAndAmortization": 5279000,
    "ebitda": 44391000,
    "ebitdaratio": 0.0396678307,
    "operatingIncome": 39112000,
    "operatingIncomeRatio": 0.0349505124,
    "totalOtherIncomeExpensesNet": -998000,
    "incomeBeforeTax": 38114000,
    "incomeBeforeTaxRatio": 0.0340586988,
    "incomeTaxExpense": 16770000,
    "netIncome": 21344000,
    "netIncomeRatio": 0.0190730143,
    "eps": 0.36,
    "epsdiluted": 0.36,
    "weightedAverageShsOut": 59260323,
    "weightedAverageShsOutDil": 59477863,
    "link": "https://www.sec.gov/Archives/edgar/data/105634/000093041303000565/0000930413-03-000565-index.htm",
    "finalLink": "https://www.sec.gov/Archives/edgar/data/105634/000093041303000565/c27185_10k.txt"
  },
  {
    "date": "2002-09-30",
    "symbol": "EME",
    "reportedCurrency": "USD",
    "cik": "0000105634",
    "fillingDate": "2002-10-23",
    "acceptedDate": "2002-10-23 08:09:33",
    "calendarYear": "2002",
    "period": "Q3",
    "revenue": 1052285000,
    "costOfRevenue": 923052000,
    "grossProfit": 129233000,
    "grossProfitRatio": 0.1228117858,
    "researchAndDevelopmentExpenses": 0,
    "generalAndAdministrativeExpenses": 93375000,
    "sellingAndMarketingExpenses": 0,
    "sellingGeneralAndAdministrativeExpenses": 93375000,
    "otherExpenses": 0,
    "operatingExpenses": 93375000,
    "costAndExpenses": 1016427000,
    "interestIncome": 0,
    "interestExpense": 0,
    "depreciationAndAmortization": 4172000,
    "ebitda": 40030000,
    "ebitdaratio": 0.038041025,
    "operatingIncome": 35858000,
    "operatingIncomeRatio": 0.0340763196,
    "totalOtherIncomeExpensesNet": -1073000,
    "incomeBeforeTax": 34785000,
    "incomeBeforeTaxRatio": 0.0330566339,
    "incomeTaxExpense": 15306000,
    "netIncome": 19479000,
    "netIncomeRatio": 0.0185111448,
    "eps": 0.33,
    "epsdiluted": 0.32,
    "weightedAverageShsOut": 59477863,
    "weightedAverageShsOutDil": 61838095,
    "link": "https://www.sec.gov/Archives/edgar/data/105634/000010563402000012/0000105634-02-000012-index.htm",
    "finalLink": "https://www.sec.gov/Archives/edgar/data/105634/000010563402000012/b90210q.txt"
  },
  {
    "date": "2002-06-30",
    "symbol": "EME",
    "reportedCurrency": "USD",
    "cik": "0000105634",
    "fillingDate": "2002-07-25",
    "acceptedDate": "2002-07-25 08:00:46",
    "calendarYear": "2002",
    "period": "Q2",
    "revenue": 986399000,
    "costOfRevenue": 866183000,
    "grossProfit": 120216000,
    "grossProfitRatio": 0.1218736029,
    "researchAndDevelopmentExpenses": 0,
    "generalAndAdministrativeExpenses": 93292000,
    "sellingAndMarketingExpenses": 0,
    "sellingGeneralAndAdministrativeExpenses": 93292000,
    "otherExpenses": 0,
    "operatingExpenses": 93292000,
    "costAndExpenses": 959475000,
    "interestIncome": 0,
    "interestExpense": 0,
    "depreciationAndAmortization": 3928000,
    "ebitda": 30852000,
    "ebitdaratio": 0.031277404,
    "operatingIncome": 26924000,
    "operatingIncomeRatio": 0.0272952426,
    "totalOtherIncomeExpensesNet": -445000,
    "incomeBeforeTax": 26479000,
    "incomeBeforeTaxRatio": 0.0268441067,
    "incomeTaxExpense": 11651000,
    "netIncome": 14828000,
    "netIncomeRatio": 0.0150324564,
    "eps": 0.25,
    "epsdiluted": 0.24,
    "weightedAverageShsOut": 59312000,
    "weightedAverageShsOutDil": 61783333,
    "link": "https://www.sec.gov/Archives/edgar/data/105634/000010563402000007/0000105634-02-000007-index.htm",
    "finalLink": "https://www.sec.gov/Archives/edgar/data/105634/000010563402000007/a60210q.txt"
  },
  {
    "date": "2002-03-31",
    "symbol": "EME",
    "reportedCurrency": "USD",
    "cik": "0000105634",
    "fillingDate": "2002-04-30",
    "acceptedDate": "2002-04-30 08:41:48",
    "calendarYear": "2002",
    "period": "Q1",
    "revenue": 810299000,
    "costOfRevenue": 720913000,
    "grossProfit": 89386000,
    "grossProfitRatio": 0.1103123662,
    "researchAndDevelopmentExpenses": 0,
    "generalAndAdministrativeExpenses": 76855000,
    "sellingAndMarketingExpenses": 0,
    "sellingGeneralAndAdministrativeExpenses": 76855000,
    "otherExpenses": 0,
    "operatingExpenses": 76855000,
    "costAndExpenses": 797768000,
    "interestIncome": 0,
    "interestExpense": 0,
    "depreciationAndAmortization": 3377000,
    "ebitda": 15908000,
    "ebitdaratio": 0.0196322592,
    "operatingIncome": 12531000,
    "operatingIncomeRatio": 0.0154646618,
    "totalOtherIncomeExpensesNet": 417000,
    "incomeBeforeTax": 12948000,
    "incomeBeforeTaxRatio": 0.0159792867,
    "incomeTaxExpense": 5697000,
    "netIncome": 7251000,
    "netIncomeRatio": 0.0089485486,
    "eps": 0.12,
    "epsdiluted": 0.12,
    "weightedAverageShsOut": 59191837,
    "weightedAverageShsOutDil": 61710638,
    "link": "https://www.sec.gov/Archives/edgar/data/105634/000010563402000005/0000105634-02-000005-index.htm",
    "finalLink": "https://www.sec.gov/Archives/edgar/data/105634/000010563402000005/a30210q.txt"
  },
  {
    "date": "2001-12-31",
    "symbol": "EME",
    "reportedCurrency": "USD",
    "cik": "0000105634",
    "fillingDate": "2002-02-21",
    "acceptedDate": "2002-02-21 00:00:00",
    "calendarYear": "2001",
    "period": "Q4",
    "revenue": 864164000,
    "costOfRevenue": 746471000,
    "grossProfit": 117693000,
    "grossProfitRatio": 0.1361928986,
    "researchAndDevelopmentExpenses": 0,
    "generalAndAdministrativeExpenses": 87253000,
    "sellingAndMarketingExpenses": 0,
    "sellingGeneralAndAdministrativeExpenses": 87253000,
    "otherExpenses": 0,
    "operatingExpenses": 87253000,
    "costAndExpenses": 833724000,
    "interestIncome": 0,
    "interestExpense": 0,
    "depreciationAndAmortization": 4979000,
    "ebitda": 35419000,
    "ebitdaratio": 0.0409864331,
    "operatingIncome": 30440000,
    "operatingIncomeRatio": 0.0352247953,
    "totalOtherIncomeExpensesNet": 707000,
    "incomeBeforeTax": 31147000,
    "incomeBeforeTaxRatio": 0.036042927,
    "incomeTaxExpense": 13705000,
    "netIncome": 17442000,
    "netIncomeRatio": 0.0201836688,
    "eps": 0.29,
    "epsdiluted": 0.29,
    "weightedAverageShsOut": 59258172,
    "weightedAverageShsOutDil": 59382524,
    "link": "https://www.sec.gov/Archives/edgar/data/105634/000093041302000457/0000930413-02-000457-index.htm",
    "finalLink": "https://www.sec.gov/Archives/edgar/data/105634/000093041302000457/c23256_10-k.txt"
  },
  {
    "date": "2001-09-30",
    "symbol": "EME",
    "reportedCurrency": "USD",
    "cik": "0000105634",
    "fillingDate": "2001-10-25",
    "acceptedDate": "2001-10-25 00:00:00",
    "calendarYear": "2001",
    "period": "Q3",
    "revenue": 848629000,
    "costOfRevenue": 747762000,
    "grossProfit": 100867000,
    "grossProfitRatio": 0.118858771,
    "researchAndDevelopmentExpenses": 0,
    "generalAndAdministrativeExpenses": 74632000,
    "sellingAndMarketingExpenses": 0,
    "sellingGeneralAndAdministrativeExpenses": 74632000,
    "otherExpenses": 0,
    "operatingExpenses": 74632000,
    "costAndExpenses": 822394000,
    "interestIncome": 0,
    "interestExpense": 0,
    "depreciationAndAmortization": 4467000,
    "ebitda": 30702000,
    "ebitdaratio": 0.0361783536,
    "operatingIncome": 26235000,
    "operatingIncomeRatio": 0.0309145693,
    "totalOtherIncomeExpensesNet": 1070000,
    "incomeBeforeTax": 27305000,
    "incomeBeforeTaxRatio": 0.0321754265,
    "incomeTaxExpense": 12014000,
    "netIncome": 15291000,
    "netIncomeRatio": 0.0180184745,
    "eps": 0.26,
    "epsdiluted": 0.25,
    "weightedAverageShsOut": 59382524,
    "weightedAverageShsOutDil": 61164000,
    "link": "https://www.sec.gov/Archives/edgar/data/105634/000010563401500010/0000105634-01-500010-index.htm",
    "finalLink": "https://www.sec.gov/Archives/edgar/data/105634/000010563401500010/a90110q.txt"
  },
  {
    "date": "2001-06-30",
    "symbol": "EME",
    "reportedCurrency": "USD",
    "cik": "0000105634",
    "fillingDate": "2001-07-26",
    "acceptedDate": "2001-07-26 00:00:00",
    "calendarYear": "2001",
    "period": "Q2",
    "revenue": 869506000,
    "costOfRevenue": 775018000,
    "grossProfit": 94488000,
    "grossProfitRatio": 0.1086686003,
    "researchAndDevelopmentExpenses": 0,
    "generalAndAdministrativeExpenses": 71583000,
    "sellingAndMarketingExpenses": 0,
    "sellingGeneralAndAdministrativeExpenses": 70230000,
    "otherExpenses": 1353000,
    "operatingExpenses": 71583000,
    "costAndExpenses": 848345000,
    "interestIncome": 0,
    "interestExpense": 0,
    "depreciationAndAmortization": 4418000,
    "ebitda": 25579000,
    "ebitdaratio": 0.0294178534,
    "operatingIncome": 21161000,
    "operatingIncomeRatio": 0.0243368073,
    "totalOtherIncomeExpensesNet": -243000,
    "incomeBeforeTax": 20918000,
    "incomeBeforeTaxRatio": 0.0240573383,
    "incomeTaxExpense": 9296000,
    "netIncome": 11622000,
    "netIncomeRatio": 0.0133662102,
    "eps": 0.25,
    "epsdiluted": 0.2,
    "weightedAverageShsOut": 46591960,
    "weightedAverageShsOutDil": 61257392,
    "link": "https://www.sec.gov/Archives/edgar/data/105634/000010563401500007/0000105634-01-500007-index.htm",
    "finalLink": "https://www.sec.gov/Archives/edgar/data/105634/000010563401500007/a10q601.txt"
  },
  {
    "date": "2001-03-31",
    "symbol": "EME",
    "reportedCurrency": "USD",
    "cik": "0000105634",
    "fillingDate": "2001-04-24",
    "acceptedDate": "2001-04-24 00:00:00",
    "calendarYear": "2001",
    "period": "Q1",
    "revenue": 837555000,
    "costOfRevenue": 752700000,
    "grossProfit": 84855000,
    "grossProfitRatio": 0.1013127496,
    "researchAndDevelopmentExpenses": 0,
    "generalAndAdministrativeExpenses": 69673000,
    "sellingAndMarketingExpenses": 0,
    "sellingGeneralAndAdministrativeExpenses": 69673000,
    "otherExpenses": 4336000,
    "operatingExpenses": 74009000,
    "costAndExpenses": 826709000,
    "interestIncome": 0,
    "interestExpense": 0,
    "depreciationAndAmortization": 4336000,
    "ebitda": 15182000,
    "ebitdaratio": 0.0181265708,
    "operatingIncome": 10846000,
    "operatingIncomeRatio": 0.0129495973,
    "totalOtherIncomeExpensesNet": -742000,
    "incomeBeforeTax": 10104000,
    "incomeBeforeTaxRatio": 0.0120636854,
    "incomeTaxExpense": 4447000,
    "netIncome": 5657000,
    "netIncomeRatio": 0.0067541833,
    "eps": 0.14,
    "epsdiluted": 0.11,
    "weightedAverageShsOut": 41903704,
    "weightedAverageShsOutDil": 51427273,
    "link": "https://www.sec.gov/Archives/edgar/data/105634/000093041301500330/0000930413-01-500330-index.htm",
    "finalLink": "https://www.sec.gov/Archives/edgar/data/105634/000093041301500330/c20767-10q.txt"
  },
  {
    "date": "2000-12-31",
    "symbol": "EME",
    "reportedCurrency": "USD",
    "cik": "0000105634",
    "fillingDate": "2001-02-20",
    "acceptedDate": "2001-02-20 00:00:00",
    "calendarYear": "2000",
    "period": "Q4",
    "revenue": 930264000,
    "costOfRevenue": 814108000,
    "grossProfit": 116156000,
    "grossProfitRatio": 0.1248634796,
    "researchAndDevelopmentExpenses": 0,
    "generalAndAdministrativeExpenses": 84184000,
    "sellingAndMarketingExpenses": 0,
    "sellingGeneralAndAdministrativeExpenses": 84184000,
    "otherExpenses": 4696000,
    "operatingExpenses": 88880000,
    "costAndExpenses": 902988000,
    "interestIncome": 0,
    "interestExpense": 0,
    "depreciationAndAmortization": 4696000,
    "ebitda": 31972000,
    "ebitdaratio": 0.0343687383,
    "operatingIncome": 27276000,
    "operatingIncomeRatio": 0.029320709,
    "totalOtherIncomeExpensesNet": -1342000,
    "incomeBeforeTax": 25934000,
    "incomeBeforeTaxRatio": 0.0278781077,
    "incomeTaxExpense": 11411000,
    "netIncome": 14523000,
    "netIncomeRatio": 0.0156116973,
    "eps": 0.35,
    "epsdiluted": 0.35,
    "weightedAverageShsOut": 41741818,
    "weightedAverageShsOutDil": 41741818,
    "link": "https://www.sec.gov/Archives/edgar/data/105634/000093041301000293/0000930413-01-000293-index.htm",
    "finalLink": "https://www.sec.gov/Archives/edgar/data/105634/000093041301000293/0000930413-01-000293-0001.txt"
  },
  {
    "date": "2000-09-30",
    "symbol": "EME",
    "reportedCurrency": "USD",
    "cik": "0000105634",
    "fillingDate": "2000-10-26",
    "acceptedDate": "2000-10-26 00:00:00",
    "calendarYear": "2000",
    "period": "Q3",
    "revenue": 921568000,
    "costOfRevenue": 828969000,
    "grossProfit": 92599000,
    "grossProfitRatio": 0.1004798344,
    "researchAndDevelopmentExpenses": 0,
    "generalAndAdministrativeExpenses": 65946000,
    "sellingAndMarketingExpenses": 0,
    "sellingGeneralAndAdministrativeExpenses": 65946000,
    "otherExpenses": 4130000,
    "operatingExpenses": 70076000,
    "costAndExpenses": 899045000,
    "interestIncome": 0,
    "interestExpense": 0,
    "depreciationAndAmortization": 4130000,
    "ebitda": 26653000,
    "ebitdaratio": 0.0289213601,
    "operatingIncome": 22523000,
    "operatingIncomeRatio": 0.0244398677,
    "totalOtherIncomeExpensesNet": -2026000,
    "incomeBeforeTax": 20497000,
    "incomeBeforeTaxRatio": 0.0222414407,
    "incomeTaxExpense": 9018000,
    "netIncome": 11479000,
    "netIncomeRatio": 0.0124559447,
    "eps": 0.28,
    "epsdiluted": 0.21,
    "weightedAverageShsOut": 41741818,
    "weightedAverageShsOutDil": 52177778,
    "link": "https://www.sec.gov/Archives/edgar/data/105634/000010563400000010/0000105634-00-000010-index.htm",
    "finalLink": "https://www.sec.gov/Archives/edgar/data/105634/000010563400000010/0000105634-00-000010-0001.txt"
  },
  {
    "date": "2000-06-30",
    "symbol": "EME",
    "reportedCurrency": "USD",
    "cik": "0000105634",
    "fillingDate": "2000-07-26",
    "acceptedDate": "2000-07-26 00:00:00",
    "calendarYear": "2000",
    "period": "Q2",
    "revenue": 866850000,
    "costOfRevenue": 777681000,
    "grossProfit": 89169000,
    "grossProfitRatio": 0.1028655477,
    "researchAndDevelopmentExpenses": 0,
    "generalAndAdministrativeExpenses": 66763000,
    "sellingAndMarketingExpenses": 0,
    "sellingGeneralAndAdministrativeExpenses": 66763000,
    "otherExpenses": 3826000,
    "operatingExpenses": 70589000,
    "costAndExpenses": 848270000,
    "interestIncome": 0,
    "interestExpense": 0,
    "depreciationAndAmortization": 3826000,
    "ebitda": 22406000,
    "ebitdaratio": 0.0258476092,
    "operatingIncome": 18580000,
    "operatingIncomeRatio": 0.0214339274,
    "totalOtherIncomeExpensesNet": -2226000,
    "incomeBeforeTax": 16354000,
    "incomeBeforeTaxRatio": 0.0188660091,
    "incomeTaxExpense": 7196000,
    "netIncome": 9158000,
    "netIncomeRatio": 0.0105646882,
    "eps": 0.22,
    "epsdiluted": 0.17,
    "weightedAverageShsOut": 41627273,
    "weightedAverageShsOutDil": 53870588,
    "link": "https://www.sec.gov/Archives/edgar/data/105634/000010563400000006/0000105634-00-000006-index.htm",
    "finalLink": "https://www.sec.gov/Archives/edgar/data/105634/000010563400000006/0000105634-00-000006-0001.txt"
  },
  {
    "date": "2000-03-31",
    "symbol": "EME",
    "reportedCurrency": "USD",
    "cik": "0000105634",
    "fillingDate": "2000-04-26",
    "acceptedDate": "2000-04-26 00:00:00",
    "calendarYear": "2000",
    "period": "Q1",
    "revenue": 741522000,
    "costOfRevenue": 665528000,
    "grossProfit": 75994000,
    "grossProfitRatio": 0.1024838103,
    "researchAndDevelopmentExpenses": 0,
    "generalAndAdministrativeExpenses": 61998000,
    "sellingAndMarketingExpenses": 0,
    "sellingGeneralAndAdministrativeExpenses": 61998000,
    "otherExpenses": 3449000,
    "operatingExpenses": 65447000,
    "costAndExpenses": 730975000,
    "interestIncome": 0,
    "interestExpense": 0,
    "depreciationAndAmortization": 3449000,
    "ebitda": 13996000,
    "ebitdaratio": 0.0188746929,
    "operatingIncome": 10547000,
    "operatingIncomeRatio": 0.0142234485,
    "totalOtherIncomeExpensesNet": -1744000,
    "incomeBeforeTax": 8803000,
    "incomeBeforeTaxRatio": 0.0118715291,
    "incomeTaxExpense": 3873000,
    "netIncome": 4930000,
    "netIncomeRatio": 0.0066484878,
    "eps": 0.12,
    "epsdiluted": 0.1,
    "weightedAverageShsOut": 41710760,
    "weightedAverageShsOutDil": 59531920,
    "link": "https://www.sec.gov/Archives/edgar/data/105634/000010563400000003/0000105634-00-000003-index.html",
    "finalLink": "https://www.sec.gov/Archives/edgar/data/105634/000010563400000003/"
  },
  {
    "date": "1999-12-31",
    "symbol": "EME",
    "reportedCurrency": "USD",
    "cik": "0000105634",
    "fillingDate": "2000-02-23",
    "acceptedDate": "2000-02-23 00:00:00",
    "calendarYear": "1999",
    "period": "Q4",
    "revenue": 846800000,
    "costOfRevenue": 743700000,
    "grossProfit": 103100000,
    "grossProfitRatio": 0.1217524799,
    "researchAndDevelopmentExpenses": 0,
    "generalAndAdministrativeExpenses": 76400000,
    "sellingAndMarketingExpenses": 0,
    "sellingGeneralAndAdministrativeExpenses": 76400000,
    "otherExpenses": 3800000,
    "operatingExpenses": 80200000,
    "costAndExpenses": 823900000,
    "interestIncome": 0,
    "interestExpense": 0,
    "depreciationAndAmortization": 3800000,
    "ebitda": 26700000,
    "ebitdaratio": 0.0315304676,
    "operatingIncome": 22900000,
    "operatingIncomeRatio": 0.0270429854,
    "totalOtherIncomeExpensesNet": -2100000,
    "incomeBeforeTax": 20800000,
    "incomeBeforeTaxRatio": 0.0245630609,
    "incomeTaxExpense": 9100000,
    "netIncome": 11700000,
    "netIncomeRatio": 0.0138167218,
    "eps": 0.3,
    "epsdiluted": 0.3,
    "weightedAverageShsOut": 38651685,
    "weightedAverageShsOutDil": 38651685,
    "link": "https://www.sec.gov/Archives/edgar/data/105634/000088981200000931/0000889812-00-000931-index.html",
    "finalLink": "https://www.sec.gov/Archives/edgar/data/105634/000088981200000931/"
  },
  {
    "date": "1999-09-30",
    "symbol": "EME",
    "reportedCurrency": "USD",
    "cik": "0000105634",
    "fillingDate": "1999-10-28",
    "acceptedDate": "1999-10-28 00:00:00",
    "calendarYear": "1999",
    "period": "Q3",
    "revenue": 810700000,
    "costOfRevenue": 729000000,
    "grossProfit": 81700000,
    "grossProfitRatio": 0.1007771062,
    "researchAndDevelopmentExpenses": 0,
    "generalAndAdministrativeExpenses": 59900000,
    "sellingAndMarketingExpenses": 0,
    "sellingGeneralAndAdministrativeExpenses": 59900000,
    "otherExpenses": 3700000,
    "operatingExpenses": 63600000,
    "costAndExpenses": 792600000,
    "interestIncome": 0,
    "interestExpense": 0,
    "depreciationAndAmortization": 3700000,
    "ebitda": 21800000,
    "ebitdaratio": 0.0268903417,
    "operatingIncome": 18100000,
    "operatingIncomeRatio": 0.0223263846,
    "totalOtherIncomeExpensesNet": -2400000,
    "incomeBeforeTax": 15700000,
    "incomeBeforeTaxRatio": 0.01936598,
    "incomeTaxExpense": 7100000,
    "netIncome": 8600000,
    "netIncomeRatio": 0.0106081164,
    "eps": 0.22,
    "epsdiluted": 0.17,
    "weightedAverageShsOut": 38651685,
    "weightedAverageShsOutDil": 45454545,
    "link": "https://www.sec.gov/Archives/edgar/data/105634/000088981299003105/0000889812-99-003105-index.html",
    "finalLink": "https://www.sec.gov/Archives/edgar/data/105634/000088981299003105/"
  },
  {
    "date": "1999-06-30",
    "symbol": "EME",
    "reportedCurrency": "USD",
    "cik": "0000105634",
    "fillingDate": "1999-07-29",
    "acceptedDate": "1999-07-29 00:00:00",
    "calendarYear": "1999",
    "period": "Q2",
    "revenue": 696500000,
    "costOfRevenue": 626200000,
    "grossProfit": 70300000,
    "grossProfitRatio": 0.1009332376,
    "researchAndDevelopmentExpenses": 0,
    "generalAndAdministrativeExpenses": 54600000,
    "sellingAndMarketingExpenses": 0,
    "sellingGeneralAndAdministrativeExpenses": 54622000,
    "otherExpenses": 3793000,
    "operatingExpenses": 58415000,
    "costAndExpenses": 684483000,
    "interestIncome": 0,
    "interestExpense": 0,
    "depreciationAndAmortization": 3700000,
    "ebitda": 15799000,
    "ebitdaratio": 0.0226834171,
    "operatingIncome": 12006000,
    "operatingIncomeRatio": 0.0172376167,
    "totalOtherIncomeExpensesNet": -2462000,
    "incomeBeforeTax": 9500000,
    "incomeBeforeTaxRatio": 0.0136396267,
    "incomeTaxExpense": 4100000,
    "netIncome": 5427000,
    "netIncomeRatio": 0.0077918162,
    "eps": 0.14,
    "epsdiluted": 0.11,
    "weightedAverageShsOut": 38689420,
    "weightedAverageShsOutDil": 57704352,
    "link": "https://www.sec.gov/Archives/edgar/data/105634/000010563499000009/0000105634-99-000009-index.html",
    "finalLink": "https://www.sec.gov/Archives/edgar/data/105634/000010563499000009/"
  },
  {
    "date": "1999-03-31",
    "symbol": "EME",
    "reportedCurrency": "USD",
    "cik": "0000105634",
    "fillingDate": "1999-05-04",
    "acceptedDate": "1999-05-04 00:00:00",
    "calendarYear": "1999",
    "period": "Q1",
    "revenue": 540000000,
    "costOfRevenue": 485100000,
    "grossProfit": 54900000,
    "grossProfitRatio": 0.1016666667,
    "researchAndDevelopmentExpenses": 0,
    "generalAndAdministrativeExpenses": 46900000,
    "sellingAndMarketingExpenses": 0,
    "sellingGeneralAndAdministrativeExpenses": 46900000,
    "otherExpenses": 2900000,
    "operatingExpenses": 49800000,
    "costAndExpenses": 534900000,
    "interestIncome": 0,
    "interestExpense": 0,
    "depreciationAndAmortization": 2900000,
    "ebitda": 8000000,
    "ebitdaratio": 0.0148148148,
    "operatingIncome": 5100000,
    "operatingIncomeRatio": 0.0094444444,
    "totalOtherIncomeExpensesNet": -1500000,
    "incomeBeforeTax": 3600000,
    "incomeBeforeTaxRatio": 0.0066666667,
    "incomeTaxExpense": 1500000,
    "netIncome": 2100000,
    "netIncomeRatio": 0.0038888889,
    "eps": 0.0525,
    "epsdiluted": 0.05,
    "weightedAverageShsOut": 40000000,
    "weightedAverageShsOutDil": 42000000,
    "link": "https://www.sec.gov/Archives/edgar/data/105634/000010563499000007/0000105634-99-000007-index.html",
    "finalLink": "https://www.sec.gov/Archives/edgar/data/105634/"
  },
  {
    "date": "1998-12-31",
    "symbol": "EME",
    "reportedCurrency": "USD",
    "cik": "0000105634",
    "fillingDate": "1999-04-30",
    "acceptedDate": "1999-04-30 00:00:00",
    "calendarYear": "1998",
    "period": "Q4",
    "revenue": 605000000,
    "costOfRevenue": 525500000,
    "grossProfit": 79500000,
    "grossProfitRatio": 0.1314049587,
    "researchAndDevelopmentExpenses": 0,
    "generalAndAdministrativeExpenses": 55600000,
    "sellingAndMarketingExpenses": 0,
    "sellingGeneralAndAdministrativeExpenses": 55600000,
    "otherExpenses": 10600000,
    "operatingExpenses": 66200000,
    "costAndExpenses": 591700000,
    "interestIncome": 0,
    "interestExpense": 0,
    "depreciationAndAmortization": 0,
    "ebitda": 13300000,
    "ebitdaratio": 0.0219834711,
    "operatingIncome": 13300000,
    "operatingIncomeRatio": 0.0219834711,
    "totalOtherIncomeExpensesNet": -1900000,
    "incomeBeforeTax": 11400000,
    "incomeBeforeTaxRatio": 0.0188429752,
    "incomeTaxExpense": 4500000,
    "netIncome": 6900000,
    "netIncomeRatio": 0.0114049587,
    "eps": 0.16,
    "epsdiluted": 0.16,
    "weightedAverageShsOut": 42181818,
    "weightedAverageShsOutDil": 42181818,
    "link": "https://www.sec.gov/Archives/edgar/data/105634/000010563499000005/0000105634-99-000005-index.html",
    "finalLink": "https://www.sec.gov/Archives/edgar/data/105634/"
  },
  {
    "date": "1998-09-30",
    "symbol": "EME",
    "reportedCurrency": "USD",
    "cik": "0000105634",
    "fillingDate": "1998-10-29",
    "acceptedDate": "1998-10-29 00:00:00",
    "calendarYear": "1998",
    "period": "Q3",
    "revenue": 566000000,
    "costOfRevenue": 508000000,
    "grossProfit": 58000000,
    "grossProfitRatio": 0.1024734982,
    "researchAndDevelopmentExpenses": 0,
    "generalAndAdministrativeExpenses": 45900000,
    "sellingAndMarketingExpenses": 0,
    "sellingGeneralAndAdministrativeExpenses": 45900000,
    "otherExpenses": 0,
    "operatingExpenses": 45900000,
    "costAndExpenses": 553900000,
    "interestIncome": 0,
    "interestExpense": 0,
    "depreciationAndAmortization": 0,
    "ebitda": 12100000,
    "ebitdaratio": 0.0213780919,
    "operatingIncome": 12100000,
    "operatingIncomeRatio": 0.0213780919,
    "totalOtherIncomeExpensesNet": -1900000,
    "incomeBeforeTax": 10200000,
    "incomeBeforeTaxRatio": 0.0180212014,
    "incomeTaxExpense": 4400000,
    "netIncome": 5800000,
    "netIncomeRatio": 0.0102473498,
    "eps": 0.14,
    "epsdiluted": 0.11,
    "weightedAverageShsOut": 42181818,
    "weightedAverageShsOutDil": 42181818,
    "link": "https://www.sec.gov/Archives/edgar/data/105634/000010563498000012/0000105634-98-000012-index.html",
    "finalLink": "https://www.sec.gov/Archives/edgar/data/105634/"
  },
  {
    "date": "1998-06-30",
    "symbol": "EME",
    "reportedCurrency": "USD",
    "cik": "0000105634",
    "fillingDate": "1998-07-29",
    "acceptedDate": "1998-07-29 00:00:00",
    "calendarYear": "1998",
    "period": "Q2",
    "revenue": 545500000,
    "costOfRevenue": 493300000,
    "grossProfit": 52200000,
    "grossProfitRatio": 0.0956920257,
    "researchAndDevelopmentExpenses": 0,
    "generalAndAdministrativeExpenses": 44200000,
    "sellingAndMarketingExpenses": 0,
    "sellingGeneralAndAdministrativeExpenses": 44200000,
    "otherExpenses": 0,
    "operatingExpenses": 44200000,
    "costAndExpenses": 537500000,
    "interestIncome": 0,
    "interestExpense": 0,
    "depreciationAndAmortization": 0,
    "ebitda": 8000000,
    "ebitdaratio": 0.0146654445,
    "operatingIncome": 8000000,
    "operatingIncomeRatio": 0.0146654445,
    "totalOtherIncomeExpensesNet": -1300000,
    "incomeBeforeTax": 6700000,
    "incomeBeforeTaxRatio": 0.0122823098,
    "incomeTaxExpense": 3000000,
    "netIncome": 3700000,
    "netIncomeRatio": 0.0067827681,
    "eps": 0.085,
    "epsdiluted": 0.0775,
    "weightedAverageShsOut": 43529412,
    "weightedAverageShsOutDil": 47741935,
    "link": "https://www.sec.gov/Archives/edgar/data/105634/000010563498000007/0000105634-98-000007-index.html",
    "finalLink": "https://www.sec.gov/Archives/edgar/data/105634/"
  },
  {
    "date": "1998-03-31",
    "symbol": "EME",
    "reportedCurrency": "USD",
    "cik": "0000105634",
    "fillingDate": "1998-05-04",
    "acceptedDate": "1998-05-04 00:00:00",
    "calendarYear": "1998",
    "period": "Q1",
    "revenue": 493900000,
    "costOfRevenue": 449700000,
    "grossProfit": 44200000,
    "grossProfitRatio": 0.0894918,
    "researchAndDevelopmentExpenses": 0,
    "generalAndAdministrativeExpenses": 40300000,
    "sellingAndMarketingExpenses": 0,
    "sellingGeneralAndAdministrativeExpenses": 40300000,
    "otherExpenses": 0,
    "operatingExpenses": 40300000,
    "costAndExpenses": 490000000,
    "interestIncome": 0,
    "interestExpense": 0,
    "depreciationAndAmortization": 0,
    "ebitda": 3900000,
    "ebitdaratio": 0.0078963353,
    "operatingIncome": 3900000,
    "operatingIncomeRatio": 0.0078963353,
    "totalOtherIncomeExpensesNet": -2400000,
    "incomeBeforeTax": 1500000,
    "incomeBeforeTaxRatio": 0.003037052,
    "incomeTaxExpense": 700000,
    "netIncome": -4000000,
    "netIncomeRatio": -0.0080988054,
    "eps": -0.1,
    "epsdiluted": -0.1,
    "weightedAverageShsOut": 39024390,
    "weightedAverageShsOutDil": 39024390,
    "link": "https://www.sec.gov/Archives/edgar/data/105634/000010563498000003/0000105634-98-000003-index.html",
    "finalLink": "https://www.sec.gov/Archives/edgar/data/105634/"
  },
  {
    "date": "1997-12-31",
    "symbol": "EME",
    "reportedCurrency": "USD",
    "cik": "0000105634",
    "fillingDate": "1998-02-26",
    "acceptedDate": "1998-02-26 00:00:00",
    "calendarYear": "1997",
    "period": "Q4",
    "revenue": 519500000,
    "costOfRevenue": 460200000,
    "grossProfit": 59300000,
    "grossProfitRatio": 0.1141482194,
    "researchAndDevelopmentExpenses": 0,
    "generalAndAdministrativeExpenses": 42000000,
    "sellingAndMarketingExpenses": 0,
    "sellingGeneralAndAdministrativeExpenses": 42000000,
    "otherExpenses": 8200000,
    "operatingExpenses": 50200000,
    "costAndExpenses": 510400000,
    "interestIncome": 0,
    "interestExpense": 0,
    "depreciationAndAmortization": 0,
    "ebitda": 9100000,
    "ebitdaratio": 0.0175168431,
    "operatingIncome": 9100000,
    "operatingIncomeRatio": 0.0175168431,
    "totalOtherIncomeExpensesNet": -2700000,
    "incomeBeforeTax": 6400000,
    "incomeBeforeTaxRatio": 0.012319538,
    "incomeTaxExpense": 3200000,
    "netIncome": 3200000,
    "netIncomeRatio": 0.006159769,
    "eps": 0.085,
    "epsdiluted": 0.085,
    "weightedAverageShsOut": 37647059,
    "weightedAverageShsOutDil": 37647059,
    "link": "https://www.sec.gov/Archives/edgar/data/105634/000088981298000514/0000889812-98-000514-index.html",
    "finalLink": "https://www.sec.gov/Archives/edgar/data/105634/"
  },
  {
    "date": "1997-09-30",
    "symbol": "EME",
    "reportedCurrency": "USD",
    "cik": "0000105634",
    "fillingDate": "1997-10-31",
    "acceptedDate": "1997-10-31 00:00:00",
    "calendarYear": "1997",
    "period": "Q3",
    "revenue": 522000000,
    "costOfRevenue": 473400000,
    "grossProfit": 48600000,
    "grossProfitRatio": 0.0931034483,
    "researchAndDevelopmentExpenses": 0,
    "generalAndAdministrativeExpenses": 39900000,
    "sellingAndMarketingExpenses": 0,
    "sellingGeneralAndAdministrativeExpenses": 39900000,
    "otherExpenses": 0,
    "operatingExpenses": 39900000,
    "costAndExpenses": 513300000,
    "interestIncome": 0,
    "interestExpense": 0,
    "depreciationAndAmortization": 0,
    "ebitda": 8700000,
    "ebitdaratio": 0.0166666667,
    "operatingIncome": 8700000,
    "operatingIncomeRatio": 0.0166666667,
    "totalOtherIncomeExpensesNet": -3300000,
    "incomeBeforeTax": 5400000,
    "incomeBeforeTaxRatio": 0.0103448276,
    "incomeTaxExpense": 2200000,
    "netIncome": 3200000,
    "netIncomeRatio": 0.0061302682,
    "eps": 0.085,
    "epsdiluted": 0.085,
    "weightedAverageShsOut": 37647059,
    "weightedAverageShsOutDil": 37647059,
    "link": "https://www.sec.gov/Archives/edgar/data/105634/000010563497000014/0000105634-97-000014-index.html",
    "finalLink": "https://www.sec.gov/Archives/edgar/data/105634/"
  },
  {
    "date": "1997-06-30",
    "symbol": "EME",
    "reportedCurrency": "USD",
    "cik": "0000105634",
    "fillingDate": "1997-08-07",
    "acceptedDate": "1997-08-07 00:00:00",
    "calendarYear": "1997",
    "period": "Q2",
    "revenue": 475600000,
    "costOfRevenue": 432100000,
    "grossProfit": 43500000,
    "grossProfitRatio": 0.0914634146,
    "researchAndDevelopmentExpenses": 0,
    "generalAndAdministrativeExpenses": 37200000,
    "sellingAndMarketingExpenses": 0,
    "sellingGeneralAndAdministrativeExpenses": 37200000,
    "otherExpenses": 0,
    "operatingExpenses": 37200000,
    "costAndExpenses": 469300000,
    "interestIncome": 0,
    "interestExpense": 0,
    "depreciationAndAmortization": 0,
    "ebitda": 6300000,
    "ebitdaratio": 0.0132464256,
    "operatingIncome": 6300000,
    "operatingIncomeRatio": 0.0132464256,
    "totalOtherIncomeExpensesNet": -3100000,
    "incomeBeforeTax": 3200000,
    "incomeBeforeTaxRatio": 0.0067283431,
    "incomeTaxExpense": 1300000,
    "netIncome": 900000,
    "netIncomeRatio": 0.0018923465,
    "eps": 0.025,
    "epsdiluted": 0.025,
    "weightedAverageShsOut": 36000000,
    "weightedAverageShsOutDil": 36000000,
    "link": "https://www.sec.gov/Archives/edgar/data/105634/000010563497000006/0000105634-97-000006-index.html",
    "finalLink": "https://www.sec.gov/Archives/edgar/data/105634/"
  },
  {
    "date": "1997-03-31",
    "symbol": "EME",
    "reportedCurrency": "USD",
    "cik": "0000105634",
    "fillingDate": "1997-05-01",
    "acceptedDate": "1997-05-01 00:00:00",
    "calendarYear": "1997",
    "period": "Q1",
    "revenue": 433800000,
    "costOfRevenue": 394700000,
    "grossProfit": 39100000,
    "grossProfitRatio": 0.0901337022,
    "researchAndDevelopmentExpenses": 0,
    "generalAndAdministrativeExpenses": 35600000,
    "sellingAndMarketingExpenses": 0,
    "sellingGeneralAndAdministrativeExpenses": 35600000,
    "otherExpenses": 0,
    "operatingExpenses": 35600000,
    "costAndExpenses": 430300000,
    "interestIncome": 0,
    "interestExpense": 0,
    "depreciationAndAmortization": 0,
    "ebitda": 3500000,
    "ebitdaratio": 0.0080682342,
    "operatingIncome": 3500000,
    "operatingIncomeRatio": 0.0080682342,
    "totalOtherIncomeExpensesNet": -3000000,
    "incomeBeforeTax": 500000,
    "incomeBeforeTaxRatio": 0.0011526049,
    "incomeTaxExpense": 200000,
    "netIncome": 300000,
    "netIncomeRatio": 0.0006915629,
    "eps": 0.0075,
    "epsdiluted": 0.0075,
    "weightedAverageShsOut": 40000000,
    "weightedAverageShsOutDil": 40000000,
    "link": "https://www.sec.gov/Archives/edgar/data/105634/000010563497000005/0000105634-97-000005-index.html",
    "finalLink": "https://www.sec.gov/Archives/edgar/data/105634/"
  },
  {
    "date": "1996-12-31",
    "symbol": "EME",
    "reportedCurrency": "USD",
    "cik": "0000105634",
    "fillingDate": "1997-03-03",
    "acceptedDate": "1997-03-03 00:00:00",
    "calendarYear": "1996",
    "period": "Q4",
    "revenue": 466400000,
    "costOfRevenue": 414300000,
    "grossProfit": 52100000,
    "grossProfitRatio": 0.1117066895,
    "researchAndDevelopmentExpenses": 0,
    "generalAndAdministrativeExpenses": 37700000,
    "sellingAndMarketingExpenses": 0,
    "sellingGeneralAndAdministrativeExpenses": 37700000,
    "otherExpenses": 7900000,
    "operatingExpenses": 45600000,
    "costAndExpenses": 459900000,
    "interestIncome": 0,
    "interestExpense": 0,
    "depreciationAndAmortization": -2200000,
    "ebitda": 6500000,
    "ebitdaratio": 0.0139365352,
    "operatingIncome": 6500000,
    "operatingIncomeRatio": 0.0139365352,
    "totalOtherIncomeExpensesNet": -2700000,
    "incomeBeforeTax": 3800000,
    "incomeBeforeTaxRatio": 0.0081475129,
    "incomeTaxExpense": 1900000,
    "netIncome": 1900000,
    "netIncomeRatio": 0.0040737564,
    "eps": 0.0525,
    "epsdiluted": 0.0525,
    "weightedAverageShsOut": 36190476,
    "weightedAverageShsOutDil": 36190476,
    "link": "https://www.sec.gov/Archives/edgar/data/105634/000010563497000001/0000105634-97-000001-index.html",
    "finalLink": "https://www.sec.gov/Archives/edgar/data/105634/"
  },
  {
    "date": "1996-09-30",
    "symbol": "EME",
    "reportedCurrency": "USD",
    "cik": "0000105634",
    "fillingDate": "1996-10-30",
    "acceptedDate": "1996-10-30 00:00:00",
    "calendarYear": "1996",
    "period": "Q3",
    "revenue": 432500000,
    "costOfRevenue": 390900000,
    "grossProfit": 41600000,
    "grossProfitRatio": 0.0961849711,
    "researchAndDevelopmentExpenses": 0,
    "generalAndAdministrativeExpenses": 35600000,
    "sellingAndMarketingExpenses": 0,
    "sellingGeneralAndAdministrativeExpenses": 35600000,
    "otherExpenses": 0,
    "operatingExpenses": 35600000,
    "costAndExpenses": 426500000,
    "interestIncome": 0,
    "interestExpense": 0,
    "depreciationAndAmortization": 0,
    "ebitda": 6000000,
    "ebitdaratio": 0.0138728324,
    "operatingIncome": 6000000,
    "operatingIncomeRatio": 0.0138728324,
    "totalOtherIncomeExpensesNet": -2500000,
    "incomeBeforeTax": 3500000,
    "incomeBeforeTaxRatio": 0.0080924855,
    "incomeTaxExpense": 1600000,
    "netIncome": 1900000,
    "netIncomeRatio": 0.0043930636,
    "eps": 0.0525,
    "epsdiluted": 0.0525,
    "weightedAverageShsOut": 36190476,
    "weightedAverageShsOutDil": 36190476,
    "link": "https://www.sec.gov/Archives/edgar/data/105634/000010563496000009/0000105634-96-000009-index.html",
    "finalLink": "https://www.sec.gov/Archives/edgar/data/105634/"
  },
  {
    "date": "1996-06-30",
    "symbol": "EME",
    "reportedCurrency": "USD",
    "cik": "0000105634",
    "fillingDate": "1996-07-30",
    "acceptedDate": "1996-07-30 00:00:00",
    "calendarYear": "1996",
    "period": "Q2",
    "revenue": 387700000,
    "costOfRevenue": 349800000,
    "grossProfit": 37900000,
    "grossProfitRatio": 0.0977559969,
    "researchAndDevelopmentExpenses": 0,
    "generalAndAdministrativeExpenses": 33800000,
    "sellingAndMarketingExpenses": 0,
    "sellingGeneralAndAdministrativeExpenses": 33800000,
    "otherExpenses": 0,
    "operatingExpenses": 33800000,
    "costAndExpenses": 383600000,
    "interestIncome": 0,
    "interestExpense": 0,
    "depreciationAndAmortization": -12500000,
    "ebitda": 4100000,
    "ebitdaratio": 0.010575187,
    "operatingIncome": 4100000,
    "operatingIncomeRatio": 0.010575187,
    "totalOtherIncomeExpensesNet": 8700000,
    "incomeBeforeTax": 12800000,
    "incomeBeforeTaxRatio": 0.033015218,
    "incomeTaxExpense": 3600000,
    "netIncome": 9200000,
    "netIncomeRatio": 0.0237296879,
    "eps": 0.24,
    "epsdiluted": 0.24,
    "weightedAverageShsOut": 37938144,
    "weightedAverageShsOutDil": 37938144,
    "link": "https://www.sec.gov/Archives/edgar/data/105634/000010563496000008/0000105634-96-000008-index.html",
    "finalLink": "https://www.sec.gov/Archives/edgar/data/105634/"
  },
  {
    "date": "1996-03-31",
    "symbol": "EME",
    "reportedCurrency": "USD",
    "cik": "0000105634",
    "fillingDate": "1996-05-10",
    "acceptedDate": "1996-05-10 00:00:00",
    "calendarYear": "1996",
    "period": "Q1",
    "revenue": 382700000,
    "costOfRevenue": 345600000,
    "grossProfit": 37100000,
    "grossProfitRatio": 0.096942775,
    "researchAndDevelopmentExpenses": 0,
    "generalAndAdministrativeExpenses": 36600000,
    "sellingAndMarketingExpenses": 0,
    "sellingGeneralAndAdministrativeExpenses": 36600000,
    "otherExpenses": 0,
    "operatingExpenses": 36600000,
    "costAndExpenses": 382200000,
    "interestIncome": 0,
    "interestExpense": 0,
    "depreciationAndAmortization": 0,
    "ebitda": 500000,
    "ebitdaratio": 0.0013065064,
    "operatingIncome": 500000,
    "operatingIncomeRatio": 0.0013065064,
    "totalOtherIncomeExpensesNet": -3800000,
    "incomeBeforeTax": -3300000,
    "incomeBeforeTaxRatio": -0.0086229423,
    "incomeTaxExpense": 400000,
    "netIncome": -3700000,
    "netIncomeRatio": -0.0096681474,
    "eps": -0.0975,
    "epsdiluted": -0.0975,
    "weightedAverageShsOut": 37948718,
    "weightedAverageShsOutDil": 37948718,
    "link": "https://www.sec.gov/Archives/edgar/data/105634/000010563496000003/0000105634-96-000003-index.html",
    "finalLink": "https://www.sec.gov/Archives/edgar/data/105634/"
  },
  {
    "date": "1995-12-31",
    "symbol": "EME",
    "reportedCurrency": "USD",
    "cik": "0000105634",
    "fillingDate": "1996-03-13",
    "acceptedDate": "1996-03-13 00:00:00",
    "calendarYear": "1995",
    "period": "Q4",
    "revenue": 417200000,
    "costOfRevenue": 367700000,
    "grossProfit": 49500000,
    "grossProfitRatio": 0.1186481304,
    "researchAndDevelopmentExpenses": 0,
    "generalAndAdministrativeExpenses": 35800000,
    "sellingAndMarketingExpenses": 0,
    "sellingGeneralAndAdministrativeExpenses": 35800000,
    "otherExpenses": 8900000,
    "operatingExpenses": 44700000,
    "costAndExpenses": 412400000,
    "interestIncome": 0,
    "interestExpense": 0,
    "depreciationAndAmortization": -2600000,
    "ebitda": 4800000,
    "ebitdaratio": 0.0115052733,
    "operatingIncome": 4800000,
    "operatingIncomeRatio": 0.0115052733,
    "totalOtherIncomeExpensesNet": -3400000,
    "incomeBeforeTax": 1400000,
    "incomeBeforeTaxRatio": 0.0033557047,
    "incomeTaxExpense": 200000,
    "netIncome": 1200000,
    "netIncomeRatio": 0.0028763183,
    "eps": 0.03,
    "epsdiluted": 0.03,
    "weightedAverageShsOut": 40000000,
    "weightedAverageShsOutDil": 40000000,
    "link": "https://www.sec.gov/Archives/edgar/data/105634/000095013096000829/0000950130-96-000829-index.html",
    "finalLink": "https://www.sec.gov/Archives/edgar/data/105634/"
  },
  {
    "date": "1995-09-30",
    "symbol": "EME",
    "reportedCurrency": "USD",
    "cik": "0000105634",
    "fillingDate": "1995-11-13",
    "acceptedDate": "1995-11-13 00:00:00",
    "calendarYear": "1995",
    "period": "Q3",
    "revenue": 403900000,
    "costOfRevenue": 365200000,
    "grossProfit": 38700000,
    "grossProfitRatio": 0.095815796,
    "researchAndDevelopmentExpenses": 0,
    "generalAndAdministrativeExpenses": 33100000,
    "sellingAndMarketingExpenses": 0,
    "sellingGeneralAndAdministrativeExpenses": 33100000,
    "otherExpenses": 0,
    "operatingExpenses": 33100000,
    "costAndExpenses": 398300000,
    "interestIncome": 0,
    "interestExpense": 0,
    "depreciationAndAmortization": 900000,
    "ebitda": 5600000,
    "ebitdaratio": 0.013864818,
    "operatingIncome": 5600000,
    "operatingIncomeRatio": 0.013864818,
    "totalOtherIncomeExpensesNet": -4700000,
    "incomeBeforeTax": 900000,
    "incomeBeforeTaxRatio": 0.0022282743,
    "incomeTaxExpense": 300000,
    "netIncome": 600000,
    "netIncomeRatio": 0.0014855162,
    "eps": 0.015,
    "epsdiluted": 0.015,
    "weightedAverageShsOut": 40000000,
    "weightedAverageShsOutDil": 40000000,
    "link": "https://www.sec.gov/Archives/edgar/data/105634/000095013095002408/0000950130-95-002408-index.html",
    "finalLink": "https://www.sec.gov/Archives/edgar/data/105634/"
  }
]