[
  {
    "date": "2025-06-30",
    "symbol": "EMN",
    "reportedCurrency": "USD",
    "cik": "0000915389",
    "fillingDate": "2025-08-01",
    "acceptedDate": "2025-08-01 10:52:43",
    "calendarYear": "2025",
    "period": "Q2",
    "revenue": 2291000000,
    "costOfRevenue": 1778000000,
    "grossProfit": 513000000,
    "grossProfitRatio": 0.2239196857,
    "researchAndDevelopmentExpenses": 67000000,
    "generalAndAdministrativeExpenses": 0,
    "sellingAndMarketingExpenses": 0,
    "sellingGeneralAndAdministrativeExpenses": 157000000,
    "otherExpenses": 0,
    "operatingExpenses": 224000000,
    "costAndExpenses": 2002000000,
    "interestIncome": 3000000,
    "interestExpense": 56000000,
    "depreciationAndAmortization": 127000000,
    "ebitda": 351000000,
    "ebitdaratio": 0.153208206,
    "operatingIncome": 289000000,
    "operatingIncomeRatio": 0.1261457879,
    "totalOtherIncomeExpensesNet": -120000000,
    "incomeBeforeTax": 169000000,
    "incomeBeforeTaxRatio": 0.073766914,
    "incomeTaxExpense": 29000000,
    "netIncome": 140000000,
    "netIncomeRatio": 0.0611086862,
    "eps": 1.22,
    "epsdiluted": 1.2,
    "weightedAverageShsOut": 115000000,
    "weightedAverageShsOutDil": 116200000,
    "link": "https://www.sec.gov/Archives/edgar/data/915389/000091538925000155/0000915389-25-000155-index.htm",
    "finalLink": "https://www.sec.gov/Archives/edgar/data/915389/000091538925000155/emn-20250630.htm"
  },
  {
    "date": "2025-03-31",
    "symbol": "EMN",
    "reportedCurrency": "USD",
    "cik": "0000915389",
    "fillingDate": "2025-04-25",
    "acceptedDate": "2025-04-25 12:25:38",
    "calendarYear": "2025",
    "period": "Q1",
    "revenue": 2286000000,
    "costOfRevenue": 1723000000,
    "grossProfit": 563000000,
    "grossProfitRatio": 0.2462817148,
    "researchAndDevelopmentExpenses": 67000000,
    "generalAndAdministrativeExpenses": 0,
    "sellingAndMarketingExpenses": 0,
    "sellingGeneralAndAdministrativeExpenses": 182000000,
    "otherExpenses": 0,
    "operatingExpenses": 249000000,
    "costAndExpenses": 1972000000,
    "interestIncome": 4000000,
    "interestExpense": 53000000,
    "depreciationAndAmortization": 126000000,
    "ebitda": 431000000,
    "ebitdaratio": 0.1885389326,
    "operatingIncome": 314000000,
    "operatingIncomeRatio": 0.1373578303,
    "totalOtherIncomeExpensesNet": -61000000,
    "incomeBeforeTax": 253000000,
    "incomeBeforeTaxRatio": 0.1106736658,
    "incomeTaxExpense": 70000000,
    "netIncome": 182000000,
    "netIncomeRatio": 0.0796150481,
    "eps": 1.58,
    "epsdiluted": 1.57,
    "weightedAverageShsOut": 116700000,
    "weightedAverageShsOutDil": 117900000,
    "link": "https://www.sec.gov/Archives/edgar/data/915389/000091538925000105/0000915389-25-000105-index.htm",
    "finalLink": "https://www.sec.gov/Archives/edgar/data/915389/000091538925000105/emn-20250331.htm"
  },
  {
    "date": "2024-12-31",
    "symbol": "EMN",
    "reportedCurrency": "USD",
    "cik": "0000915389",
    "fillingDate": "2025-02-14",
    "acceptedDate": "2025-02-14 12:23:25",
    "calendarYear": "2024",
    "period": "Q4",
    "revenue": 2242000000,
    "costOfRevenue": 1666000000,
    "grossProfit": 576000000,
    "grossProfitRatio": 0.2569134701,
    "researchAndDevelopmentExpenses": 66000000,
    "generalAndAdministrativeExpenses": 0,
    "sellingAndMarketingExpenses": 0,
    "sellingGeneralAndAdministrativeExpenses": 182000000,
    "otherExpenses": 0,
    "operatingExpenses": 248000000,
    "costAndExpenses": 1914000000,
    "interestIncome": 4000000,
    "interestExpense": 56000000,
    "depreciationAndAmortization": 129000000,
    "ebitda": 481000000,
    "ebitdaratio": 0.2145405888,
    "operatingIncome": 328000000,
    "operatingIncomeRatio": 0.1462979483,
    "totalOtherIncomeExpensesNet": -31000000,
    "incomeBeforeTax": 297000000,
    "incomeBeforeTaxRatio": 0.132471008,
    "incomeTaxExpense": -34000000,
    "netIncome": 330000000,
    "netIncomeRatio": 0.1471900089,
    "eps": 2.85,
    "epsdiluted": 2.82,
    "weightedAverageShsOut": 116700000,
    "weightedAverageShsOutDil": 117900000,
    "link": "https://www.sec.gov/Archives/edgar/data/915389/000091538925000012/0000915389-25-000012-index.htm",
    "finalLink": "https://www.sec.gov/Archives/edgar/data/915389/000091538925000012/emn-20241231.htm"
  },
  {
    "date": "2024-09-30",
    "symbol": "EMN",
    "reportedCurrency": "USD",
    "cik": "0000915389",
    "fillingDate": "2024-11-01",
    "acceptedDate": "2024-11-01 11:24:59",
    "calendarYear": "2024",
    "period": "Q3",
    "revenue": 2464000000,
    "costOfRevenue": 1859000000,
    "grossProfit": 605000000,
    "grossProfitRatio": 0.2455357143,
    "researchAndDevelopmentExpenses": 65000000,
    "generalAndAdministrativeExpenses": 0,
    "sellingAndMarketingExpenses": 0,
    "sellingGeneralAndAdministrativeExpenses": 183000000,
    "otherExpenses": 0,
    "operatingExpenses": 248000000,
    "costAndExpenses": 2107000000,
    "interestIncome": 4000000,
    "interestExpense": 53000000,
    "depreciationAndAmortization": 127000000,
    "ebitda": 459000000,
    "ebitdaratio": 0.1862824675,
    "operatingIncome": 357000000,
    "operatingIncomeRatio": 0.1448863636,
    "totalOtherIncomeExpensesNet": -77000000,
    "incomeBeforeTax": 280000000,
    "incomeBeforeTaxRatio": 0.1136363636,
    "incomeTaxExpense": 99000000,
    "netIncome": 180000000,
    "netIncomeRatio": 0.0730519481,
    "eps": 1.55,
    "epsdiluted": 1.53,
    "weightedAverageShsOut": 116400000,
    "weightedAverageShsOutDil": 117800000,
    "link": "https://www.sec.gov/Archives/edgar/data/915389/000091538924000227/0000915389-24-000227-index.htm",
    "finalLink": "https://www.sec.gov/Archives/edgar/data/915389/000091538924000227/emn-20240930.htm"
  },
  {
    "date": "2024-06-30",
    "symbol": "EMN",
    "reportedCurrency": "USD",
    "cik": "0000915389",
    "fillingDate": "2024-07-26",
    "acceptedDate": "2024-07-26 11:02:10",
    "calendarYear": "2024",
    "period": "Q2",
    "revenue": 2360000000,
    "costOfRevenue": 1741000000,
    "grossProfit": 619000000,
    "grossProfitRatio": 0.2622881356,
    "researchAndDevelopmentExpenses": 60000000,
    "generalAndAdministrativeExpenses": 0,
    "sellingAndMarketingExpenses": 0,
    "sellingGeneralAndAdministrativeExpenses": 180000000,
    "otherExpenses": 0,
    "operatingExpenses": 240000000,
    "costAndExpenses": 1981000000,
    "interestIncome": 4000000,
    "interestExpense": 54000000,
    "depreciationAndAmortization": 126000000,
    "ebitda": 467000000,
    "ebitdaratio": 0.1978813559,
    "operatingIncome": 379000000,
    "operatingIncomeRatio": 0.1605932203,
    "totalOtherIncomeExpensesNet": -92000000,
    "incomeBeforeTax": 287000000,
    "incomeBeforeTaxRatio": 0.1216101695,
    "incomeTaxExpense": 56000000,
    "netIncome": 230000000,
    "netIncomeRatio": 0.0974576271,
    "eps": 1.96,
    "epsdiluted": 1.94,
    "weightedAverageShsOut": 117300000,
    "weightedAverageShsOutDil": 118600000,
    "link": "https://www.sec.gov/Archives/edgar/data/915389/000091538924000192/0000915389-24-000192-index.htm",
    "finalLink": "https://www.sec.gov/Archives/edgar/data/915389/000091538924000192/emn-20240630.htm"
  },
  {
    "date": "2024-03-31",
    "symbol": "EMN",
    "reportedCurrency": "USD",
    "cik": "0000915389",
    "fillingDate": "2024-04-26",
    "acceptedDate": "2024-04-26 12:11:20",
    "calendarYear": "2024",
    "period": "Q1",
    "revenue": 2308000000,
    "costOfRevenue": 1778000000,
    "grossProfit": 530000000,
    "grossProfitRatio": 0.2296360485,
    "researchAndDevelopmentExpenses": 59000000,
    "generalAndAdministrativeExpenses": 0,
    "sellingAndMarketingExpenses": 0,
    "sellingGeneralAndAdministrativeExpenses": 191000000,
    "otherExpenses": 0,
    "operatingExpenses": 250000000,
    "costAndExpenses": 2028000000,
    "interestIncome": 4000000,
    "interestExpense": 53000000,
    "depreciationAndAmortization": 127000000,
    "ebitda": 393000000,
    "ebitdaratio": 0.1702772964,
    "operatingIncome": 280000000,
    "operatingIncomeRatio": 0.1213171577,
    "totalOtherIncomeExpensesNet": -66000000,
    "incomeBeforeTax": 214000000,
    "incomeBeforeTaxRatio": 0.0927209705,
    "incomeTaxExpense": 49000000,
    "netIncome": 165000000,
    "netIncomeRatio": 0.0714904679,
    "eps": 1.4,
    "epsdiluted": 1.39,
    "weightedAverageShsOut": 117400000,
    "weightedAverageShsOutDil": 118200000,
    "link": "https://www.sec.gov/Archives/edgar/data/915389/000091538924000133/0000915389-24-000133-index.htm",
    "finalLink": "https://www.sec.gov/Archives/edgar/data/915389/000091538924000133/emn-20240331.htm"
  },
  {
    "date": "2023-12-31",
    "symbol": "EMN",
    "reportedCurrency": "USD",
    "cik": "0000915389",
    "fillingDate": "2024-02-14",
    "acceptedDate": "2024-02-14 13:15:32",
    "calendarYear": "2023",
    "period": "Q4",
    "revenue": 2205000000,
    "costOfRevenue": 1756000000,
    "grossProfit": 449000000,
    "grossProfitRatio": 0.2036281179,
    "researchAndDevelopmentExpenses": 57000000,
    "generalAndAdministrativeExpenses": 0,
    "sellingAndMarketingExpenses": 0,
    "sellingGeneralAndAdministrativeExpenses": 191000000,
    "otherExpenses": 0,
    "operatingExpenses": 248000000,
    "costAndExpenses": 2004000000,
    "interestIncome": 2000000,
    "interestExpense": 54000000,
    "depreciationAndAmortization": 118000000,
    "ebitda": 596000000,
    "ebitdaratio": 0.2702947846,
    "operatingIncome": 201000000,
    "operatingIncomeRatio": 0.0911564626,
    "totalOtherIncomeExpensesNet": 224000000,
    "incomeBeforeTax": 425000000,
    "incomeBeforeTaxRatio": 0.1927437642,
    "incomeTaxExpense": 114000000,
    "netIncome": 310000000,
    "netIncomeRatio": 0.1405895692,
    "eps": 2.63,
    "epsdiluted": 2.61,
    "weightedAverageShsOut": 118000000,
    "weightedAverageShsOutDil": 118700000,
    "link": "https://www.sec.gov/Archives/edgar/data/915389/000091538924000016/0000915389-24-000016-index.htm",
    "finalLink": "https://www.sec.gov/Archives/edgar/data/915389/000091538924000016/emn-20231231.htm"
  },
  {
    "date": "2023-09-30",
    "symbol": "EMN",
    "reportedCurrency": "USD",
    "cik": "0000915389",
    "fillingDate": "2023-10-27",
    "acceptedDate": "2023-10-27 10:56:18",
    "calendarYear": "2023",
    "period": "Q3",
    "revenue": 2264000000,
    "costOfRevenue": 1783000000,
    "grossProfit": 481000000,
    "grossProfitRatio": 0.2124558304,
    "researchAndDevelopmentExpenses": 60000000,
    "generalAndAdministrativeExpenses": 0,
    "sellingAndMarketingExpenses": 0,
    "sellingGeneralAndAdministrativeExpenses": 160000000,
    "otherExpenses": 0,
    "operatingExpenses": 220000000,
    "costAndExpenses": 2003000000,
    "interestIncome": 2000000,
    "interestExpense": 59000000,
    "depreciationAndAmortization": 120000000,
    "ebitda": 378000000,
    "ebitdaratio": 0.1669611307,
    "operatingIncome": 261000000,
    "operatingIncomeRatio": 0.1152826855,
    "totalOtherIncomeExpensesNet": -62000000,
    "incomeBeforeTax": 199000000,
    "incomeBeforeTaxRatio": 0.0878975265,
    "incomeTaxExpense": 20000000,
    "netIncome": 178000000,
    "netIncomeRatio": 0.0786219081,
    "eps": 1.5,
    "epsdiluted": 1.49,
    "weightedAverageShsOut": 118500000,
    "weightedAverageShsOutDil": 119000000,
    "link": "https://www.sec.gov/Archives/edgar/data/915389/000091538923000170/0000915389-23-000170-index.htm",
    "finalLink": "https://www.sec.gov/Archives/edgar/data/915389/000091538923000170/emn-20230930.htm"
  },
  {
    "date": "2023-06-30",
    "symbol": "EMN",
    "reportedCurrency": "USD",
    "cik": "0000915389",
    "fillingDate": "2023-07-28",
    "acceptedDate": "2023-07-28 12:24:28",
    "calendarYear": "2023",
    "period": "Q2",
    "revenue": 2322000000,
    "costOfRevenue": 1738000000,
    "grossProfit": 584000000,
    "grossProfitRatio": 0.2515073213,
    "researchAndDevelopmentExpenses": 60000000,
    "generalAndAdministrativeExpenses": 0,
    "sellingAndMarketingExpenses": 0,
    "sellingGeneralAndAdministrativeExpenses": 185000000,
    "otherExpenses": 0,
    "operatingExpenses": 245000000,
    "costAndExpenses": 1983000000,
    "interestIncome": 3000000,
    "interestExpense": 57000000,
    "depreciationAndAmortization": 119000000,
    "ebitda": 444000000,
    "ebitdaratio": 0.1912144703,
    "operatingIncome": 339000000,
    "operatingIncomeRatio": 0.145994832,
    "totalOtherIncomeExpensesNet": -70000000,
    "incomeBeforeTax": 269000000,
    "incomeBeforeTaxRatio": 0.1158484065,
    "incomeTaxExpense": -3000000,
    "netIncome": 272000000,
    "netIncomeRatio": 0.1171403962,
    "eps": 2.28,
    "epsdiluted": 2.27,
    "weightedAverageShsOut": 118800000,
    "weightedAverageShsOutDil": 119600000,
    "link": "https://www.sec.gov/Archives/edgar/data/915389/000091538923000136/0000915389-23-000136-index.htm",
    "finalLink": "https://www.sec.gov/Archives/edgar/data/915389/000091538923000136/emn-20230630.htm"
  },
  {
    "date": "2023-03-31",
    "symbol": "EMN",
    "reportedCurrency": "USD",
    "cik": "0000915389",
    "fillingDate": "2023-04-28",
    "acceptedDate": "2023-04-28 14:10:42",
    "calendarYear": "2023",
    "period": "Q1",
    "revenue": 2407000000,
    "costOfRevenue": 1859000000,
    "grossProfit": 548000000,
    "grossProfitRatio": 0.2276692979,
    "researchAndDevelopmentExpenses": 62000000,
    "generalAndAdministrativeExpenses": 0,
    "sellingAndMarketingExpenses": 0,
    "sellingGeneralAndAdministrativeExpenses": 191000000,
    "otherExpenses": 0,
    "operatingExpenses": 253000000,
    "costAndExpenses": 2112000000,
    "interestIncome": 3000000,
    "interestExpense": 55000000,
    "depreciationAndAmortization": 141000000,
    "ebitda": 390000000,
    "ebitdaratio": 0.16202742,
    "operatingIncome": 295000000,
    "operatingIncomeRatio": 0.1225592023,
    "totalOtherIncomeExpensesNet": -101000000,
    "incomeBeforeTax": 194000000,
    "incomeBeforeTaxRatio": 0.0805982551,
    "incomeTaxExpense": 60000000,
    "netIncome": 134000000,
    "netIncomeRatio": 0.0556709597,
    "eps": 1.13,
    "epsdiluted": 1.12,
    "weightedAverageShsOut": 118900000,
    "weightedAverageShsOutDil": 119700000,
    "link": "https://www.sec.gov/Archives/edgar/data/915389/000091538923000091/0000915389-23-000091-index.htm",
    "finalLink": "https://www.sec.gov/Archives/edgar/data/915389/000091538923000091/emn-20230331.htm"
  },
  {
    "date": "2022-12-31",
    "symbol": "EMN",
    "reportedCurrency": "USD",
    "cik": "0000915389",
    "fillingDate": "2023-02-15",
    "acceptedDate": "2023-02-15 16:35:14",
    "calendarYear": "2022",
    "period": "Q4",
    "revenue": 2361000000,
    "costOfRevenue": 1999000000,
    "grossProfit": 362000000,
    "grossProfitRatio": 0.1533248623,
    "researchAndDevelopmentExpenses": 64000000,
    "generalAndAdministrativeExpenses": 0,
    "sellingAndMarketingExpenses": 0,
    "sellingGeneralAndAdministrativeExpenses": 169000000,
    "otherExpenses": 0,
    "operatingExpenses": 233000000,
    "costAndExpenses": 2232000000,
    "interestIncome": 3000000,
    "interestExpense": 51000000,
    "depreciationAndAmortization": 117000000,
    "ebitda": 195000000,
    "ebitdaratio": 0.082592122,
    "operatingIncome": 129000000,
    "operatingIncomeRatio": 0.0546378653,
    "totalOtherIncomeExpensesNet": -101000000,
    "incomeBeforeTax": 28000000,
    "incomeBeforeTaxRatio": 0.0118593816,
    "incomeTaxExpense": 26000000,
    "netIncome": 1000000,
    "netIncomeRatio": 0.0004235493,
    "eps": 0.0084,
    "epsdiluted": 0.0083,
    "weightedAverageShsOut": 119500000,
    "weightedAverageShsOutDil": 120500000,
    "link": "https://www.sec.gov/Archives/edgar/data/915389/000091538923000015/0000915389-23-000015-index.htm",
    "finalLink": "https://www.sec.gov/Archives/edgar/data/915389/000091538923000015/emn-20221231.htm"
  },
  {
    "date": "2022-09-30",
    "symbol": "EMN",
    "reportedCurrency": "USD",
    "cik": "0000915389",
    "fillingDate": "2022-10-28",
    "acceptedDate": "2022-10-28 14:58:05",
    "calendarYear": "2022",
    "period": "Q3",
    "revenue": 2691000000,
    "costOfRevenue": 2169000000,
    "grossProfit": 522000000,
    "grossProfitRatio": 0.1939799331,
    "researchAndDevelopmentExpenses": 68000000,
    "generalAndAdministrativeExpenses": 0,
    "sellingAndMarketingExpenses": 0,
    "sellingGeneralAndAdministrativeExpenses": 169000000,
    "otherExpenses": 0,
    "operatingExpenses": 237000000,
    "costAndExpenses": 2406000000,
    "interestIncome": 2000000,
    "interestExpense": 45000000,
    "depreciationAndAmortization": 117000000,
    "ebitda": 443000000,
    "ebitdaratio": 0.1646228168,
    "operatingIncome": 285000000,
    "operatingIncomeRatio": 0.1059085842,
    "totalOtherIncomeExpensesNet": -4000000,
    "incomeBeforeTax": 281000000,
    "incomeBeforeTaxRatio": 0.1044221479,
    "incomeTaxExpense": -20000000,
    "netIncome": 301000000,
    "netIncomeRatio": 0.1118543292,
    "eps": 2.49,
    "epsdiluted": 2.46,
    "weightedAverageShsOut": 121000000,
    "weightedAverageShsOutDil": 122300000,
    "link": "https://www.sec.gov/Archives/edgar/data/915389/000091538922000051/0000915389-22-000051-index.htm",
    "finalLink": "https://www.sec.gov/Archives/edgar/data/915389/000091538922000051/emn-20220930.htm"
  },
  {
    "date": "2022-06-30",
    "symbol": "EMN",
    "reportedCurrency": "USD",
    "cik": "0000915389",
    "fillingDate": "2022-08-01",
    "acceptedDate": "2022-07-29 17:47:55",
    "calendarYear": "2022",
    "period": "Q2",
    "revenue": 2774000000,
    "costOfRevenue": 2148000000,
    "grossProfit": 626000000,
    "grossProfitRatio": 0.225666907,
    "researchAndDevelopmentExpenses": 67000000,
    "generalAndAdministrativeExpenses": 0,
    "sellingAndMarketingExpenses": 0,
    "sellingGeneralAndAdministrativeExpenses": 183000000,
    "otherExpenses": 0,
    "operatingExpenses": 250000000,
    "costAndExpenses": 2398000000,
    "interestIncome": 0,
    "interestExpense": 45000000,
    "depreciationAndAmortization": 122000000,
    "ebitda": 539000000,
    "ebitdaratio": 0.1943042538,
    "operatingIncome": 376000000,
    "operatingIncomeRatio": 0.1355443403,
    "totalOtherIncomeExpensesNet": 5000000,
    "incomeBeforeTax": 381000000,
    "incomeBeforeTaxRatio": 0.1373467916,
    "incomeTaxExpense": 124000000,
    "netIncome": 256000000,
    "netIncomeRatio": 0.0922855083,
    "eps": 2.05,
    "epsdiluted": 2.03,
    "weightedAverageShsOut": 124800000,
    "weightedAverageShsOutDil": 126400000,
    "link": "https://www.sec.gov/Archives/edgar/data/915389/000091538922000039/0000915389-22-000039-index.htm",
    "finalLink": "https://www.sec.gov/Archives/edgar/data/915389/000091538922000039/emn-20220630.htm"
  },
  {
    "date": "2022-03-31",
    "symbol": "EMN",
    "reportedCurrency": "USD",
    "cik": "0000915389",
    "fillingDate": "2022-05-04",
    "acceptedDate": "2022-05-04 14:57:59",
    "calendarYear": "2022",
    "period": "Q1",
    "revenue": 2709000000,
    "costOfRevenue": 2167000000,
    "grossProfit": 542000000,
    "grossProfitRatio": 0.200073828,
    "researchAndDevelopmentExpenses": 65000000,
    "generalAndAdministrativeExpenses": 0,
    "sellingAndMarketingExpenses": 0,
    "sellingGeneralAndAdministrativeExpenses": 196000000,
    "otherExpenses": 0,
    "operatingExpenses": 261000000,
    "costAndExpenses": 2428000000,
    "interestIncome": 1000000,
    "interestExpense": 47000000,
    "depreciationAndAmortization": 121000000,
    "ebitda": 452000000,
    "ebitdaratio": 0.1668512366,
    "operatingIncome": 281000000,
    "operatingIncomeRatio": 0.103728313,
    "totalOtherIncomeExpensesNet": 6000000,
    "incomeBeforeTax": 287000000,
    "incomeBeforeTaxRatio": 0.1059431525,
    "incomeTaxExpense": 51000000,
    "netIncome": 235000000,
    "netIncomeRatio": 0.0867478774,
    "eps": 1.82,
    "epsdiluted": 1.8,
    "weightedAverageShsOut": 129000000,
    "weightedAverageShsOutDil": 130700000,
    "link": "https://www.sec.gov/Archives/edgar/data/915389/000091538922000023/0000915389-22-000023-index.htm",
    "finalLink": "https://www.sec.gov/Archives/edgar/data/915389/000091538922000023/emn-20220331.htm"
  },
  {
    "date": "2021-12-31",
    "symbol": "EMN",
    "reportedCurrency": "USD",
    "cik": "0000915389",
    "fillingDate": "2022-02-25",
    "acceptedDate": "2022-02-24 17:58:53",
    "calendarYear": "2021",
    "period": "Q4",
    "revenue": 2691000000,
    "costOfRevenue": 2124000000,
    "grossProfit": 567000000,
    "grossProfitRatio": 0.2107023411,
    "researchAndDevelopmentExpenses": 67000000,
    "generalAndAdministrativeExpenses": 0,
    "sellingAndMarketingExpenses": 0,
    "sellingGeneralAndAdministrativeExpenses": 208000000,
    "otherExpenses": 0,
    "operatingExpenses": 275000000,
    "costAndExpenses": 2399000000,
    "interestIncome": 1000000,
    "interestExpense": 49000000,
    "depreciationAndAmortization": 122000000,
    "ebitda": 698000000,
    "ebitdaratio": 0.2593831289,
    "operatingIncome": 292000000,
    "operatingIncomeRatio": 0.1085098476,
    "totalOtherIncomeExpensesNet": 237000000,
    "incomeBeforeTax": 529000000,
    "incomeBeforeTaxRatio": 0.1965811966,
    "incomeTaxExpense": 149000000,
    "netIncome": 378000000,
    "netIncomeRatio": 0.1404682274,
    "eps": 2.85,
    "epsdiluted": 2.81,
    "weightedAverageShsOut": 132500000,
    "weightedAverageShsOutDil": 134600000,
    "link": "https://www.sec.gov/Archives/edgar/data/915389/000091538922000010/0000915389-22-000010-index.htm",
    "finalLink": "https://www.sec.gov/Archives/edgar/data/915389/000091538922000010/emn-20211231.htm"
  },
  {
    "date": "2021-09-30",
    "symbol": "EMN",
    "reportedCurrency": "USD",
    "cik": "0000915389",
    "fillingDate": "2021-11-01",
    "acceptedDate": "2021-11-01 17:20:00",
    "calendarYear": "2021",
    "period": "Q3",
    "revenue": 2720000000,
    "costOfRevenue": 2067000000,
    "grossProfit": 653000000,
    "grossProfitRatio": 0.2400735294,
    "researchAndDevelopmentExpenses": 66000000,
    "generalAndAdministrativeExpenses": 0,
    "sellingAndMarketingExpenses": 0,
    "sellingGeneralAndAdministrativeExpenses": 201000000,
    "otherExpenses": 0,
    "operatingExpenses": 267000000,
    "costAndExpenses": 2334000000,
    "interestIncome": 1000000,
    "interestExpense": 50000000,
    "depreciationAndAmortization": 127000000,
    "ebitda": 496000000,
    "ebitdaratio": 0.1823529412,
    "operatingIncome": 386000000,
    "operatingIncomeRatio": 0.1419117647,
    "totalOtherIncomeExpensesNet": -65000000,
    "incomeBeforeTax": 321000000,
    "incomeBeforeTaxRatio": 0.1180147059,
    "incomeTaxExpense": -33000000,
    "netIncome": 351000000,
    "netIncomeRatio": 0.1290441176,
    "eps": 2.6,
    "epsdiluted": 2.57,
    "weightedAverageShsOut": 135300000,
    "weightedAverageShsOutDil": 137000000,
    "link": "https://www.sec.gov/Archives/edgar/data/915389/000091538921000074/0000915389-21-000074-index.htm",
    "finalLink": "https://www.sec.gov/Archives/edgar/data/915389/000091538921000074/emn-20210930.htm"
  },
  {
    "date": "2021-06-30",
    "symbol": "EMN",
    "reportedCurrency": "USD",
    "cik": "0000915389",
    "fillingDate": "2021-08-03",
    "acceptedDate": "2021-08-03 17:24:48",
    "calendarYear": "2021",
    "period": "Q2",
    "revenue": 2658000000,
    "costOfRevenue": 1967000000,
    "grossProfit": 691000000,
    "grossProfitRatio": 0.2599699022,
    "researchAndDevelopmentExpenses": 63000000,
    "generalAndAdministrativeExpenses": 0,
    "sellingAndMarketingExpenses": 0,
    "sellingGeneralAndAdministrativeExpenses": 202000000,
    "otherExpenses": 0,
    "operatingExpenses": 265000000,
    "costAndExpenses": 2232000000,
    "interestIncome": 0,
    "interestExpense": 51000000,
    "depreciationAndAmortization": 140000000,
    "ebitda": 81000000,
    "ebitdaratio": 0.0304740406,
    "operatingIncome": 426000000,
    "operatingIncomeRatio": 0.1602708804,
    "totalOtherIncomeExpensesNet": -533000000,
    "incomeBeforeTax": -107000000,
    "incomeBeforeTaxRatio": -0.0402558315,
    "incomeTaxExpense": 37000000,
    "netIncome": -146000000,
    "netIncomeRatio": -0.0549285177,
    "eps": -1.07,
    "epsdiluted": -1.07,
    "weightedAverageShsOut": 135900000,
    "weightedAverageShsOutDil": 135900000,
    "link": "https://www.sec.gov/Archives/edgar/data/915389/000091538921000063/0000915389-21-000063-index.htm",
    "finalLink": "https://www.sec.gov/Archives/edgar/data/915389/000091538921000063/emn-20210630.htm"
  },
  {
    "date": "2021-03-31",
    "symbol": "EMN",
    "reportedCurrency": "USD",
    "cik": "0000915389",
    "fillingDate": "2021-05-03",
    "acceptedDate": "2021-05-03 16:41:33",
    "calendarYear": "2021",
    "period": "Q1",
    "revenue": 2414000000,
    "costOfRevenue": 1807000000,
    "grossProfit": 607000000,
    "grossProfitRatio": 0.2514498757,
    "researchAndDevelopmentExpenses": 58000000,
    "generalAndAdministrativeExpenses": 0,
    "sellingAndMarketingExpenses": 0,
    "sellingGeneralAndAdministrativeExpenses": 184000000,
    "otherExpenses": 0,
    "operatingExpenses": 242000000,
    "costAndExpenses": 2049000000,
    "interestIncome": 1000000,
    "interestExpense": 51000000,
    "depreciationAndAmortization": 149000000,
    "ebitda": 537000000,
    "ebitdaratio": 0.2224523612,
    "operatingIncome": 365000000,
    "operatingIncomeRatio": 0.1512013256,
    "totalOtherIncomeExpensesNet": -26000000,
    "incomeBeforeTax": 339000000,
    "incomeBeforeTaxRatio": 0.1404308202,
    "incomeTaxExpense": 62000000,
    "netIncome": 274000000,
    "netIncomeRatio": 0.1135045568,
    "eps": 2.01,
    "epsdiluted": 1.99,
    "weightedAverageShsOut": 136100000,
    "weightedAverageShsOutDil": 137600000,
    "link": "https://www.sec.gov/Archives/edgar/data/915389/000091538921000027/0000915389-21-000027-index.htm",
    "finalLink": "https://www.sec.gov/Archives/edgar/data/915389/000091538921000027/emn-20210331.htm"
  },
  {
    "date": "2020-12-31",
    "symbol": "EMN",
    "reportedCurrency": "USD",
    "cik": "0000915389",
    "fillingDate": "2021-02-22",
    "acceptedDate": "2021-02-22 16:38:10",
    "calendarYear": "2020",
    "period": "Q4",
    "revenue": 2189000000,
    "costOfRevenue": 1654000000,
    "grossProfit": 535000000,
    "grossProfitRatio": 0.2444038374,
    "researchAndDevelopmentExpenses": 57000000,
    "generalAndAdministrativeExpenses": 0,
    "sellingAndMarketingExpenses": 0,
    "sellingGeneralAndAdministrativeExpenses": 174000000,
    "otherExpenses": 0,
    "operatingExpenses": 231000000,
    "costAndExpenses": 1885000000,
    "interestIncome": 1000000,
    "interestExpense": 52000000,
    "depreciationAndAmortization": 145000000,
    "ebitda": 220000000,
    "ebitdaratio": 0.1005025126,
    "operatingIncome": 304000000,
    "operatingIncomeRatio": 0.1388761992,
    "totalOtherIncomeExpensesNet": -279000000,
    "incomeBeforeTax": 25000000,
    "incomeBeforeTaxRatio": 0.0114207401,
    "incomeTaxExpense": -9000000,
    "netIncome": 32000000,
    "netIncomeRatio": 0.0146185473,
    "eps": 0.23,
    "epsdiluted": 0.23,
    "weightedAverageShsOut": 135600000,
    "weightedAverageShsOutDil": 137000000,
    "link": "https://www.sec.gov/Archives/edgar/data/915389/000091538921000016/0000915389-21-000016-index.htm",
    "finalLink": "https://www.sec.gov/Archives/edgar/data/915389/000091538921000016/emn-20201231.htm"
  },
  {
    "date": "2020-09-30",
    "symbol": "EMN",
    "reportedCurrency": "USD",
    "cik": "0000915389",
    "fillingDate": "2020-11-03",
    "acceptedDate": "2020-11-03 14:32:21",
    "calendarYear": "2020",
    "period": "Q3",
    "revenue": 2122000000,
    "costOfRevenue": 1609000000,
    "grossProfit": 513000000,
    "grossProfitRatio": 0.2417530631,
    "researchAndDevelopmentExpenses": 56000000,
    "generalAndAdministrativeExpenses": 0,
    "sellingAndMarketingExpenses": 0,
    "sellingGeneralAndAdministrativeExpenses": 165000000,
    "otherExpenses": 0,
    "operatingExpenses": 221000000,
    "costAndExpenses": 1830000000,
    "interestIncome": 2000000,
    "interestExpense": 54000000,
    "depreciationAndAmortization": 149000000,
    "ebitda": 391000000,
    "ebitdaratio": 0.184260132,
    "operatingIncome": 292000000,
    "operatingIncomeRatio": 0.137606032,
    "totalOtherIncomeExpensesNet": -102000000,
    "incomeBeforeTax": 190000000,
    "incomeBeforeTaxRatio": 0.0895381715,
    "incomeTaxExpense": 25000000,
    "netIncome": 161000000,
    "netIncomeRatio": 0.075871819,
    "eps": 1.19,
    "epsdiluted": 1.18,
    "weightedAverageShsOut": 135300000,
    "weightedAverageShsOutDil": 136300000,
    "link": "https://www.sec.gov/Archives/edgar/data/915389/000091538920000064/0000915389-20-000064-index.htm",
    "finalLink": "https://www.sec.gov/Archives/edgar/data/915389/000091538920000064/emn-20200930.htm"
  },
  {
    "date": "2020-06-30",
    "symbol": "EMN",
    "reportedCurrency": "USD",
    "cik": "0000915389",
    "fillingDate": "2020-08-05",
    "acceptedDate": "2020-08-05 13:19:38",
    "calendarYear": "2020",
    "period": "Q2",
    "revenue": 1918000000,
    "costOfRevenue": 1533000000,
    "grossProfit": 385000000,
    "grossProfitRatio": 0.200729927,
    "researchAndDevelopmentExpenses": 52000000,
    "generalAndAdministrativeExpenses": 0,
    "sellingAndMarketingExpenses": 0,
    "sellingGeneralAndAdministrativeExpenses": 155000000,
    "otherExpenses": 0,
    "operatingExpenses": 207000000,
    "costAndExpenses": 1740000000,
    "interestIncome": 0,
    "interestExpense": 55000000,
    "depreciationAndAmortization": 141000000,
    "ebitda": 192000000,
    "ebitdaratio": 0.1001042753,
    "operatingIncome": 178000000,
    "operatingIncomeRatio": 0.0928050052,
    "totalOtherIncomeExpensesNet": -179000000,
    "incomeBeforeTax": -1000000,
    "incomeBeforeTaxRatio": -0.0005213764,
    "incomeTaxExpense": -31000000,
    "netIncome": 27000000,
    "netIncomeRatio": 0.0140771637,
    "eps": 0.2,
    "epsdiluted": 0.2,
    "weightedAverageShsOut": 135300000,
    "weightedAverageShsOutDil": 136100000,
    "link": "https://www.sec.gov/Archives/edgar/data/915389/000091538920000056/0000915389-20-000056-index.htm",
    "finalLink": "https://www.sec.gov/Archives/edgar/data/915389/000091538920000056/emn-20200630.htm"
  },
  {
    "date": "2020-03-31",
    "symbol": "EMN",
    "reportedCurrency": "USD",
    "cik": "0000915389",
    "fillingDate": "2020-05-11",
    "acceptedDate": "2020-05-11 11:30:03",
    "calendarYear": "2020",
    "period": "Q1",
    "revenue": 2235000000,
    "costOfRevenue": 1663000000,
    "grossProfit": 572000000,
    "grossProfitRatio": 0.2559284116,
    "researchAndDevelopmentExpenses": 61000000,
    "generalAndAdministrativeExpenses": 0,
    "sellingAndMarketingExpenses": 0,
    "sellingGeneralAndAdministrativeExpenses": 160000000,
    "otherExpenses": 0,
    "operatingExpenses": 221000000,
    "costAndExpenses": 1884000000,
    "interestIncome": 1000000,
    "interestExpense": 53000000,
    "depreciationAndAmortization": 139000000,
    "ebitda": 506000000,
    "ebitdaratio": 0.2263982103,
    "operatingIncome": 351000000,
    "operatingIncomeRatio": 0.1570469799,
    "totalOtherIncomeExpensesNet": -35000000,
    "incomeBeforeTax": 316000000,
    "incomeBeforeTaxRatio": 0.1413870246,
    "incomeTaxExpense": 56000000,
    "netIncome": 258000000,
    "netIncomeRatio": 0.1154362416,
    "eps": 1.9,
    "epsdiluted": 1.89,
    "weightedAverageShsOut": 136000000,
    "weightedAverageShsOutDil": 136500000,
    "link": "https://www.sec.gov/Archives/edgar/data/915389/000091538920000034/0000915389-20-000034-index.htm",
    "finalLink": "https://www.sec.gov/Archives/edgar/data/915389/000091538920000034/emn-20200331.htm"
  },
  {
    "date": "2019-12-31",
    "symbol": "EMN",
    "reportedCurrency": "USD",
    "cik": "0000915389",
    "fillingDate": "2020-02-26",
    "acceptedDate": "2020-02-26 16:19:17",
    "calendarYear": "2019",
    "period": "Q4",
    "revenue": 2199000000,
    "costOfRevenue": 1693000000,
    "grossProfit": 506000000,
    "grossProfitRatio": 0.230104593,
    "researchAndDevelopmentExpenses": 60000000,
    "generalAndAdministrativeExpenses": 0,
    "sellingAndMarketingExpenses": 0,
    "sellingGeneralAndAdministrativeExpenses": 176000000,
    "otherExpenses": 0,
    "operatingExpenses": 236000000,
    "costAndExpenses": 1929000000,
    "interestIncome": 1000000,
    "interestExpense": 54000000,
    "depreciationAndAmortization": 149000000,
    "ebitda": 210000000,
    "ebitdaratio": 0.0954979536,
    "operatingIncome": 270000000,
    "operatingIncomeRatio": 0.1227830832,
    "totalOtherIncomeExpensesNet": -261000000,
    "incomeBeforeTax": 9000000,
    "incomeBeforeTaxRatio": 0.0040927694,
    "incomeTaxExpense": -18000000,
    "netIncome": 26000000,
    "netIncomeRatio": 0.0118235562,
    "eps": 0.19,
    "epsdiluted": 0.19,
    "weightedAverageShsOut": 135900000,
    "weightedAverageShsOutDil": 137100000,
    "link": "https://www.sec.gov/Archives/edgar/data/915389/000091538920000016/0000915389-20-000016-index.htm",
    "finalLink": "https://www.sec.gov/Archives/edgar/data/915389/000091538920000016/emn2019123110k.htm"
  },
  {
    "date": "2019-09-30",
    "symbol": "EMN",
    "reportedCurrency": "USD",
    "cik": "0000915389",
    "fillingDate": "2019-11-01",
    "acceptedDate": "2019-11-01 14:58:02",
    "calendarYear": "2019",
    "period": "Q3",
    "revenue": 2318000000,
    "costOfRevenue": 1737000000,
    "grossProfit": 581000000,
    "grossProfitRatio": 0.2506471096,
    "researchAndDevelopmentExpenses": 59000000,
    "generalAndAdministrativeExpenses": 0,
    "sellingAndMarketingExpenses": 0,
    "sellingGeneralAndAdministrativeExpenses": 163000000,
    "otherExpenses": 0,
    "operatingExpenses": 222000000,
    "costAndExpenses": 1959000000,
    "interestIncome": 1000000,
    "interestExpense": 55000000,
    "depreciationAndAmortization": 151000000,
    "ebitda": 517000000,
    "ebitdaratio": 0.2230371009,
    "operatingIncome": 359000000,
    "operatingIncomeRatio": 0.1548748921,
    "totalOtherIncomeExpensesNet": -46000000,
    "incomeBeforeTax": 313000000,
    "incomeBeforeTaxRatio": 0.1350301984,
    "incomeTaxExpense": 46000000,
    "netIncome": 266000000,
    "netIncomeRatio": 0.1147540984,
    "eps": 1.95,
    "epsdiluted": 1.93,
    "weightedAverageShsOut": 136800000,
    "weightedAverageShsOutDil": 137800000,
    "link": "https://www.sec.gov/Archives/edgar/data/915389/000091538919000064/0000915389-19-000064-index.htm",
    "finalLink": "https://www.sec.gov/Archives/edgar/data/915389/000091538919000064/emn2019093010q.htm"
  },
  {
    "date": "2019-06-30",
    "symbol": "EMN",
    "reportedCurrency": "USD",
    "cik": "0000915389",
    "fillingDate": "2019-08-06",
    "acceptedDate": "2019-08-06 15:09:03",
    "calendarYear": "2019",
    "period": "Q2",
    "revenue": 2356000000,
    "costOfRevenue": 1766000000,
    "grossProfit": 590000000,
    "grossProfitRatio": 0.2504244482,
    "researchAndDevelopmentExpenses": 57000000,
    "generalAndAdministrativeExpenses": 0,
    "sellingAndMarketingExpenses": 0,
    "sellingGeneralAndAdministrativeExpenses": 165000000,
    "otherExpenses": 0,
    "operatingExpenses": 222000000,
    "costAndExpenses": 1988000000,
    "interestIncome": 0,
    "interestExpense": 55000000,
    "depreciationAndAmortization": 156000000,
    "ebitda": 526000000,
    "ebitdaratio": 0.2232597623,
    "operatingIncome": 368000000,
    "operatingIncomeRatio": 0.156196944,
    "totalOtherIncomeExpensesNet": -52000000,
    "incomeBeforeTax": 316000000,
    "incomeBeforeTaxRatio": 0.1341256367,
    "incomeTaxExpense": 57000000,
    "netIncome": 258000000,
    "netIncomeRatio": 0.1095076401,
    "eps": 1.87,
    "epsdiluted": 1.85,
    "weightedAverageShsOut": 137800000,
    "weightedAverageShsOutDil": 139100000,
    "link": "https://www.sec.gov/Archives/edgar/data/915389/000091538919000050/0000915389-19-000050-index.htm",
    "finalLink": "https://www.sec.gov/Archives/edgar/data/915389/000091538919000050/emn2019063010q.htm"
  },
  {
    "date": "2019-03-31",
    "symbol": "EMN",
    "reportedCurrency": "USD",
    "cik": "0000915389",
    "fillingDate": "2019-05-03",
    "acceptedDate": "2019-05-03 08:49:56",
    "calendarYear": "2019",
    "period": "Q1",
    "revenue": 2374000000,
    "costOfRevenue": 1803000000,
    "grossProfit": 571000000,
    "grossProfitRatio": 0.2405223252,
    "researchAndDevelopmentExpenses": 58000000,
    "generalAndAdministrativeExpenses": 0,
    "sellingAndMarketingExpenses": 0,
    "sellingGeneralAndAdministrativeExpenses": 187000000,
    "otherExpenses": 0,
    "operatingExpenses": 245000000,
    "costAndExpenses": 2048000000,
    "interestIncome": 1000000,
    "interestExpense": 57000000,
    "depreciationAndAmortization": 155000000,
    "ebitda": 475000000,
    "ebitdaratio": 0.200084246,
    "operatingIncome": 326000000,
    "operatingIncomeRatio": 0.1373209773,
    "totalOtherIncomeExpensesNet": -62000000,
    "incomeBeforeTax": 264000000,
    "incomeBeforeTaxRatio": 0.1112047178,
    "incomeTaxExpense": 55000000,
    "netIncome": 209000000,
    "netIncomeRatio": 0.0880370682,
    "eps": 1.5,
    "epsdiluted": 1.49,
    "weightedAverageShsOut": 139000000,
    "weightedAverageShsOutDil": 140100000,
    "link": "https://www.sec.gov/Archives/edgar/data/915389/000091538919000021/0000915389-19-000021-index.htm",
    "finalLink": "https://www.sec.gov/Archives/edgar/data/915389/000091538919000021/emn2019033110q.htm"
  },
  {
    "date": "2018-12-31",
    "symbol": "EMN",
    "reportedCurrency": "USD",
    "cik": "0000915389",
    "fillingDate": "2019-02-27",
    "acceptedDate": "2019-02-27 17:08:47",
    "calendarYear": "2018",
    "period": "Q4",
    "revenue": 2365000000,
    "costOfRevenue": 1907000000,
    "grossProfit": 458000000,
    "grossProfitRatio": 0.1936575053,
    "researchAndDevelopmentExpenses": 59000000,
    "generalAndAdministrativeExpenses": 0,
    "sellingAndMarketingExpenses": 0,
    "sellingGeneralAndAdministrativeExpenses": 167000000,
    "otherExpenses": 0,
    "operatingExpenses": 226000000,
    "costAndExpenses": 2133000000,
    "interestIncome": 0,
    "interestExpense": 57000000,
    "depreciationAndAmortization": 153000000,
    "ebitda": 280000000,
    "ebitdaratio": 0.1183932347,
    "operatingIncome": 232000000,
    "operatingIncomeRatio": 0.0980972516,
    "totalOtherIncomeExpensesNet": -161000000,
    "incomeBeforeTax": 71000000,
    "incomeBeforeTaxRatio": 0.0300211416,
    "incomeTaxExpense": 36000000,
    "netIncome": 34000000,
    "netIncomeRatio": 0.0143763214,
    "eps": 0.25,
    "epsdiluted": 0.24,
    "weightedAverageShsOut": 139800000,
    "weightedAverageShsOutDil": 141100000,
    "link": "https://www.sec.gov/Archives/edgar/data/915389/000091538919000009/0000915389-19-000009-index.htm",
    "finalLink": "https://www.sec.gov/Archives/edgar/data/915389/000091538919000009/emn2018123110k.htm"
  },
  {
    "date": "2018-09-30",
    "symbol": "EMN",
    "reportedCurrency": "USD",
    "cik": "0000915389",
    "fillingDate": "2018-10-29",
    "acceptedDate": "2018-10-29 14:25:59",
    "calendarYear": "2018",
    "period": "Q3",
    "revenue": 2540000000,
    "costOfRevenue": 1894000000,
    "grossProfit": 646000000,
    "grossProfitRatio": 0.2543307087,
    "researchAndDevelopmentExpenses": 60000000,
    "generalAndAdministrativeExpenses": 0,
    "sellingAndMarketingExpenses": 0,
    "sellingGeneralAndAdministrativeExpenses": 175000000,
    "otherExpenses": 0,
    "operatingExpenses": 235000000,
    "costAndExpenses": 2129000000,
    "interestIncome": 0,
    "interestExpense": 58000000,
    "depreciationAndAmortization": 151000000,
    "ebitda": 666000000,
    "ebitdaratio": 0.2622047244,
    "operatingIncome": 411000000,
    "operatingIncomeRatio": 0.1618110236,
    "totalOtherIncomeExpensesNet": 48000000,
    "incomeBeforeTax": 459000000,
    "incomeBeforeTaxRatio": 0.1807086614,
    "incomeTaxExpense": 46000000,
    "netIncome": 412000000,
    "netIncomeRatio": 0.1622047244,
    "eps": 2.93,
    "epsdiluted": 2.89,
    "weightedAverageShsOut": 140600000,
    "weightedAverageShsOutDil": 142400000,
    "link": "https://www.sec.gov/Archives/edgar/data/915389/000091538918000058/0000915389-18-000058-index.htm",
    "finalLink": "https://www.sec.gov/Archives/edgar/data/915389/000091538918000058/emn2018093010q.htm"
  },
  {
    "date": "2018-06-30",
    "symbol": "EMN",
    "reportedCurrency": "USD",
    "cik": "0000915389",
    "fillingDate": "2018-08-03",
    "acceptedDate": "2018-08-03 13:32:07",
    "calendarYear": "2018",
    "period": "Q2",
    "revenue": 2613000000,
    "costOfRevenue": 1955000000,
    "grossProfit": 658000000,
    "grossProfitRatio": 0.2518178339,
    "researchAndDevelopmentExpenses": 60000000,
    "generalAndAdministrativeExpenses": 0,
    "sellingAndMarketingExpenses": 0,
    "sellingGeneralAndAdministrativeExpenses": 189000000,
    "otherExpenses": 0,
    "operatingExpenses": 249000000,
    "costAndExpenses": 2204000000,
    "interestIncome": 2000000,
    "interestExpense": 63000000,
    "depreciationAndAmortization": 148000000,
    "ebitda": 640000000,
    "ebitdaratio": 0.2449292002,
    "operatingIncome": 409000000,
    "operatingIncomeRatio": 0.156525067,
    "totalOtherIncomeExpensesNet": 21000000,
    "incomeBeforeTax": 430000000,
    "incomeBeforeTaxRatio": 0.1645618064,
    "incomeTaxExpense": 84000000,
    "netIncome": 344000000,
    "netIncomeRatio": 0.1316494451,
    "eps": 2.42,
    "epsdiluted": 2.39,
    "weightedAverageShsOut": 141900000,
    "weightedAverageShsOutDil": 144000000,
    "link": "https://www.sec.gov/Archives/edgar/data/915389/000091538918000048/0000915389-18-000048-index.htm",
    "finalLink": "https://www.sec.gov/Archives/edgar/data/915389/000091538918000048/emn2018063010q.htm"
  },
  {
    "date": "2018-03-31",
    "symbol": "EMN",
    "reportedCurrency": "USD",
    "cik": "0000915389",
    "fillingDate": "2018-05-07",
    "acceptedDate": "2018-05-07 16:08:53",
    "calendarYear": "2018",
    "period": "Q1",
    "revenue": 2604000000,
    "costOfRevenue": 1937000000,
    "grossProfit": 667000000,
    "grossProfitRatio": 0.2561443932,
    "researchAndDevelopmentExpenses": 56000000,
    "generalAndAdministrativeExpenses": 0,
    "sellingAndMarketingExpenses": 0,
    "sellingGeneralAndAdministrativeExpenses": 190000000,
    "otherExpenses": 0,
    "operatingExpenses": 246000000,
    "costAndExpenses": 2183000000,
    "interestIncome": 1000000,
    "interestExpense": 60000000,
    "depreciationAndAmortization": 152000000,
    "ebitda": 561000000,
    "ebitdaratio": 0.215437788,
    "operatingIncome": 421000000,
    "operatingIncomeRatio": 0.1616743472,
    "totalOtherIncomeExpensesNet": -71000000,
    "incomeBeforeTax": 350000000,
    "incomeBeforeTaxRatio": 0.1344086022,
    "incomeTaxExpense": 60000000,
    "netIncome": 290000000,
    "netIncomeRatio": 0.1113671275,
    "eps": 2.03,
    "epsdiluted": 2,
    "weightedAverageShsOut": 142800000,
    "weightedAverageShsOutDil": 144800000,
    "link": "https://www.sec.gov/Archives/edgar/data/915389/000091538918000026/0000915389-18-000026-index.htm",
    "finalLink": "https://www.sec.gov/Archives/edgar/data/915389/000091538918000026/emn2018033110q.htm"
  },
  {
    "date": "2017-12-31",
    "symbol": "EMN",
    "reportedCurrency": "USD",
    "cik": "0000915389",
    "fillingDate": "2018-03-01",
    "acceptedDate": "2018-03-01 11:46:41",
    "calendarYear": "2017",
    "period": "Q4",
    "revenue": 2355000000,
    "costOfRevenue": 1792000000,
    "grossProfit": 563000000,
    "grossProfitRatio": 0.2390658174,
    "researchAndDevelopmentExpenses": 49000000,
    "generalAndAdministrativeExpenses": 0,
    "sellingAndMarketingExpenses": 0,
    "sellingGeneralAndAdministrativeExpenses": 189000000,
    "otherExpenses": 0,
    "operatingExpenses": 242000000,
    "costAndExpenses": 2034000000,
    "interestIncome": 0,
    "interestExpense": 40000000,
    "depreciationAndAmortization": 147000000,
    "ebitda": 392000000,
    "ebitdaratio": 0.1664543524,
    "operatingIncome": 321000000,
    "operatingIncomeRatio": 0.1363057325,
    "totalOtherIncomeExpensesNet": -135000000,
    "incomeBeforeTax": 199000000,
    "incomeBeforeTaxRatio": 0.0845010616,
    "incomeTaxExpense": -383000000,
    "netIncome": 581000000,
    "netIncomeRatio": 0.2467091295,
    "eps": 4.05,
    "epsdiluted": 4.01,
    "weightedAverageShsOut": 143300000,
    "weightedAverageShsOutDil": 144800000,
    "link": "https://www.sec.gov/Archives/edgar/data/915389/000091538918000016/0000915389-18-000016-index.htm",
    "finalLink": "https://www.sec.gov/Archives/edgar/data/915389/000091538918000016/emn2017123110k.htm"
  },
  {
    "date": "2017-09-30",
    "symbol": "EMN",
    "reportedCurrency": "USD",
    "cik": "0000915389",
    "fillingDate": "2017-11-02",
    "acceptedDate": "2017-11-02 08:25:12",
    "calendarYear": "2017",
    "period": "Q3",
    "revenue": 2459000000,
    "costOfRevenue": 1779000000,
    "grossProfit": 680000000,
    "grossProfitRatio": 0.2765351769,
    "researchAndDevelopmentExpenses": 56000000,
    "generalAndAdministrativeExpenses": 0,
    "sellingAndMarketingExpenses": 0,
    "sellingGeneralAndAdministrativeExpenses": 180000000,
    "otherExpenses": 0,
    "operatingExpenses": 239000000,
    "costAndExpenses": 2018000000,
    "interestIncome": 1000000,
    "interestExpense": 62000000,
    "depreciationAndAmortization": 148000000,
    "ebitda": 611000000,
    "ebitdaratio": 0.2484749898,
    "operatingIncome": 441000000,
    "operatingIncomeRatio": 0.1793411956,
    "totalOtherIncomeExpensesNet": -38000000,
    "incomeBeforeTax": 403000000,
    "incomeBeforeTaxRatio": 0.1638877593,
    "incomeTaxExpense": 79000000,
    "netIncome": 323000000,
    "netIncomeRatio": 0.131354209,
    "eps": 2.24,
    "epsdiluted": 2.22,
    "weightedAverageShsOut": 144300000,
    "weightedAverageShsOutDil": 145500000,
    "link": "https://www.sec.gov/Archives/edgar/data/915389/000091538917000062/0000915389-17-000062-index.htm",
    "finalLink": "https://www.sec.gov/Archives/edgar/data/915389/000091538917000062/emn2017093010q.htm"
  },
  {
    "date": "2017-06-30",
    "symbol": "EMN",
    "reportedCurrency": "USD",
    "cik": "0000915389",
    "fillingDate": "2017-08-04",
    "acceptedDate": "2017-08-04 09:50:49",
    "calendarYear": "2017",
    "period": "Q2",
    "revenue": 2409000000,
    "costOfRevenue": 1769000000,
    "grossProfit": 640000000,
    "grossProfitRatio": 0.2656704027,
    "researchAndDevelopmentExpenses": 55000000,
    "generalAndAdministrativeExpenses": 0,
    "sellingAndMarketingExpenses": 0,
    "sellingGeneralAndAdministrativeExpenses": 181000000,
    "otherExpenses": 0,
    "operatingExpenses": 239000000,
    "costAndExpenses": 2008000000,
    "interestIncome": 8000000,
    "interestExpense": 61000000,
    "depreciationAndAmortization": 147000000,
    "ebitda": 566000000,
    "ebitdaratio": 0.2349522623,
    "operatingIncome": 401000000,
    "operatingIncomeRatio": 0.1664591117,
    "totalOtherIncomeExpensesNet": -42000000,
    "incomeBeforeTax": 359000000,
    "incomeBeforeTaxRatio": 0.1490244915,
    "incomeTaxExpense": 65000000,
    "netIncome": 292000000,
    "netIncomeRatio": 0.1212121212,
    "eps": 2.01,
    "epsdiluted": 2,
    "weightedAverageShsOut": 145300000,
    "weightedAverageShsOutDil": 146400000,
    "link": "https://www.sec.gov/Archives/edgar/data/915389/000091538917000044/0000915389-17-000044-index.htm",
    "finalLink": "https://www.sec.gov/Archives/edgar/data/915389/000091538917000044/emn2017063010q.htm"
  },
  {
    "date": "2017-03-31",
    "symbol": "EMN",
    "reportedCurrency": "USD",
    "cik": "0000915389",
    "fillingDate": "2017-05-05",
    "acceptedDate": "2017-05-05 08:39:22",
    "calendarYear": "2017",
    "period": "Q1",
    "revenue": 2291000000,
    "costOfRevenue": 1671000000,
    "grossProfit": 620000000,
    "grossProfitRatio": 0.2706241816,
    "researchAndDevelopmentExpenses": 54000000,
    "generalAndAdministrativeExpenses": 0,
    "sellingAndMarketingExpenses": 0,
    "sellingGeneralAndAdministrativeExpenses": 174000000,
    "otherExpenses": 0,
    "operatingExpenses": 228000000,
    "costAndExpenses": 1899000000,
    "interestIncome": 1000000,
    "interestExpense": 61000000,
    "depreciationAndAmortization": 145000000,
    "ebitda": 552000000,
    "ebitdaratio": 0.2409428197,
    "operatingIncome": 392000000,
    "operatingIncomeRatio": 0.1711043213,
    "totalOtherIncomeExpensesNet": -51000000,
    "incomeBeforeTax": 341000000,
    "incomeBeforeTaxRatio": 0.1488432999,
    "incomeTaxExpense": 62000000,
    "netIncome": 278000000,
    "netIncomeRatio": 0.1213443911,
    "eps": 1.9,
    "epsdiluted": 1.89,
    "weightedAverageShsOut": 146200000,
    "weightedAverageShsOutDil": 147200000,
    "link": "https://www.sec.gov/Archives/edgar/data/915389/000091538917000023/0000915389-17-000023-index.htm",
    "finalLink": "https://www.sec.gov/Archives/edgar/data/915389/000091538917000023/emn2017033110q.htm"
  },
  {
    "date": "2016-12-31",
    "symbol": "EMN",
    "reportedCurrency": "USD",
    "cik": "0000915389",
    "fillingDate": "2017-02-27",
    "acceptedDate": "2017-02-27 14:41:34",
    "calendarYear": "2016",
    "period": "Q4",
    "revenue": 2170000000,
    "costOfRevenue": 1646000000,
    "grossProfit": 524000000,
    "grossProfitRatio": 0.2414746544,
    "researchAndDevelopmentExpenses": 54000000,
    "generalAndAdministrativeExpenses": 0,
    "sellingAndMarketingExpenses": 0,
    "sellingGeneralAndAdministrativeExpenses": 161000000,
    "otherExpenses": 0,
    "operatingExpenses": 215000000,
    "costAndExpenses": 1861000000,
    "interestIncome": 5000000,
    "interestExpense": 69000000,
    "depreciationAndAmortization": 144000000,
    "ebitda": 347000000,
    "ebitdaratio": 0.1599078341,
    "operatingIncome": 309000000,
    "operatingIncomeRatio": 0.1423963134,
    "totalOtherIncomeExpensesNet": -175000000,
    "incomeBeforeTax": 134000000,
    "incomeBeforeTaxRatio": 0.0617511521,
    "incomeTaxExpense": 4000000,
    "netIncome": 128000000,
    "netIncomeRatio": 0.0589861751,
    "eps": 0.88,
    "epsdiluted": 0.87,
    "weightedAverageShsOut": 146500000,
    "weightedAverageShsOutDil": 147500000,
    "link": "https://www.sec.gov/Archives/edgar/data/915389/000091538917000014/0000915389-17-000014-index.htm",
    "finalLink": "https://www.sec.gov/Archives/edgar/data/915389/000091538917000014/emn2016123110k.htm"
  },
  {
    "date": "2016-09-30",
    "symbol": "EMN",
    "reportedCurrency": "USD",
    "cik": "0000915389",
    "fillingDate": "2016-11-04",
    "acceptedDate": "2016-11-04 11:23:33",
    "calendarYear": "2016",
    "period": "Q3",
    "revenue": 2272000000,
    "costOfRevenue": 1620000000,
    "grossProfit": 652000000,
    "grossProfitRatio": 0.286971831,
    "researchAndDevelopmentExpenses": 54000000,
    "generalAndAdministrativeExpenses": 0,
    "sellingAndMarketingExpenses": 0,
    "sellingGeneralAndAdministrativeExpenses": 181000000,
    "otherExpenses": 0,
    "operatingExpenses": 235000000,
    "costAndExpenses": 1855000000,
    "interestIncome": 7000000,
    "interestExpense": 71000000,
    "depreciationAndAmortization": 145000000,
    "ebitda": 507000000,
    "ebitdaratio": 0.2231514085,
    "operatingIncome": 417000000,
    "operatingIncomeRatio": 0.1835387324,
    "totalOtherIncomeExpensesNet": -128000000,
    "incomeBeforeTax": 289000000,
    "incomeBeforeTaxRatio": 0.1272007042,
    "incomeTaxExpense": 56000000,
    "netIncome": 232000000,
    "netIncomeRatio": 0.1021126761,
    "eps": 1.57,
    "epsdiluted": 1.56,
    "weightedAverageShsOut": 147200000,
    "weightedAverageShsOutDil": 148200000,
    "link": "https://www.sec.gov/Archives/edgar/data/915389/000091538916000158/0000915389-16-000158-index.htm",
    "finalLink": "https://www.sec.gov/Archives/edgar/data/915389/000091538916000158/emn2016093010q.htm"
  },
  {
    "date": "2016-06-30",
    "symbol": "EMN",
    "reportedCurrency": "USD",
    "cik": "0000915389",
    "fillingDate": "2016-08-03",
    "acceptedDate": "2016-08-03 13:48:48",
    "calendarYear": "2016",
    "period": "Q2",
    "revenue": 2297000000,
    "costOfRevenue": 1692000000,
    "grossProfit": 605000000,
    "grossProfitRatio": 0.2633870266,
    "researchAndDevelopmentExpenses": 55000000,
    "generalAndAdministrativeExpenses": 0,
    "sellingAndMarketingExpenses": 0,
    "sellingGeneralAndAdministrativeExpenses": 174000000,
    "otherExpenses": 0,
    "operatingExpenses": 229000000,
    "costAndExpenses": 1921000000,
    "interestIncome": 8000000,
    "interestExpense": 71000000,
    "depreciationAndAmortization": 144000000,
    "ebitda": 539000000,
    "ebitdaratio": 0.2346538964,
    "operatingIncome": 376000000,
    "operatingIncomeRatio": 0.1636917719,
    "totalOtherIncomeExpensesNet": -52000000,
    "incomeBeforeTax": 324000000,
    "incomeBeforeTaxRatio": 0.1410535481,
    "incomeTaxExpense": 67000000,
    "netIncome": 255000000,
    "netIncomeRatio": 0.1110143666,
    "eps": 1.73,
    "epsdiluted": 1.71,
    "weightedAverageShsOut": 147800000,
    "weightedAverageShsOutDil": 148900000,
    "link": "https://www.sec.gov/Archives/edgar/data/915389/000091538916000147/0000915389-16-000147-index.htm",
    "finalLink": "https://www.sec.gov/Archives/edgar/data/915389/000091538916000147/emn2016063010q.htm"
  },
  {
    "date": "2016-03-31",
    "symbol": "EMN",
    "reportedCurrency": "USD",
    "cik": "0000915389",
    "fillingDate": "2016-05-05",
    "acceptedDate": "2016-05-05 14:10:47",
    "calendarYear": "2016",
    "period": "Q1",
    "revenue": 2236000000,
    "costOfRevenue": 1602000000,
    "grossProfit": 634000000,
    "grossProfitRatio": 0.2835420394,
    "researchAndDevelopmentExpenses": 54000000,
    "generalAndAdministrativeExpenses": 0,
    "sellingAndMarketingExpenses": 0,
    "sellingGeneralAndAdministrativeExpenses": 183000000,
    "otherExpenses": -2000000,
    "operatingExpenses": 235000000,
    "costAndExpenses": 1837000000,
    "interestIncome": 6000000,
    "interestExpense": 70000000,
    "depreciationAndAmortization": 147000000,
    "ebitda": 540000000,
    "ebitdaratio": 0.2415026834,
    "operatingIncome": 399000000,
    "operatingIncomeRatio": 0.1784436494,
    "totalOtherIncomeExpensesNet": -76000000,
    "incomeBeforeTax": 323000000,
    "incomeBeforeTaxRatio": 0.1444543828,
    "incomeTaxExpense": 72000000,
    "netIncome": 251000000,
    "netIncomeRatio": 0.112254025,
    "eps": 1.7,
    "epsdiluted": 1.69,
    "weightedAverageShsOut": 147800000,
    "weightedAverageShsOutDil": 148800000,
    "link": "https://www.sec.gov/Archives/edgar/data/915389/000091538916000120/0000915389-16-000120-index.htm",
    "finalLink": "https://www.sec.gov/Archives/edgar/data/915389/000091538916000120/emn2016033110q.htm"
  },
  {
    "date": "2015-12-31",
    "symbol": "EMN",
    "reportedCurrency": "USD",
    "cik": "0000915389",
    "fillingDate": "2016-02-25",
    "acceptedDate": "2016-02-25 14:04:50",
    "calendarYear": "2015",
    "period": "Q4",
    "revenue": 2225000000,
    "costOfRevenue": 1716000000,
    "grossProfit": 509000000,
    "grossProfitRatio": 0.2287640449,
    "researchAndDevelopmentExpenses": 74000000,
    "generalAndAdministrativeExpenses": 0,
    "sellingAndMarketingExpenses": 0,
    "sellingGeneralAndAdministrativeExpenses": 210000000,
    "otherExpenses": 53000000,
    "operatingExpenses": 337000000,
    "costAndExpenses": 2053000000,
    "interestIncome": 4000000,
    "interestExpense": 69000000,
    "depreciationAndAmortization": 142000000,
    "ebitda": 328000000,
    "ebitdaratio": 0.1474157303,
    "operatingIncome": 172000000,
    "operatingIncomeRatio": 0.0773033708,
    "totalOtherIncomeExpensesNet": -55000000,
    "incomeBeforeTax": 117000000,
    "incomeBeforeTaxRatio": 0.0525842697,
    "incomeTaxExpense": -8000000,
    "netIncome": 124000000,
    "netIncomeRatio": 0.0557303371,
    "eps": 0.83,
    "epsdiluted": 0.83,
    "weightedAverageShsOut": 148400000,
    "weightedAverageShsOutDil": 149500000,
    "link": "https://www.sec.gov/Archives/edgar/data/915389/000091538916000095/0000915389-16-000095-index.htm",
    "finalLink": "https://www.sec.gov/Archives/edgar/data/915389/000091538916000095/emn2015123110k.htm"
  },
  {
    "date": "2015-09-30",
    "symbol": "EMN",
    "reportedCurrency": "USD",
    "cik": "0000915389",
    "fillingDate": "2015-11-03",
    "acceptedDate": "2015-11-03 12:09:18",
    "calendarYear": "2015",
    "period": "Q3",
    "revenue": 2447000000,
    "costOfRevenue": 1752000000,
    "grossProfit": 695000000,
    "grossProfitRatio": 0.2840212505,
    "researchAndDevelopmentExpenses": 64000000,
    "generalAndAdministrativeExpenses": 0,
    "sellingAndMarketingExpenses": 0,
    "sellingGeneralAndAdministrativeExpenses": 183000000,
    "otherExpenses": 17000000,
    "operatingExpenses": 263000000,
    "costAndExpenses": 2015000000,
    "interestIncome": 4000000,
    "interestExpense": 70000000,
    "depreciationAndAmortization": 142000000,
    "ebitda": 565000000,
    "ebitdaratio": 0.2308949734,
    "operatingIncome": 432000000,
    "operatingIncomeRatio": 0.1765427054,
    "totalOtherIncomeExpensesNet": -79000000,
    "incomeBeforeTax": 353000000,
    "incomeBeforeTaxRatio": 0.1442582754,
    "incomeTaxExpense": 95000000,
    "netIncome": 256000000,
    "netIncomeRatio": 0.1046178995,
    "eps": 1.73,
    "epsdiluted": 1.71,
    "weightedAverageShsOut": 148600000,
    "weightedAverageShsOutDil": 149800000,
    "link": "https://www.sec.gov/Archives/edgar/data/915389/000091538915000074/0000915389-15-000074-index.htm",
    "finalLink": "https://www.sec.gov/Archives/edgar/data/915389/000091538915000074/emn2015093010q.htm"
  },
  {
    "date": "2015-06-30",
    "symbol": "EMN",
    "reportedCurrency": "USD",
    "cik": "0000915389",
    "fillingDate": "2015-07-30",
    "acceptedDate": "2015-07-30 15:06:12",
    "calendarYear": "2015",
    "period": "Q2",
    "revenue": 2533000000,
    "costOfRevenue": 1813000000,
    "grossProfit": 720000000,
    "grossProfitRatio": 0.2842479274,
    "researchAndDevelopmentExpenses": 57000000,
    "generalAndAdministrativeExpenses": 0,
    "sellingAndMarketingExpenses": 0,
    "sellingGeneralAndAdministrativeExpenses": 194000000,
    "otherExpenses": 0,
    "operatingExpenses": 251000000,
    "costAndExpenses": 2064000000,
    "interestIncome": 4000000,
    "interestExpense": 70000000,
    "depreciationAndAmortization": 142000000,
    "ebitda": 615000000,
    "ebitdaratio": 0.2427951046,
    "operatingIncome": 469000000,
    "operatingIncomeRatio": 0.1851559416,
    "totalOtherIncomeExpensesNet": -66000000,
    "incomeBeforeTax": 403000000,
    "incomeBeforeTaxRatio": 0.1590998816,
    "incomeTaxExpense": 104000000,
    "netIncome": 297000000,
    "netIncomeRatio": 0.11725227,
    "eps": 2,
    "epsdiluted": 1.98,
    "weightedAverageShsOut": 148600000,
    "weightedAverageShsOutDil": 149800000,
    "link": "https://www.sec.gov/Archives/edgar/data/915389/000091538915000059/0000915389-15-000059-index.htm",
    "finalLink": "https://www.sec.gov/Archives/edgar/data/915389/000091538915000059/emn2015063010q.htm"
  },
  {
    "date": "2015-03-31",
    "symbol": "EMN",
    "reportedCurrency": "USD",
    "cik": "0000915389",
    "fillingDate": "2015-05-05",
    "acceptedDate": "2015-05-05 15:21:31",
    "calendarYear": "2015",
    "period": "Q1",
    "revenue": 2443000000,
    "costOfRevenue": 1787000000,
    "grossProfit": 656000000,
    "grossProfitRatio": 0.2685223086,
    "researchAndDevelopmentExpenses": 56000000,
    "generalAndAdministrativeExpenses": 0,
    "sellingAndMarketingExpenses": 0,
    "sellingGeneralAndAdministrativeExpenses": 180000000,
    "otherExpenses": 109000000,
    "operatingExpenses": 345000000,
    "costAndExpenses": 2132000000,
    "interestIncome": 4000000,
    "interestExpense": 70000000,
    "depreciationAndAmortization": 145000000,
    "ebitda": 471000000,
    "ebitdaratio": 0.1927957429,
    "operatingIncome": 311000000,
    "operatingIncomeRatio": 0.1273024969,
    "totalOtherIncomeExpensesNet": -55000000,
    "incomeBeforeTax": 256000000,
    "incomeBeforeTaxRatio": 0.1047891936,
    "incomeTaxExpense": 84000000,
    "netIncome": 171000000,
    "netIncomeRatio": 0.0699959067,
    "eps": 1.15,
    "epsdiluted": 1.14,
    "weightedAverageShsOut": 148700000,
    "weightedAverageShsOutDil": 149700000,
    "link": "https://www.sec.gov/Archives/edgar/data/915389/000091538915000031/0000915389-15-000031-index.htm",
    "finalLink": "https://www.sec.gov/Archives/edgar/data/915389/000091538915000031/emn2015033110qq1.htm"
  },
  {
    "date": "2014-12-31",
    "symbol": "EMN",
    "reportedCurrency": "USD",
    "cik": "0000915389",
    "fillingDate": "2015-02-27",
    "acceptedDate": "2015-02-27 11:58:08",
    "calendarYear": "2014",
    "period": "Q4",
    "revenue": 2349000000,
    "costOfRevenue": 2016000000,
    "grossProfit": 333000000,
    "grossProfitRatio": 0.1417624521,
    "researchAndDevelopmentExpenses": 62000000,
    "generalAndAdministrativeExpenses": 0,
    "sellingAndMarketingExpenses": 0,
    "sellingGeneralAndAdministrativeExpenses": 244000000,
    "otherExpenses": 0,
    "operatingExpenses": 306000000,
    "costAndExpenses": 2322000000,
    "interestIncome": 5000000,
    "interestExpense": 60000000,
    "depreciationAndAmortization": 122000000,
    "ebitda": 153000000,
    "ebitdaratio": 0.0651340996,
    "operatingIncome": 27000000,
    "operatingIncomeRatio": 0.0114942529,
    "totalOtherIncomeExpensesNet": -56000000,
    "incomeBeforeTax": -29000000,
    "incomeBeforeTaxRatio": -0.012345679,
    "incomeTaxExpense": -46000000,
    "netIncome": 16000000,
    "netIncomeRatio": 0.0068114091,
    "eps": 0.11,
    "epsdiluted": 0.11,
    "weightedAverageShsOut": 148500000,
    "weightedAverageShsOutDil": 150000000,
    "link": "https://www.sec.gov/Archives/edgar/data/915389/000091538915000021/0000915389-15-000021-index.htm",
    "finalLink": "https://www.sec.gov/Archives/edgar/data/915389/000091538915000021/emn2014123110k.htm"
  },
  {
    "date": "2014-09-30",
    "symbol": "EMN",
    "reportedCurrency": "USD",
    "cik": "0000915389",
    "fillingDate": "2014-11-04",
    "acceptedDate": "2014-11-04 16:04:55",
    "calendarYear": "2014",
    "period": "Q3",
    "revenue": 2413000000,
    "costOfRevenue": 1777000000,
    "grossProfit": 636000000,
    "grossProfitRatio": 0.2635723166,
    "researchAndDevelopmentExpenses": 56000000,
    "generalAndAdministrativeExpenses": 0,
    "sellingAndMarketingExpenses": 0,
    "sellingGeneralAndAdministrativeExpenses": 171000000,
    "otherExpenses": 71000000,
    "operatingExpenses": 298000000,
    "costAndExpenses": 2075000000,
    "interestIncome": 5000000,
    "interestExpense": 50000000,
    "depreciationAndAmortization": 111000000,
    "ebitda": 459000000,
    "ebitdaratio": 0.1902196436,
    "operatingIncome": 338000000,
    "operatingIncomeRatio": 0.1400745959,
    "totalOtherIncomeExpensesNet": -40000000,
    "incomeBeforeTax": 298000000,
    "incomeBeforeTaxRatio": 0.1234977207,
    "incomeTaxExpense": 86000000,
    "netIncome": 210000000,
    "netIncomeRatio": 0.0870285951,
    "eps": 1.41,
    "epsdiluted": 1.39,
    "weightedAverageShsOut": 148700000,
    "weightedAverageShsOutDil": 150300000,
    "link": "https://www.sec.gov/Archives/edgar/data/915389/000091538914000070/0000915389-14-000070-index.htm",
    "finalLink": "https://www.sec.gov/Archives/edgar/data/915389/000091538914000070/emn2014093010q.htm"
  },
  {
    "date": "2014-06-30",
    "symbol": "EMN",
    "reportedCurrency": "USD",
    "cik": "0000915389",
    "fillingDate": "2014-07-30",
    "acceptedDate": "2014-07-30 17:11:48",
    "calendarYear": "2014",
    "period": "Q2",
    "revenue": 2460000000,
    "costOfRevenue": 1803000000,
    "grossProfit": 657000000,
    "grossProfitRatio": 0.2670731707,
    "researchAndDevelopmentExpenses": 56000000,
    "generalAndAdministrativeExpenses": 0,
    "sellingAndMarketingExpenses": 0,
    "sellingGeneralAndAdministrativeExpenses": 172000000,
    "otherExpenses": -7000000,
    "operatingExpenses": 221000000,
    "costAndExpenses": 2024000000,
    "interestIncome": 3000000,
    "interestExpense": 48000000,
    "depreciationAndAmortization": 110000000,
    "ebitda": 557000000,
    "ebitdaratio": 0.2264227642,
    "operatingIncome": 436000000,
    "operatingIncomeRatio": 0.1772357724,
    "totalOtherIncomeExpensesNet": -37000000,
    "incomeBeforeTax": 399000000,
    "incomeBeforeTaxRatio": 0.162195122,
    "incomeTaxExpense": 107000000,
    "netIncome": 292000000,
    "netIncomeRatio": 0.118699187,
    "eps": 1.96,
    "epsdiluted": 1.93,
    "weightedAverageShsOut": 149500000,
    "weightedAverageShsOutDil": 151300000,
    "link": "https://www.sec.gov/Archives/edgar/data/915389/000091538914000057/0000915389-14-000057-index.htm",
    "finalLink": "https://www.sec.gov/Archives/edgar/data/915389/000091538914000057/emn2014063010q.htm"
  },
  {
    "date": "2014-03-31",
    "symbol": "EMN",
    "reportedCurrency": "USD",
    "cik": "0000915389",
    "fillingDate": "2014-04-29",
    "acceptedDate": "2014-04-29 16:04:48",
    "calendarYear": "2014",
    "period": "Q1",
    "revenue": 2305000000,
    "costOfRevenue": 1710000000,
    "grossProfit": 595000000,
    "grossProfitRatio": 0.2581344902,
    "researchAndDevelopmentExpenses": 53000000,
    "generalAndAdministrativeExpenses": 0,
    "sellingAndMarketingExpenses": 0,
    "sellingGeneralAndAdministrativeExpenses": 168000000,
    "otherExpenses": 13000000,
    "operatingExpenses": 234000000,
    "costAndExpenses": 1944000000,
    "interestIncome": 3000000,
    "interestExpense": 45000000,
    "depreciationAndAmortization": 107000000,
    "ebitda": 474000000,
    "ebitdaratio": 0.2056399132,
    "operatingIncome": 361000000,
    "operatingIncomeRatio": 0.1566160521,
    "totalOtherIncomeExpensesNet": -39000000,
    "incomeBeforeTax": 322000000,
    "incomeBeforeTaxRatio": 0.1396963124,
    "incomeTaxExpense": 88000000,
    "netIncome": 233000000,
    "netIncomeRatio": 0.1010845987,
    "eps": 1.54,
    "epsdiluted": 1.52,
    "weightedAverageShsOut": 151400000,
    "weightedAverageShsOutDil": 153000000,
    "link": "https://www.sec.gov/Archives/edgar/data/915389/000091538914000031/0000915389-14-000031-index.htm",
    "finalLink": "https://www.sec.gov/Archives/edgar/data/915389/000091538914000031/emn2014033110q.htm"
  },
  {
    "date": "2013-12-31",
    "symbol": "EMN",
    "reportedCurrency": "USD",
    "cik": "0000915389",
    "fillingDate": "2014-02-28",
    "acceptedDate": "2014-02-28 16:45:42",
    "calendarYear": "2013",
    "period": "Q4",
    "revenue": 2265000000,
    "costOfRevenue": 1471000000,
    "grossProfit": 794000000,
    "grossProfitRatio": 0.3505518764,
    "researchAndDevelopmentExpenses": 45000000,
    "generalAndAdministrativeExpenses": 0,
    "sellingAndMarketingExpenses": 0,
    "sellingGeneralAndAdministrativeExpenses": 135000000,
    "otherExpenses": 52000000,
    "operatingExpenses": 232000000,
    "costAndExpenses": 1703000000,
    "interestIncome": 2000000,
    "interestExpense": 45000000,
    "depreciationAndAmortization": 107000000,
    "ebitda": 670000000,
    "ebitdaratio": 0.2958057395,
    "operatingIncome": 562000000,
    "operatingIncomeRatio": 0.2481236203,
    "totalOtherIncomeExpensesNet": -44000000,
    "incomeBeforeTax": 518000000,
    "incomeBeforeTaxRatio": 0.2286975717,
    "incomeTaxExpense": 169000000,
    "netIncome": 346000000,
    "netIncomeRatio": 0.1527593819,
    "eps": 2.26,
    "epsdiluted": 2.22,
    "weightedAverageShsOut": 153200000,
    "weightedAverageShsOutDil": 155600000,
    "link": "https://www.sec.gov/Archives/edgar/data/915389/000091538914000013/0000915389-14-000013-index.htm",
    "finalLink": "https://www.sec.gov/Archives/edgar/data/915389/000091538914000013/emn-12312013x10k.htm"
  },
  {
    "date": "2013-09-30",
    "symbol": "EMN",
    "reportedCurrency": "USD",
    "cik": "0000915389",
    "fillingDate": "2013-10-28",
    "acceptedDate": "2013-10-28 17:06:27",
    "calendarYear": "2013",
    "period": "Q3",
    "revenue": 2338000000,
    "costOfRevenue": 1649000000,
    "grossProfit": 689000000,
    "grossProfitRatio": 0.2946963216,
    "researchAndDevelopmentExpenses": 48000000,
    "generalAndAdministrativeExpenses": 0,
    "sellingAndMarketingExpenses": 0,
    "sellingGeneralAndAdministrativeExpenses": 159000000,
    "otherExpenses": 3000000,
    "operatingExpenses": 210000000,
    "costAndExpenses": 1859000000,
    "interestIncome": 2000000,
    "interestExpense": 46000000,
    "depreciationAndAmortization": 108000000,
    "ebitda": 588000000,
    "ebitdaratio": 0.251497006,
    "operatingIncome": 479000000,
    "operatingIncomeRatio": 0.2048759624,
    "totalOtherIncomeExpensesNet": -45000000,
    "incomeBeforeTax": 434000000,
    "incomeBeforeTaxRatio": 0.1856287425,
    "incomeTaxExpense": 125000000,
    "netIncome": 308000000,
    "netIncomeRatio": 0.1317365269,
    "eps": 2,
    "epsdiluted": 1.97,
    "weightedAverageShsOut": 154000000,
    "weightedAverageShsOutDil": 156400000,
    "link": "https://www.sec.gov/Archives/edgar/data/915389/000091538913000064/0000915389-13-000064-index.htm",
    "finalLink": "https://www.sec.gov/Archives/edgar/data/915389/000091538913000064/emn2013093010q.htm"
  },
  {
    "date": "2013-06-30",
    "symbol": "EMN",
    "reportedCurrency": "USD",
    "cik": "0000915389",
    "fillingDate": "2013-08-05",
    "acceptedDate": "2013-08-05 15:23:27",
    "calendarYear": "2013",
    "period": "Q2",
    "revenue": 2440000000,
    "costOfRevenue": 1763000000,
    "grossProfit": 677000000,
    "grossProfitRatio": 0.2774590164,
    "researchAndDevelopmentExpenses": 51000000,
    "generalAndAdministrativeExpenses": 0,
    "sellingAndMarketingExpenses": 0,
    "sellingGeneralAndAdministrativeExpenses": 180000000,
    "otherExpenses": 18000000,
    "operatingExpenses": 249000000,
    "costAndExpenses": 2012000000,
    "interestIncome": 1000000,
    "interestExpense": 47000000,
    "depreciationAndAmortization": 108000000,
    "ebitda": 537000000,
    "ebitdaratio": 0.2200819672,
    "operatingIncome": 428000000,
    "operatingIncomeRatio": 0.1754098361,
    "totalOtherIncomeExpensesNet": -46000000,
    "incomeBeforeTax": 382000000,
    "incomeBeforeTaxRatio": 0.156557377,
    "incomeTaxExpense": 116000000,
    "netIncome": 264000000,
    "netIncomeRatio": 0.1081967213,
    "eps": 1.71,
    "epsdiluted": 1.69,
    "weightedAverageShsOut": 154400000,
    "weightedAverageShsOutDil": 156700000,
    "link": "https://www.sec.gov/Archives/edgar/data/915389/000091538913000043/0000915389-13-000043-index.htm",
    "finalLink": "https://www.sec.gov/Archives/edgar/data/915389/000091538913000043/emn2013063010q.htm"
  },
  {
    "date": "2013-03-31",
    "symbol": "EMN",
    "reportedCurrency": "USD",
    "cik": "0000915389",
    "fillingDate": "2013-04-30",
    "acceptedDate": "2013-04-30 15:28:28",
    "calendarYear": "2013",
    "period": "Q1",
    "revenue": 2307000000,
    "costOfRevenue": 1691000000,
    "grossProfit": 616000000,
    "grossProfitRatio": 0.2670134374,
    "researchAndDevelopmentExpenses": 49000000,
    "generalAndAdministrativeExpenses": 0,
    "sellingAndMarketingExpenses": 0,
    "sellingGeneralAndAdministrativeExpenses": 171000000,
    "otherExpenses": 3000000,
    "operatingExpenses": 223000000,
    "costAndExpenses": 1914000000,
    "interestIncome": 1000000,
    "interestExpense": 48000000,
    "depreciationAndAmortization": 110000000,
    "ebitda": 503000000,
    "ebitdaratio": 0.2180320763,
    "operatingIncome": 393000000,
    "operatingIncomeRatio": 0.1703511053,
    "totalOtherIncomeExpensesNet": -48000000,
    "incomeBeforeTax": 345000000,
    "incomeBeforeTaxRatio": 0.1495448635,
    "incomeTaxExpense": 97000000,
    "netIncome": 247000000,
    "netIncomeRatio": 0.107065453,
    "eps": 1.6,
    "epsdiluted": 1.57,
    "weightedAverageShsOut": 154400000,
    "weightedAverageShsOutDil": 156700000,
    "link": "https://www.sec.gov/Archives/edgar/data/915389/000091538913000021/0000915389-13-000021-index.htm",
    "finalLink": "https://www.sec.gov/Archives/edgar/data/915389/000091538913000021/emn2013033110q.htm"
  },
  {
    "date": "2012-12-31",
    "symbol": "EMN",
    "reportedCurrency": "USD",
    "cik": "0000915389",
    "fillingDate": "2013-02-28",
    "acceptedDate": "2013-02-28 16:46:34",
    "calendarYear": "2012",
    "period": "Q4",
    "revenue": 2169000000,
    "costOfRevenue": 1844000000,
    "grossProfit": 325000000,
    "grossProfitRatio": 0.1498386353,
    "researchAndDevelopmentExpenses": 62000000,
    "generalAndAdministrativeExpenses": 0,
    "sellingAndMarketingExpenses": 0,
    "sellingGeneralAndAdministrativeExpenses": 224000000,
    "otherExpenses": 83000000,
    "operatingExpenses": 369000000,
    "costAndExpenses": 2213000000,
    "interestIncome": 0,
    "interestExpense": 48000000,
    "depreciationAndAmortization": 108000000,
    "ebitda": 75000000,
    "ebitdaratio": 0.0345781466,
    "operatingIncome": -44000000,
    "operatingIncomeRatio": -0.020285846,
    "totalOtherIncomeExpensesNet": -42000000,
    "incomeBeforeTax": -86000000,
    "incomeBeforeTaxRatio": -0.0396496081,
    "incomeTaxExpense": -34000000,
    "netIncome": -54000000,
    "netIncomeRatio": -0.0248962656,
    "eps": -0.36,
    "epsdiluted": -0.35,
    "weightedAverageShsOut": 151543215,
    "weightedAverageShsOutDil": 153600000,
    "link": "https://www.sec.gov/Archives/edgar/data/915389/000091538913000010/0000915389-13-000010-index.htm",
    "finalLink": "https://www.sec.gov/Archives/edgar/data/915389/000091538913000010/emn-12312012x10k.htm"
  },
  {
    "date": "2012-09-30",
    "symbol": "EMN",
    "reportedCurrency": "USD",
    "cik": "0000915389",
    "fillingDate": "2012-10-31",
    "acceptedDate": "2012-10-31 16:42:47",
    "calendarYear": "2012",
    "period": "Q3",
    "revenue": 2259000000,
    "costOfRevenue": 1734000000,
    "grossProfit": 525000000,
    "grossProfitRatio": 0.2324037185,
    "researchAndDevelopmentExpenses": 52000000,
    "generalAndAdministrativeExpenses": 0,
    "sellingAndMarketingExpenses": 0,
    "sellingGeneralAndAdministrativeExpenses": 173000000,
    "otherExpenses": 37000000,
    "operatingExpenses": 262000000,
    "costAndExpenses": 1996000000,
    "interestIncome": 2000000,
    "interestExpense": 50000000,
    "depreciationAndAmortization": 112000000,
    "ebitda": 383000000,
    "ebitdaratio": 0.169544046,
    "operatingIncome": 263000000,
    "operatingIncomeRatio": 0.1164231961,
    "totalOtherIncomeExpensesNet": -45000000,
    "incomeBeforeTax": 218000000,
    "incomeBeforeTaxRatio": 0.0965028774,
    "incomeTaxExpense": 64000000,
    "netIncome": 154000000,
    "netIncomeRatio": 0.0681717574,
    "eps": 1.01,
    "epsdiluted": 0.99,
    "weightedAverageShsOut": 152900000,
    "weightedAverageShsOutDil": 156400000,
    "link": "https://www.sec.gov/Archives/edgar/data/915389/000091538912000107/0000915389-12-000107-index.htm",
    "finalLink": "https://www.sec.gov/Archives/edgar/data/915389/000091538912000107/emn2012093010q.htm"
  },
  {
    "date": "2012-06-30",
    "symbol": "EMN",
    "reportedCurrency": "USD",
    "cik": "0000915389",
    "fillingDate": "2012-08-02",
    "acceptedDate": "2012-08-02 15:28:59",
    "calendarYear": "2012",
    "period": "Q2",
    "revenue": 1853000000,
    "costOfRevenue": 1372000000,
    "grossProfit": 481000000,
    "grossProfitRatio": 0.259579061,
    "researchAndDevelopmentExpenses": 43000000,
    "generalAndAdministrativeExpenses": 0,
    "sellingAndMarketingExpenses": 0,
    "sellingGeneralAndAdministrativeExpenses": 121000000,
    "otherExpenses": 0,
    "operatingExpenses": 164000000,
    "costAndExpenses": 1536000000,
    "interestIncome": 1000000,
    "interestExpense": 29000000,
    "depreciationAndAmortization": 71000000,
    "ebitda": 369000000,
    "ebitdaratio": 0.1991365353,
    "operatingIncome": 298000000,
    "operatingIncomeRatio": 0.1608202914,
    "totalOtherIncomeExpensesNet": -48000000,
    "incomeBeforeTax": 268000000,
    "incomeBeforeTaxRatio": 0.1446303292,
    "incomeTaxExpense": 91000000,
    "netIncome": 179000000,
    "netIncomeRatio": 0.0966001079,
    "eps": 1.3,
    "epsdiluted": 1.27,
    "weightedAverageShsOut": 138100000,
    "weightedAverageShsOutDil": 141200000,
    "link": "https://www.sec.gov/Archives/edgar/data/915389/000091538912000089/0000915389-12-000089-index.htm",
    "finalLink": "https://www.sec.gov/Archives/edgar/data/915389/000091538912000089/form10qsecondqtr_2012.htm"
  },
  {
    "date": "2012-03-31",
    "symbol": "EMN",
    "reportedCurrency": "USD",
    "cik": "0000915389",
    "fillingDate": "2012-05-10",
    "acceptedDate": "2012-05-10 11:38:54",
    "calendarYear": "2012",
    "period": "Q1",
    "revenue": 1821000000,
    "costOfRevenue": 1390000000,
    "grossProfit": 431000000,
    "grossProfitRatio": 0.2366831411,
    "researchAndDevelopmentExpenses": 41000000,
    "generalAndAdministrativeExpenses": 0,
    "sellingAndMarketingExpenses": 0,
    "sellingGeneralAndAdministrativeExpenses": 126000000,
    "otherExpenses": 0,
    "operatingExpenses": 167000000,
    "costAndExpenses": 1557000000,
    "interestIncome": 2000000,
    "interestExpense": 21000000,
    "depreciationAndAmortization": 69000000,
    "ebitda": 335000000,
    "ebitdaratio": 0.1839648545,
    "operatingIncome": 245000000,
    "operatingIncomeRatio": 0.1345414607,
    "totalOtherIncomeExpensesNet": -20000000,
    "incomeBeforeTax": 244000000,
    "incomeBeforeTaxRatio": 0.1339923119,
    "incomeTaxExpense": 85000000,
    "netIncome": 158000000,
    "netIncomeRatio": 0.0867655135,
    "eps": 1.15,
    "epsdiluted": 1.12,
    "weightedAverageShsOut": 137300000,
    "weightedAverageShsOutDil": 140700000,
    "link": "https://www.sec.gov/Archives/edgar/data/915389/000091538912000058/0000915389-12-000058-index.htm",
    "finalLink": "https://www.sec.gov/Archives/edgar/data/915389/000091538912000058/form10qfirstqtr_2012.htm"
  },
  {
    "date": "2011-12-31",
    "symbol": "EMN",
    "reportedCurrency": "USD",
    "cik": "0000915389",
    "fillingDate": "2012-02-22",
    "acceptedDate": "2012-02-22 09:12:22",
    "calendarYear": "2011",
    "period": "Q4",
    "revenue": 1723000000,
    "costOfRevenue": 1399000000,
    "grossProfit": 324000000,
    "grossProfitRatio": 0.1880441091,
    "researchAndDevelopmentExpenses": 42000000,
    "generalAndAdministrativeExpenses": 0,
    "sellingAndMarketingExpenses": 0,
    "sellingGeneralAndAdministrativeExpenses": 119000000,
    "otherExpenses": 0,
    "operatingExpenses": 161000000,
    "costAndExpenses": 1560000000,
    "interestIncome": -5000000,
    "interestExpense": 14000000,
    "depreciationAndAmortization": 69000000,
    "ebitda": 232000000,
    "ebitdaratio": 0.1346488683,
    "operatingIncome": 163000000,
    "operatingIncomeRatio": 0.0946024376,
    "totalOtherIncomeExpensesNet": -14000000,
    "incomeBeforeTax": 149000000,
    "incomeBeforeTaxRatio": 0.0864770749,
    "incomeTaxExpense": 49000000,
    "netIncome": 100000000,
    "netIncomeRatio": 0.0580383053,
    "eps": 0.72,
    "epsdiluted": 0.72,
    "weightedAverageShsOut": 139100000,
    "weightedAverageShsOutDil": 139100000,
    "link": "https://www.sec.gov/Archives/edgar/data/915389/000091538912000031/0000915389-12-000031-index.htm",
    "finalLink": "https://www.sec.gov/Archives/edgar/data/915389/000091538912000031/emn2011form10_k.htm"
  },
  {
    "date": "2011-09-30",
    "symbol": "EMN",
    "reportedCurrency": "USD",
    "cik": "0000915389",
    "fillingDate": "2011-11-01",
    "acceptedDate": "2011-11-01 10:56:38",
    "calendarYear": "2011",
    "period": "Q3",
    "revenue": 1812000000,
    "costOfRevenue": 1379000000,
    "grossProfit": 433000000,
    "grossProfitRatio": 0.2389624724,
    "researchAndDevelopmentExpenses": 41000000,
    "generalAndAdministrativeExpenses": 0,
    "sellingAndMarketingExpenses": 0,
    "sellingGeneralAndAdministrativeExpenses": 114000000,
    "otherExpenses": 7000000,
    "operatingExpenses": 162000000,
    "costAndExpenses": 1541000000,
    "interestIncome": 1000000,
    "interestExpense": 21000000,
    "depreciationAndAmortization": 69000000,
    "ebitda": 344000000,
    "ebitdaratio": 0.1898454746,
    "operatingIncome": 256000000,
    "operatingIncomeRatio": 0.1412803532,
    "totalOtherIncomeExpensesNet": -18000000,
    "incomeBeforeTax": 238000000,
    "incomeBeforeTaxRatio": 0.1313465784,
    "incomeTaxExpense": 73000000,
    "netIncome": 165000000,
    "netIncomeRatio": 0.0910596026,
    "eps": 1.19,
    "epsdiluted": 1.16,
    "weightedAverageShsOut": 139100000,
    "weightedAverageShsOutDil": 142400000,
    "link": "https://www.sec.gov/Archives/edgar/data/915389/000091538911000086/0000915389-11-000086-index.htm",
    "finalLink": "https://www.sec.gov/Archives/edgar/data/915389/000091538911000086/emn2011q3_10q.htm"
  },
  {
    "date": "2011-06-30",
    "symbol": "EMN",
    "reportedCurrency": "USD",
    "cik": "0000915389",
    "fillingDate": "2011-08-02",
    "acceptedDate": "2011-08-02 17:29:48",
    "calendarYear": "2011",
    "period": "Q2",
    "revenue": 1885000000,
    "costOfRevenue": 1411000000,
    "grossProfit": 474000000,
    "grossProfitRatio": 0.2514588859,
    "researchAndDevelopmentExpenses": 39000000,
    "generalAndAdministrativeExpenses": 0,
    "sellingAndMarketingExpenses": 0,
    "sellingGeneralAndAdministrativeExpenses": 118000000,
    "otherExpenses": -19000000,
    "operatingExpenses": 141000000,
    "costAndExpenses": 1552000000,
    "interestIncome": 2000000,
    "interestExpense": 20000000,
    "depreciationAndAmortization": 67000000,
    "ebitda": 407000000,
    "ebitdaratio": 0.2159151194,
    "operatingIncome": 318000000,
    "operatingIncomeRatio": 0.1687002653,
    "totalOtherIncomeExpensesNet": -12000000,
    "incomeBeforeTax": 306000000,
    "incomeBeforeTaxRatio": 0.1623342175,
    "incomeTaxExpense": 96000000,
    "netIncome": 211000000,
    "netIncomeRatio": 0.1119363395,
    "eps": 1.49,
    "epsdiluted": 1.46,
    "weightedAverageShsOut": 141400000,
    "weightedAverageShsOutDil": 145000000,
    "link": "https://www.sec.gov/Archives/edgar/data/915389/000091538911000068/0000915389-11-000068-index.htm",
    "finalLink": "https://www.sec.gov/Archives/edgar/data/915389/000091538911000068/form10q_june2011.htm"
  },
  {
    "date": "2011-03-31",
    "symbol": "EMN",
    "reportedCurrency": "USD",
    "cik": "0000915389",
    "fillingDate": "2011-05-03",
    "acceptedDate": "2011-05-03 14:03:29",
    "calendarYear": "2011",
    "period": "Q1",
    "revenue": 1758000000,
    "costOfRevenue": 1300000000,
    "grossProfit": 458000000,
    "grossProfitRatio": 0.260523322,
    "researchAndDevelopmentExpenses": 36000000,
    "generalAndAdministrativeExpenses": 0,
    "sellingAndMarketingExpenses": 0,
    "sellingGeneralAndAdministrativeExpenses": 108000000,
    "otherExpenses": 0,
    "operatingExpenses": 144000000,
    "costAndExpenses": 1444000000,
    "interestIncome": 2000000,
    "interestExpense": 21000000,
    "depreciationAndAmortization": 68000000,
    "ebitda": 390000000,
    "ebitdaratio": 0.2218430034,
    "operatingIncome": 8000000,
    "operatingIncomeRatio": 0.0045506257,
    "totalOtherIncomeExpensesNet": 7000000,
    "incomeBeforeTax": 271000000,
    "incomeBeforeTaxRatio": 0.154152446,
    "incomeTaxExpense": 89000000,
    "netIncome": 220000000,
    "netIncomeRatio": 0.1251422071,
    "eps": 1.56,
    "epsdiluted": 1.52,
    "weightedAverageShsOut": 141400000,
    "weightedAverageShsOutDil": 144600000,
    "link": "https://www.sec.gov/Archives/edgar/data/915389/000091538911000042/0000915389-11-000042-index.htm",
    "finalLink": "https://www.sec.gov/Archives/edgar/data/915389/000091538911000042/emn2011q1_10q.htm"
  },
  {
    "date": "2010-12-31",
    "symbol": "EMN",
    "reportedCurrency": "USD",
    "cik": "0000915389",
    "fillingDate": "2011-02-23",
    "acceptedDate": "2011-02-23 08:53:11",
    "calendarYear": "2010",
    "period": "Q4",
    "revenue": 825000000,
    "costOfRevenue": 521000000,
    "grossProfit": 304000000,
    "grossProfitRatio": 0.3684848485,
    "researchAndDevelopmentExpenses": 37000000,
    "generalAndAdministrativeExpenses": 0,
    "sellingAndMarketingExpenses": 0,
    "sellingGeneralAndAdministrativeExpenses": 98000000,
    "otherExpenses": 26000000,
    "operatingExpenses": 161000000,
    "costAndExpenses": 682000000,
    "interestIncome": -4000000,
    "interestExpense": 24000000,
    "depreciationAndAmortization": 68000000,
    "ebitda": 95000000,
    "ebitdaratio": 0.1151515152,
    "operatingIncome": 143000000,
    "operatingIncomeRatio": 0.1733333333,
    "totalOtherIncomeExpensesNet": -140000000,
    "incomeBeforeTax": 3000000,
    "incomeBeforeTaxRatio": 0.0036363636,
    "incomeTaxExpense": -3000000,
    "netIncome": 19000000,
    "netIncomeRatio": 0.023030303,
    "eps": 0.13,
    "epsdiluted": 0.13,
    "weightedAverageShsOut": 143800000,
    "weightedAverageShsOutDil": 143800000,
    "link": "https://www.sec.gov/Archives/edgar/data/915389/000091538911000022/0000915389-11-000022-index.htm",
    "finalLink": "https://www.sec.gov/Archives/edgar/data/915389/000091538911000022/emn2010form10_k.htm"
  },
  {
    "date": "2010-09-30",
    "symbol": "EMN",
    "reportedCurrency": "USD",
    "cik": "0000915389",
    "fillingDate": "2010-11-01",
    "acceptedDate": "2010-11-01 16:49:34",
    "calendarYear": "2010",
    "period": "Q3",
    "revenue": 1507000000,
    "costOfRevenue": 1085000000,
    "grossProfit": 422000000,
    "grossProfitRatio": 0.2800265428,
    "researchAndDevelopmentExpenses": 43000000,
    "generalAndAdministrativeExpenses": 0,
    "sellingAndMarketingExpenses": 0,
    "sellingGeneralAndAdministrativeExpenses": 114000000,
    "otherExpenses": -9000000,
    "operatingExpenses": 156000000,
    "costAndExpenses": 2733000000,
    "interestIncome": 1000000,
    "interestExpense": 26000000,
    "depreciationAndAmortization": 73000000,
    "ebitda": 343000000,
    "ebitdaratio": 0.2276045123,
    "operatingIncome": 280000000,
    "operatingIncomeRatio": 0.1857996019,
    "totalOtherIncomeExpensesNet": -22000000,
    "incomeBeforeTax": 258000000,
    "incomeBeforeTaxRatio": 0.1712010617,
    "incomeTaxExpense": 88000000,
    "netIncome": 170000000,
    "netIncomeRatio": 0.1128069011,
    "eps": 1.19,
    "epsdiluted": 1.16,
    "weightedAverageShsOut": 143800000,
    "weightedAverageShsOutDil": 146600000,
    "link": "https://www.sec.gov/Archives/edgar/data/915389/000091538910000080/0000915389-10-000080-index.htm",
    "finalLink": "https://www.sec.gov/Archives/edgar/data/915389/000091538910000080/emn2010q3_10q.htm"
  },
  {
    "date": "2010-06-30",
    "symbol": "EMN",
    "reportedCurrency": "USD",
    "cik": "0000915389",
    "fillingDate": "2010-08-03",
    "acceptedDate": "2010-08-03 15:41:07",
    "calendarYear": "2010",
    "period": "Q2",
    "revenue": 1502000000,
    "costOfRevenue": 1118000000,
    "grossProfit": 384000000,
    "grossProfitRatio": 0.2556591212,
    "researchAndDevelopmentExpenses": 36000000,
    "generalAndAdministrativeExpenses": 0,
    "sellingAndMarketingExpenses": 0,
    "sellingGeneralAndAdministrativeExpenses": 102000000,
    "otherExpenses": -6000000,
    "operatingExpenses": 138000000,
    "costAndExpenses": 1894000000,
    "interestIncome": 2000000,
    "interestExpense": 27000000,
    "depreciationAndAmortization": 70000000,
    "ebitda": 311000000,
    "ebitdaratio": 0.207057257,
    "operatingIncome": 257000000,
    "operatingIncomeRatio": 0.1711051931,
    "totalOtherIncomeExpensesNet": -33000000,
    "incomeBeforeTax": 224000000,
    "incomeBeforeTaxRatio": 0.1491344874,
    "incomeTaxExpense": 76000000,
    "netIncome": 148000000,
    "netIncomeRatio": 0.0985352863,
    "eps": 1.02,
    "epsdiluted": 1.01,
    "weightedAverageShsOut": 144600000,
    "weightedAverageShsOutDil": 147000000,
    "link": "https://www.sec.gov/Archives/edgar/data/915389/000091538910000060/0000915389-10-000060-index.htm",
    "finalLink": "https://www.sec.gov/Archives/edgar/data/915389/000091538910000060/emn2010q2_10q.htm"
  },
  {
    "date": "2010-03-31",
    "symbol": "EMN",
    "reportedCurrency": "USD",
    "cik": "0000915389",
    "fillingDate": "2010-04-26",
    "acceptedDate": "2010-04-26 17:30:30",
    "calendarYear": "2010",
    "period": "Q1",
    "revenue": 1370000000,
    "costOfRevenue": 1053000000,
    "grossProfit": 317000000,
    "grossProfitRatio": 0.2313868613,
    "researchAndDevelopmentExpenses": 36000000,
    "generalAndAdministrativeExpenses": 0,
    "sellingAndMarketingExpenses": 0,
    "sellingGeneralAndAdministrativeExpenses": 95000000,
    "otherExpenses": -11000000,
    "operatingExpenses": 128000000,
    "costAndExpenses": 2625000000,
    "interestIncome": 0,
    "interestExpense": 26000000,
    "depreciationAndAmortization": 69000000,
    "ebitda": 252000000,
    "ebitdaratio": 0.1839416058,
    "operatingIncome": 182000000,
    "operatingIncomeRatio": 0.1328467153,
    "totalOtherIncomeExpensesNet": -31000000,
    "incomeBeforeTax": 151000000,
    "incomeBeforeTaxRatio": 0.1102189781,
    "incomeTaxExpense": 50000000,
    "netIncome": 101000000,
    "netIncomeRatio": 0.0737226277,
    "eps": 0.7,
    "epsdiluted": 0.69,
    "weightedAverageShsOut": 144400000,
    "weightedAverageShsOutDil": 146600000,
    "link": "https://www.sec.gov/Archives/edgar/data/915389/000091538910000038/0000915389-10-000038-index.htm",
    "finalLink": "https://www.sec.gov/Archives/edgar/data/915389/000091538910000038/emn2010q1_10q.htm"
  },
  {
    "date": "2009-12-31",
    "symbol": "EMN",
    "reportedCurrency": "USD",
    "cik": "0000915389",
    "fillingDate": "2010-02-24",
    "acceptedDate": "2010-02-24 14:15:01",
    "calendarYear": "2009",
    "period": "Q4",
    "revenue": 1328000000,
    "costOfRevenue": 1042000000,
    "grossProfit": 286000000,
    "grossProfitRatio": 0.2153614458,
    "researchAndDevelopmentExpenses": 36000000,
    "generalAndAdministrativeExpenses": 0,
    "sellingAndMarketingExpenses": 0,
    "sellingGeneralAndAdministrativeExpenses": 103000000,
    "otherExpenses": 177000000,
    "operatingExpenses": 316000000,
    "costAndExpenses": 1358000000,
    "interestIncome": 0,
    "interestExpense": 20000000,
    "depreciationAndAmortization": 71000000,
    "ebitda": 39000000,
    "ebitdaratio": 0.0293674699,
    "operatingIncome": -30000000,
    "operatingIncomeRatio": -0.0225903614,
    "totalOtherIncomeExpensesNet": -22000000,
    "incomeBeforeTax": -52000000,
    "incomeBeforeTaxRatio": -0.0391566265,
    "incomeTaxExpense": -20000000,
    "netIncome": -32000000,
    "netIncomeRatio": -0.0240963855,
    "eps": -0.22,
    "epsdiluted": -0.22,
    "weightedAverageShsOut": 143723404,
    "weightedAverageShsOutDil": 145200000,
    "link": "https://www.sec.gov/Archives/edgar/data/915389/000091538910000020/0000915389-10-000020-index.htm",
    "finalLink": "https://www.sec.gov/Archives/edgar/data/915389/000091538910000020/emn200910-k.htm"
  },
  {
    "date": "2009-09-30",
    "symbol": "EMN",
    "reportedCurrency": "USD",
    "cik": "0000915389",
    "fillingDate": "2009-10-23",
    "acceptedDate": "2009-10-23 16:52:48",
    "calendarYear": "2009",
    "period": "Q3",
    "revenue": 1337000000,
    "costOfRevenue": 1009000000,
    "grossProfit": 328000000,
    "grossProfitRatio": 0.2453253553,
    "researchAndDevelopmentExpenses": 33000000,
    "generalAndAdministrativeExpenses": 0,
    "sellingAndMarketingExpenses": 0,
    "sellingGeneralAndAdministrativeExpenses": 104000000,
    "otherExpenses": 0,
    "operatingExpenses": 137000000,
    "costAndExpenses": 1146000000,
    "interestIncome": 1000000,
    "interestExpense": 19000000,
    "depreciationAndAmortization": 69000000,
    "ebitda": 258000000,
    "ebitdaratio": 0.1929693343,
    "operatingIncome": 191000000,
    "operatingIncomeRatio": 0.1428571429,
    "totalOtherIncomeExpensesNet": -21000000,
    "incomeBeforeTax": 170000000,
    "incomeBeforeTaxRatio": 0.1271503366,
    "incomeTaxExpense": 69000000,
    "netIncome": 101000000,
    "netIncomeRatio": 0.0755422588,
    "eps": 0.7,
    "epsdiluted": 0.69,
    "weightedAverageShsOut": 145200000,
    "weightedAverageShsOutDil": 147000000,
    "link": "https://www.sec.gov/Archives/edgar/data/915389/000091538909000070/0000915389-09-000070-index.htm",
    "finalLink": "https://www.sec.gov/Archives/edgar/data/915389/000091538909000070/emn2009q3_10q.htm"
  },
  {
    "date": "2009-06-30",
    "symbol": "EMN",
    "reportedCurrency": "USD",
    "cik": "0000915389",
    "fillingDate": "2009-07-30",
    "acceptedDate": "2009-07-30 15:57:56",
    "calendarYear": "2009",
    "period": "Q2",
    "revenue": 1253000000,
    "costOfRevenue": 993000000,
    "grossProfit": 260000000,
    "grossProfitRatio": 0.2075019952,
    "researchAndDevelopmentExpenses": 34000000,
    "generalAndAdministrativeExpenses": 0,
    "sellingAndMarketingExpenses": 0,
    "sellingGeneralAndAdministrativeExpenses": 98000000,
    "otherExpenses": -3000000,
    "operatingExpenses": 129000000,
    "costAndExpenses": 1122000000,
    "interestIncome": 2000000,
    "interestExpense": 22000000,
    "depreciationAndAmortization": 67000000,
    "ebitda": 195000000,
    "ebitdaratio": 0.1556264964,
    "operatingIncome": 131000000,
    "operatingIncomeRatio": 0.1045490822,
    "totalOtherIncomeExpensesNet": -25000000,
    "incomeBeforeTax": 106000000,
    "incomeBeforeTaxRatio": 0.0845969673,
    "incomeTaxExpense": 41000000,
    "netIncome": 65000000,
    "netIncomeRatio": 0.0518754988,
    "eps": 0.45,
    "epsdiluted": 0.45,
    "weightedAverageShsOut": 145000000,
    "weightedAverageShsOutDil": 146200000,
    "link": "https://www.sec.gov/Archives/edgar/data/915389/000091538909000055/0000915389-09-000055-index.htm",
    "finalLink": "https://www.sec.gov/Archives/edgar/data/915389/000091538909000055/secondqtr2009_10q.htm"
  },
  {
    "date": "2009-03-31",
    "symbol": "EMN",
    "reportedCurrency": "USD",
    "cik": "0000915389",
    "fillingDate": "2009-04-29",
    "acceptedDate": "2009-04-29 08:44:55",
    "calendarYear": "2009",
    "period": "Q1",
    "revenue": 1129000000,
    "costOfRevenue": 950000000,
    "grossProfit": 179000000,
    "grossProfitRatio": 0.1585473871,
    "researchAndDevelopmentExpenses": 34000000,
    "generalAndAdministrativeExpenses": 0,
    "sellingAndMarketingExpenses": 0,
    "sellingGeneralAndAdministrativeExpenses": 94000000,
    "otherExpenses": 26000000,
    "operatingExpenses": 154000000,
    "costAndExpenses": 1104000000,
    "interestIncome": 0,
    "interestExpense": 19000000,
    "depreciationAndAmortization": 67000000,
    "ebitda": 88000000,
    "ebitdaratio": 0.0779450841,
    "operatingIncome": 25000000,
    "operatingIncomeRatio": 0.0221434898,
    "totalOtherIncomeExpensesNet": -23000000,
    "incomeBeforeTax": 2000000,
    "incomeBeforeTaxRatio": 0.0017714792,
    "incomeTaxExpense": 0,
    "netIncome": 2000000,
    "netIncomeRatio": 0.0017714792,
    "eps": 0.015,
    "epsdiluted": 0.015,
    "weightedAverageShsOut": 145000000,
    "weightedAverageShsOutDil": 145800000,
    "link": "https://www.sec.gov/Archives/edgar/data/915389/000091538909000029/0000915389-09-000029-index.htm",
    "finalLink": "https://www.sec.gov/Archives/edgar/data/915389/000091538909000029/emn2009q1_10q.htm"
  },
  {
    "date": "2008-12-31",
    "symbol": "EMN",
    "reportedCurrency": "USD",
    "cik": "0000915389",
    "fillingDate": "2009-02-25",
    "acceptedDate": "2009-02-25 14:55:07",
    "calendarYear": "2008",
    "period": "Q4",
    "revenue": 1346000000,
    "costOfRevenue": 1200000000,
    "grossProfit": 146000000,
    "grossProfitRatio": 0.1084695394,
    "researchAndDevelopmentExpenses": 38000000,
    "generalAndAdministrativeExpenses": 0,
    "sellingAndMarketingExpenses": 0,
    "sellingGeneralAndAdministrativeExpenses": 95000000,
    "otherExpenses": 8000000,
    "operatingExpenses": 141000000,
    "costAndExpenses": 1341000000,
    "interestIncome": 0,
    "interestExpense": 0,
    "depreciationAndAmortization": 68000000,
    "ebitda": 51000000,
    "ebitdaratio": 0.0378900446,
    "operatingIncome": 5000000,
    "operatingIncomeRatio": 0.0037147103,
    "totalOtherIncomeExpensesNet": -30000000,
    "incomeBeforeTax": -25000000,
    "incomeBeforeTaxRatio": -0.0185735513,
    "incomeTaxExpense": -23000000,
    "netIncome": -2000000,
    "netIncomeRatio": -0.0014858841,
    "eps": -0.0138,
    "epsdiluted": -0.0135,
    "weightedAverageShsOut": 145000000,
    "weightedAverageShsOutDil": 148148148,
    "link": "https://www.sec.gov/Archives/edgar/data/915389/000091538909000014/0000915389-09-000014-index.htm",
    "finalLink": "https://www.sec.gov/Archives/edgar/data/915389/000091538909000014/form10k2008.htm"
  },
  {
    "date": "2008-09-30",
    "symbol": "EMN",
    "reportedCurrency": "USD",
    "cik": "0000915389",
    "fillingDate": "2008-10-28",
    "acceptedDate": "2008-10-28 17:19:48",
    "calendarYear": "2008",
    "period": "Q3",
    "revenue": 1819000000,
    "costOfRevenue": 1497000000,
    "grossProfit": 322000000,
    "grossProfitRatio": 0.1770203408,
    "researchAndDevelopmentExpenses": 39000000,
    "generalAndAdministrativeExpenses": 0,
    "sellingAndMarketingExpenses": 0,
    "sellingGeneralAndAdministrativeExpenses": 107000000,
    "otherExpenses": 2000000,
    "operatingExpenses": 148000000,
    "costAndExpenses": 1645000000,
    "interestIncome": 0,
    "interestExpense": 19000000,
    "depreciationAndAmortization": 67000000,
    "ebitda": 234000000,
    "ebitdaratio": 0.1286421111,
    "operatingIncome": 174000000,
    "operatingIncomeRatio": 0.0956569544,
    "totalOtherIncomeExpensesNet": -26000000,
    "incomeBeforeTax": 148000000,
    "incomeBeforeTaxRatio": 0.0813633865,
    "incomeTaxExpense": 48000000,
    "netIncome": 100000000,
    "netIncomeRatio": 0.0549752611,
    "eps": 0.68,
    "epsdiluted": 0.67,
    "weightedAverageShsOut": 148400000,
    "weightedAverageShsOutDil": 150200000,
    "link": "https://www.sec.gov/Archives/edgar/data/915389/000091538908000072/0000915389-08-000072-index.htm",
    "finalLink": "https://www.sec.gov/Archives/edgar/data/915389/000091538908000072/emn2008q3_10q.htm"
  },
  {
    "date": "2008-06-30",
    "symbol": "EMN",
    "reportedCurrency": "USD",
    "cik": "0000915389",
    "fillingDate": "2008-07-30",
    "acceptedDate": "2008-07-30 16:28:31",
    "calendarYear": "2008",
    "period": "Q2",
    "revenue": 1834000000,
    "costOfRevenue": 1513000000,
    "grossProfit": 321000000,
    "grossProfitRatio": 0.1750272628,
    "researchAndDevelopmentExpenses": 39000000,
    "generalAndAdministrativeExpenses": 0,
    "sellingAndMarketingExpenses": 0,
    "sellingGeneralAndAdministrativeExpenses": 107000000,
    "otherExpenses": 3000000,
    "operatingExpenses": 149000000,
    "costAndExpenses": 1662000000,
    "interestIncome": 0,
    "interestExpense": 0,
    "depreciationAndAmortization": 67000000,
    "ebitda": 239000000,
    "ebitdaratio": 0.1303162486,
    "operatingIncome": 172000000,
    "operatingIncomeRatio": 0.0937840785,
    "totalOtherIncomeExpensesNet": -19000000,
    "incomeBeforeTax": 153000000,
    "incomeBeforeTaxRatio": 0.0834242094,
    "incomeTaxExpense": 38000000,
    "netIncome": 115000000,
    "netIncomeRatio": 0.0627044711,
    "eps": 0.76,
    "epsdiluted": 0.74,
    "weightedAverageShsOut": 152317881,
    "weightedAverageShsOutDil": 155405405,
    "link": "https://www.sec.gov/Archives/edgar/data/915389/000091538908000049/0000915389-08-000049-index.htm",
    "finalLink": "https://www.sec.gov/Archives/edgar/data/915389/000091538908000049/q2_2008form10q.htm"
  },
  {
    "date": "2008-03-31",
    "symbol": "EMN",
    "reportedCurrency": "USD",
    "cik": "0000915389",
    "fillingDate": "2008-04-29",
    "acceptedDate": "2008-04-29 17:25:09",
    "calendarYear": "2008",
    "period": "Q1",
    "revenue": 1727000000,
    "costOfRevenue": 1390000000,
    "grossProfit": 337000000,
    "grossProfitRatio": 0.1951360741,
    "researchAndDevelopmentExpenses": 42000000,
    "generalAndAdministrativeExpenses": 0,
    "sellingAndMarketingExpenses": 0,
    "sellingGeneralAndAdministrativeExpenses": 110000000,
    "otherExpenses": 17000000,
    "operatingExpenses": 169000000,
    "costAndExpenses": 1559000000,
    "interestIncome": 0,
    "interestExpense": 0,
    "depreciationAndAmortization": 65000000,
    "ebitda": 250000000,
    "ebitdaratio": 0.1447596989,
    "operatingIncome": 168000000,
    "operatingIncomeRatio": 0.0972785177,
    "totalOtherIncomeExpensesNet": -15000000,
    "incomeBeforeTax": 153000000,
    "incomeBeforeTaxRatio": 0.0885929357,
    "incomeTaxExpense": 38000000,
    "netIncome": 133000000,
    "netIncomeRatio": 0.0770121598,
    "eps": 0.85,
    "epsdiluted": 0.84,
    "weightedAverageShsOut": 156470588,
    "weightedAverageShsOutDil": 158333333,
    "link": "https://www.sec.gov/Archives/edgar/data/915389/000091538908000027/0000915389-08-000027-index.htm",
    "finalLink": "https://www.sec.gov/Archives/edgar/data/915389/000091538908000027/q1_2008form10q.htm"
  },
  {
    "date": "2007-12-31",
    "symbol": "EMN",
    "reportedCurrency": "USD",
    "cik": "0000915389",
    "fillingDate": "2008-02-29",
    "acceptedDate": "2008-02-29 09:20:08",
    "calendarYear": "2007",
    "period": "Q4",
    "revenue": 1327000000,
    "costOfRevenue": 1058000000,
    "grossProfit": 269000000,
    "grossProfitRatio": 0.2027128862,
    "researchAndDevelopmentExpenses": 40000000,
    "generalAndAdministrativeExpenses": 0,
    "sellingAndMarketingExpenses": 0,
    "sellingGeneralAndAdministrativeExpenses": 99000000,
    "otherExpenses": -31000000,
    "operatingExpenses": 108000000,
    "costAndExpenses": 1166000000,
    "interestIncome": 0,
    "interestExpense": 0,
    "depreciationAndAmortization": 80000000,
    "ebitda": 231000000,
    "ebitdaratio": 0.1740768651,
    "operatingIncome": 161000000,
    "operatingIncomeRatio": 0.1213262999,
    "totalOtherIncomeExpensesNet": 1000000,
    "incomeBeforeTax": 162000000,
    "incomeBeforeTaxRatio": 0.1220798794,
    "incomeTaxExpense": 43000000,
    "netIncome": 98000000,
    "netIncomeRatio": 0.0738507913,
    "eps": 0.59,
    "epsdiluted": 0.59,
    "weightedAverageShsOut": 166666667,
    "weightedAverageShsOutDil": 166666667,
    "link": "https://www.sec.gov/Archives/edgar/data/915389/000091538908000017/0000915389-08-000017-index.htm",
    "finalLink": "https://www.sec.gov/Archives/edgar/data/915389/000091538908000017/emn200710k.htm"
  },
  {
    "date": "2007-09-30",
    "symbol": "EMN",
    "reportedCurrency": "USD",
    "cik": "0000915389",
    "fillingDate": "2007-10-31",
    "acceptedDate": "2007-10-31 16:59:52",
    "calendarYear": "2007",
    "period": "Q3",
    "revenue": 1692000000,
    "costOfRevenue": 1385000000,
    "grossProfit": 307000000,
    "grossProfitRatio": 0.1814420804,
    "researchAndDevelopmentExpenses": 43000000,
    "generalAndAdministrativeExpenses": 0,
    "sellingAndMarketingExpenses": 0,
    "sellingGeneralAndAdministrativeExpenses": 104000000,
    "otherExpenses": 114000000,
    "operatingExpenses": 261000000,
    "costAndExpenses": 1646000000,
    "interestIncome": 0,
    "interestExpense": 0,
    "depreciationAndAmortization": 78000000,
    "ebitda": 124000000,
    "ebitdaratio": 0.073286052,
    "operatingIncome": 40000000,
    "operatingIncomeRatio": 0.0236406619,
    "totalOtherIncomeExpensesNet": -8000000,
    "incomeBeforeTax": 32000000,
    "incomeBeforeTaxRatio": 0.0189125296,
    "incomeTaxExpense": 12000000,
    "netIncome": 20000000,
    "netIncomeRatio": 0.011820331,
    "eps": 0.12,
    "epsdiluted": 0.12,
    "weightedAverageShsOut": 166666667,
    "weightedAverageShsOutDil": 166666667,
    "link": "https://www.sec.gov/Archives/edgar/data/915389/000091538907000071/0000915389-07-000071-index.htm",
    "finalLink": "https://www.sec.gov/Archives/edgar/data/915389/000091538907000071/form10qthirdquarter.htm"
  },
  {
    "date": "2007-06-30",
    "symbol": "EMN",
    "reportedCurrency": "USD",
    "cik": "0000915389",
    "fillingDate": "2007-07-30",
    "acceptedDate": "2007-07-30 16:40:05",
    "calendarYear": "2007",
    "period": "Q2",
    "revenue": 1764000000,
    "costOfRevenue": 1455000000,
    "grossProfit": 309000000,
    "grossProfitRatio": 0.175170068,
    "researchAndDevelopmentExpenses": 37000000,
    "generalAndAdministrativeExpenses": 0,
    "sellingAndMarketingExpenses": 0,
    "sellingGeneralAndAdministrativeExpenses": 109000000,
    "otherExpenses": -9000000,
    "operatingExpenses": 141000000,
    "costAndExpenses": 1596000000,
    "interestIncome": 0,
    "interestExpense": 0,
    "depreciationAndAmortization": 85000000,
    "ebitda": 253000000,
    "ebitdaratio": 0.1434240363,
    "operatingIncome": 168000000,
    "operatingIncomeRatio": 0.0952380952,
    "totalOtherIncomeExpensesNet": -12000000,
    "incomeBeforeTax": 156000000,
    "incomeBeforeTaxRatio": 0.0884353741,
    "incomeTaxExpense": 51000000,
    "netIncome": 105000000,
    "netIncomeRatio": 0.0595238095,
    "eps": 0.62,
    "epsdiluted": 0.61,
    "weightedAverageShsOut": 169354839,
    "weightedAverageShsOutDil": 172131148,
    "link": "https://www.sec.gov/Archives/edgar/data/915389/000091538907000051/0000915389-07-000051-index.htm",
    "finalLink": "https://www.sec.gov/Archives/edgar/data/915389/000091538907000051/form10qsecondqtr.htm"
  },
  {
    "date": "2007-03-31",
    "symbol": "EMN",
    "reportedCurrency": "USD",
    "cik": "0000915389",
    "fillingDate": "2007-05-01",
    "acceptedDate": "2007-05-01 15:43:13",
    "calendarYear": "2007",
    "period": "Q1",
    "revenue": 1637000000,
    "costOfRevenue": 1351000000,
    "grossProfit": 286000000,
    "grossProfitRatio": 0.1747098351,
    "researchAndDevelopmentExpenses": 36000000,
    "generalAndAdministrativeExpenses": 0,
    "sellingAndMarketingExpenses": 0,
    "sellingGeneralAndAdministrativeExpenses": 98000000,
    "otherExpenses": 0,
    "operatingExpenses": 137000000,
    "costAndExpenses": 1483000000,
    "interestIncome": 0,
    "interestExpense": 0,
    "depreciationAndAmortization": 84000000,
    "ebitda": 238000000,
    "ebitdaratio": 0.1453879047,
    "operatingIncome": 135000000,
    "operatingIncomeRatio": 0.0824679291,
    "totalOtherIncomeExpensesNet": -15000000,
    "incomeBeforeTax": 120000000,
    "incomeBeforeTaxRatio": 0.0733048259,
    "incomeTaxExpense": 43000000,
    "netIncome": 77000000,
    "netIncomeRatio": 0.0470372633,
    "eps": 0.46,
    "epsdiluted": 0.46,
    "weightedAverageShsOut": 167391304,
    "weightedAverageShsOutDil": 169230769,
    "link": "https://www.sec.gov/Archives/edgar/data/915389/000091538907000030/0000915389-07-000030-index.htm",
    "finalLink": "https://www.sec.gov/Archives/edgar/data/915389/000091538907000030/firstquarter200710q.htm"
  },
  {
    "date": "2006-12-31",
    "symbol": "EMN",
    "reportedCurrency": "USD",
    "cik": "0000915389",
    "fillingDate": "2007-03-01",
    "acceptedDate": "2007-03-01 08:47:42",
    "calendarYear": "2006",
    "period": "Q4",
    "revenue": 1752000000,
    "costOfRevenue": 1472000000,
    "grossProfit": 280000000,
    "grossProfitRatio": 0.1598173516,
    "researchAndDevelopmentExpenses": 41000000,
    "generalAndAdministrativeExpenses": 0,
    "sellingAndMarketingExpenses": 0,
    "sellingGeneralAndAdministrativeExpenses": 121000000,
    "otherExpenses": 10000000,
    "operatingExpenses": 172000000,
    "costAndExpenses": 1644000000,
    "interestIncome": 0,
    "interestExpense": 0,
    "depreciationAndAmortization": 82000000,
    "ebitda": 167000000,
    "ebitdaratio": 0.0953196347,
    "operatingIncome": 108000000,
    "operatingIncomeRatio": 0.0616438356,
    "totalOtherIncomeExpensesNet": -4000000,
    "incomeBeforeTax": 104000000,
    "incomeBeforeTaxRatio": 0.0593607306,
    "incomeTaxExpense": 9000000,
    "netIncome": 95000000,
    "netIncomeRatio": 0.0542237443,
    "eps": 0.58,
    "epsdiluted": 0.58,
    "weightedAverageShsOut": 163793103,
    "weightedAverageShsOutDil": 163793103,
    "link": "https://www.sec.gov/Archives/edgar/data/915389/000091538907000019/0000915389-07-000019-index.htm",
    "finalLink": "https://www.sec.gov/Archives/edgar/data/915389/000091538907000019/eccform10k2006.htm"
  },
  {
    "date": "2006-09-30",
    "symbol": "EMN",
    "reportedCurrency": "USD",
    "cik": "0000915389",
    "fillingDate": "2006-10-31",
    "acceptedDate": "2006-10-31 10:14:39",
    "calendarYear": "2006",
    "period": "Q3",
    "revenue": 1966000000,
    "costOfRevenue": 1650000000,
    "grossProfit": 316000000,
    "grossProfitRatio": 0.1607324517,
    "researchAndDevelopmentExpenses": 40000000,
    "generalAndAdministrativeExpenses": 0,
    "sellingAndMarketingExpenses": 0,
    "sellingGeneralAndAdministrativeExpenses": 105000000,
    "otherExpenses": 13000000,
    "operatingExpenses": 158000000,
    "costAndExpenses": 1808000000,
    "interestIncome": 0,
    "interestExpense": 0,
    "depreciationAndAmortization": 76000000,
    "ebitda": 234000000,
    "ebitdaratio": 0.1190233978,
    "operatingIncome": 158000000,
    "operatingIncomeRatio": 0.0803662258,
    "totalOtherIncomeExpensesNet": -22000000,
    "incomeBeforeTax": 136000000,
    "incomeBeforeTaxRatio": 0.0691759919,
    "incomeTaxExpense": 41000000,
    "netIncome": 95000000,
    "netIncomeRatio": 0.0483214649,
    "eps": 0.58,
    "epsdiluted": 0.57,
    "weightedAverageShsOut": 163793103,
    "weightedAverageShsOutDil": 165217391,
    "link": "https://www.sec.gov/Archives/edgar/data/915389/000091538906000072/0000915389-06-000072-index.htm",
    "finalLink": "https://www.sec.gov/Archives/edgar/data/915389/000091538906000072/form10-q_3rdqtr2006.htm"
  },
  {
    "date": "2006-06-30",
    "symbol": "EMN",
    "reportedCurrency": "USD",
    "cik": "0000915389",
    "fillingDate": "2006-07-31",
    "acceptedDate": "2006-07-31 17:21:22",
    "calendarYear": "2006",
    "period": "Q2",
    "revenue": 1929000000,
    "costOfRevenue": 1579000000,
    "grossProfit": 350000000,
    "grossProfitRatio": 0.1814411612,
    "researchAndDevelopmentExpenses": 44000000,
    "generalAndAdministrativeExpenses": 0,
    "sellingAndMarketingExpenses": 0,
    "sellingGeneralAndAdministrativeExpenses": 113000000,
    "otherExpenses": 3000000,
    "operatingExpenses": 160000000,
    "costAndExpenses": 1739000000,
    "interestIncome": 0,
    "interestExpense": 0,
    "depreciationAndAmortization": 76000000,
    "ebitda": 269000000,
    "ebitdaratio": 0.1394504925,
    "operatingIncome": 190000000,
    "operatingIncomeRatio": 0.0984966304,
    "totalOtherIncomeExpensesNet": -19000000,
    "incomeBeforeTax": 171000000,
    "incomeBeforeTaxRatio": 0.0886469673,
    "incomeTaxExpense": 57000000,
    "netIncome": 114000000,
    "netIncomeRatio": 0.0590979782,
    "eps": 0.7,
    "epsdiluted": 0.69,
    "weightedAverageShsOut": 164028777,
    "weightedAverageShsOutDil": 166423358,
    "link": "https://www.sec.gov/Archives/edgar/data/915389/000091538906000056/0000915389-06-000056-index.htm",
    "finalLink": "https://www.sec.gov/Archives/edgar/data/915389/000091538906000056/form10q2q2006.htm"
  },
  {
    "date": "2006-03-31",
    "symbol": "EMN",
    "reportedCurrency": "USD",
    "cik": "0000915389",
    "fillingDate": "2006-05-03",
    "acceptedDate": "2006-05-02 17:42:14",
    "calendarYear": "2006",
    "period": "Q1",
    "revenue": 1803000000,
    "costOfRevenue": 1472000000,
    "grossProfit": 331000000,
    "grossProfitRatio": 0.1835829174,
    "researchAndDevelopmentExpenses": 42000000,
    "generalAndAdministrativeExpenses": 0,
    "sellingAndMarketingExpenses": 0,
    "sellingGeneralAndAdministrativeExpenses": 98000000,
    "otherExpenses": 7000000,
    "operatingExpenses": 147000000,
    "costAndExpenses": 1619000000,
    "interestIncome": 0,
    "interestExpense": 0,
    "depreciationAndAmortization": 74000000,
    "ebitda": 265000000,
    "ebitdaratio": 0.1469772601,
    "operatingIncome": 184000000,
    "operatingIncomeRatio": 0.1020521353,
    "totalOtherIncomeExpensesNet": -19000000,
    "incomeBeforeTax": 165000000,
    "incomeBeforeTaxRatio": 0.0915141431,
    "incomeTaxExpense": 60000000,
    "netIncome": 105000000,
    "netIncomeRatio": 0.0582362729,
    "eps": 0.64,
    "epsdiluted": 0.64,
    "weightedAverageShsOut": 164062500,
    "weightedAverageShsOutDil": 165354331,
    "link": "https://www.sec.gov/Archives/edgar/data/915389/000091538906000036/0000915389-06-000036-index.htm",
    "finalLink": "https://www.sec.gov/Archives/edgar/data/915389/000091538906000036/tenq.htm"
  },
  {
    "date": "2005-12-31",
    "symbol": "EMN",
    "reportedCurrency": "USD",
    "cik": "0000915389",
    "fillingDate": "2006-03-13",
    "acceptedDate": "2006-03-13 17:34:58",
    "calendarYear": "2005",
    "period": "Q4",
    "revenue": 1729000000,
    "costOfRevenue": 1450000000,
    "grossProfit": 279000000,
    "grossProfitRatio": 0.1613649508,
    "researchAndDevelopmentExpenses": 42000000,
    "generalAndAdministrativeExpenses": 0,
    "sellingAndMarketingExpenses": 0,
    "sellingGeneralAndAdministrativeExpenses": 115000000,
    "otherExpenses": 10000000,
    "operatingExpenses": 167000000,
    "costAndExpenses": 1617000000,
    "interestIncome": 0,
    "interestExpense": 0,
    "depreciationAndAmortization": 75000000,
    "ebitda": 166000000,
    "ebitdaratio": 0.0960092539,
    "operatingIncome": 112000000,
    "operatingIncomeRatio": 0.0647773279,
    "totalOtherIncomeExpensesNet": -27000000,
    "incomeBeforeTax": 85000000,
    "incomeBeforeTaxRatio": 0.049161365,
    "incomeTaxExpense": 19000000,
    "netIncome": 66000000,
    "netIncomeRatio": 0.038172354,
    "eps": 0.41,
    "epsdiluted": 0.41,
    "weightedAverageShsOut": 162649180,
    "weightedAverageShsOutDil": 162913907,
    "link": "https://www.sec.gov/Archives/edgar/data/915389/000091538906000017/0000915389-06-000017-index.htm",
    "finalLink": "https://www.sec.gov/Archives/edgar/data/915389/000091538906000017/ecc200510k.htm"
  },
  {
    "date": "2005-09-30",
    "symbol": "EMN",
    "reportedCurrency": "USD",
    "cik": "0000915389",
    "fillingDate": "2005-11-01",
    "acceptedDate": "2005-11-01 16:04:33",
    "calendarYear": "2005",
    "period": "Q3",
    "revenue": 1816000000,
    "costOfRevenue": 1464000000,
    "grossProfit": 352000000,
    "grossProfitRatio": 0.1938325991,
    "researchAndDevelopmentExpenses": 42000000,
    "generalAndAdministrativeExpenses": 0,
    "sellingAndMarketingExpenses": 0,
    "sellingGeneralAndAdministrativeExpenses": 108000000,
    "otherExpenses": 4000000,
    "operatingExpenses": 154000000,
    "costAndExpenses": 1618000000,
    "interestIncome": 0,
    "interestExpense": 0,
    "depreciationAndAmortization": 76000000,
    "ebitda": 278000000,
    "ebitdaratio": 0.1530837004,
    "operatingIncome": 198000000,
    "operatingIncomeRatio": 0.109030837,
    "totalOtherIncomeExpensesNet": -21000000,
    "incomeBeforeTax": 177000000,
    "incomeBeforeTaxRatio": 0.0974669604,
    "incomeTaxExpense": 54000000,
    "netIncome": 123000000,
    "netIncomeRatio": 0.0677312775,
    "eps": 0.76,
    "epsdiluted": 0.75,
    "weightedAverageShsOut": 162913907,
    "weightedAverageShsOutDil": 164000000,
    "link": "https://www.sec.gov/Archives/edgar/data/915389/000091538905000063/0000915389-05-000063-index.htm",
    "finalLink": "https://www.sec.gov/Archives/edgar/data/915389/000091538905000063/eastman10q.htm"
  },
  {
    "date": "2005-06-30",
    "symbol": "EMN",
    "reportedCurrency": "USD",
    "cik": "0000915389",
    "fillingDate": "2005-08-05",
    "acceptedDate": "2005-08-04 17:45:50",
    "calendarYear": "2005",
    "period": "Q2",
    "revenue": 1752000000,
    "costOfRevenue": 1378000000,
    "grossProfit": 374000000,
    "grossProfitRatio": 0.2134703196,
    "researchAndDevelopmentExpenses": 39000000,
    "generalAndAdministrativeExpenses": 0,
    "sellingAndMarketingExpenses": 0,
    "sellingGeneralAndAdministrativeExpenses": 122000000,
    "otherExpenses": 10000000,
    "operatingExpenses": 171000000,
    "costAndExpenses": 1549000000,
    "interestIncome": 0,
    "interestExpense": 0,
    "depreciationAndAmortization": 77000000,
    "ebitda": 290000000,
    "ebitdaratio": 0.1655251142,
    "operatingIncome": 203000000,
    "operatingIncomeRatio": 0.1158675799,
    "totalOtherIncomeExpensesNet": 101000000,
    "incomeBeforeTax": 304000000,
    "incomeBeforeTaxRatio": 0.1735159817,
    "incomeTaxExpense": 98000000,
    "netIncome": 206000000,
    "netIncomeRatio": 0.1175799087,
    "eps": 1.27,
    "epsdiluted": 1.25,
    "weightedAverageShsOut": 161568627,
    "weightedAverageShsOutDil": 164143426,
    "link": "https://www.sec.gov/Archives/edgar/data/915389/000091538905000051/0000915389-05-000051-index.htm",
    "finalLink": "https://www.sec.gov/Archives/edgar/data/915389/000091538905000051/eastmanchemicalform10q2qtr.htm"
  },
  {
    "date": "2005-03-31",
    "symbol": "EMN",
    "reportedCurrency": "USD",
    "cik": "0000915389",
    "fillingDate": "2005-05-06",
    "acceptedDate": "2005-05-06 11:32:02",
    "calendarYear": "2005",
    "period": "Q1",
    "revenue": 1762000000,
    "costOfRevenue": 1363000000,
    "grossProfit": 399000000,
    "grossProfitRatio": 0.2264472191,
    "researchAndDevelopmentExpenses": 39000000,
    "generalAndAdministrativeExpenses": 0,
    "sellingAndMarketingExpenses": 0,
    "sellingGeneralAndAdministrativeExpenses": 109000000,
    "otherExpenses": 7000000,
    "operatingExpenses": 155000000,
    "costAndExpenses": 1518000000,
    "interestIncome": 0,
    "interestExpense": 0,
    "depreciationAndAmortization": 76000000,
    "ebitda": 320000000,
    "ebitdaratio": 0.1816118048,
    "operatingIncome": 244000000,
    "operatingIncomeRatio": 0.1384790011,
    "totalOtherIncomeExpensesNet": -27000000,
    "incomeBeforeTax": 217000000,
    "incomeBeforeTaxRatio": 0.1231555051,
    "incomeTaxExpense": 55000000,
    "netIncome": 162000000,
    "netIncomeRatio": 0.0919409762,
    "eps": 1.02,
    "epsdiluted": 1,
    "weightedAverageShsOut": 158823529,
    "weightedAverageShsOutDil": 162000000,
    "link": "https://www.sec.gov/Archives/edgar/data/915389/000091538905000034/0000915389-05-000034-index.htm",
    "finalLink": "https://www.sec.gov/Archives/edgar/data/915389/000091538905000034/eastmanchemical1qtr10q.htm"
  },
  {
    "date": "2004-12-31",
    "symbol": "EMN",
    "reportedCurrency": "USD",
    "cik": "0000915389",
    "fillingDate": "2005-03-15",
    "acceptedDate": "2005-03-14 20:14:57",
    "calendarYear": "2004",
    "period": "Q4",
    "revenue": 1658000000,
    "costOfRevenue": 1442000000,
    "grossProfit": 216000000,
    "grossProfitRatio": 0.1302774427,
    "researchAndDevelopmentExpenses": 38000000,
    "generalAndAdministrativeExpenses": 0,
    "sellingAndMarketingExpenses": 0,
    "sellingGeneralAndAdministrativeExpenses": 121000000,
    "otherExpenses": 11000000,
    "operatingExpenses": 170000000,
    "costAndExpenses": 1612000000,
    "interestIncome": 0,
    "interestExpense": 0,
    "depreciationAndAmortization": 79000000,
    "ebitda": 143000000,
    "ebitdaratio": 0.0862484922,
    "operatingIncome": 46000000,
    "operatingIncomeRatio": 0.0277442702,
    "totalOtherIncomeExpensesNet": -27000000,
    "incomeBeforeTax": 19000000,
    "incomeBeforeTaxRatio": 0.0114595899,
    "incomeTaxExpense": -35000000,
    "netIncome": 54000000,
    "netIncomeRatio": 0.0325693607,
    "eps": 0.36,
    "epsdiluted": 0.36,
    "weightedAverageShsOut": 152000000,
    "weightedAverageShsOutDil": 152000000,
    "link": "https://www.sec.gov/Archives/edgar/data/915389/000091538905000023/0000915389-05-000023-index.htm",
    "finalLink": "https://www.sec.gov/Archives/edgar/data/915389/000091538905000023/form10-k.htm"
  },
  {
    "date": "2004-09-30",
    "symbol": "EMN",
    "reportedCurrency": "USD",
    "cik": "0000915389",
    "fillingDate": "2004-11-09",
    "acceptedDate": "2004-11-09 17:24:34",
    "calendarYear": "2004",
    "period": "Q3",
    "revenue": 1649000000,
    "costOfRevenue": 1392000000,
    "grossProfit": 257000000,
    "grossProfitRatio": 0.1558520315,
    "researchAndDevelopmentExpenses": 35000000,
    "generalAndAdministrativeExpenses": 0,
    "sellingAndMarketingExpenses": 0,
    "sellingGeneralAndAdministrativeExpenses": 107000000,
    "otherExpenses": 42000000,
    "operatingExpenses": 184000000,
    "costAndExpenses": 1576000000,
    "interestIncome": 0,
    "interestExpense": 0,
    "depreciationAndAmortization": 78000000,
    "ebitda": 193000000,
    "ebitdaratio": 0.1170406307,
    "operatingIncome": 73000000,
    "operatingIncomeRatio": 0.0442692541,
    "totalOtherIncomeExpensesNet": -25000000,
    "incomeBeforeTax": 48000000,
    "incomeBeforeTaxRatio": 0.0291085506,
    "incomeTaxExpense": 10000000,
    "netIncome": 38000000,
    "netIncomeRatio": 0.0230442693,
    "eps": 0.25,
    "epsdiluted": 0.25,
    "weightedAverageShsOut": 152000000,
    "weightedAverageShsOutDil": 155102041,
    "link": "https://www.sec.gov/Archives/edgar/data/915389/000101540204004724/0001015402-04-004724-index.htm",
    "finalLink": "https://www.sec.gov/Archives/edgar/data/915389/000101540204004724/tenq.htm"
  },
  {
    "date": "2004-06-30",
    "symbol": "EMN",
    "reportedCurrency": "USD",
    "cik": "0000915389",
    "fillingDate": "2004-08-09",
    "acceptedDate": "2004-08-09 16:02:08",
    "calendarYear": "2004",
    "period": "Q2",
    "revenue": 1676000000,
    "costOfRevenue": 1406000000,
    "grossProfit": 270000000,
    "grossProfitRatio": 0.161097852,
    "researchAndDevelopmentExpenses": 38000000,
    "generalAndAdministrativeExpenses": 0,
    "sellingAndMarketingExpenses": 0,
    "sellingGeneralAndAdministrativeExpenses": 112000000,
    "otherExpenses": 79000000,
    "operatingExpenses": 229000000,
    "costAndExpenses": 1635000000,
    "interestIncome": 0,
    "interestExpense": 0,
    "depreciationAndAmortization": 81000000,
    "ebitda": 201000000,
    "ebitdaratio": 0.119928401,
    "operatingIncome": 41000000,
    "operatingIncomeRatio": 0.0244630072,
    "totalOtherIncomeExpensesNet": -31000000,
    "incomeBeforeTax": 10000000,
    "incomeBeforeTaxRatio": 0.0059665871,
    "incomeTaxExpense": -74000000,
    "netIncome": 84000000,
    "netIncomeRatio": 0.0501193317,
    "eps": 0.54,
    "epsdiluted": 0.54,
    "weightedAverageShsOut": 155555556,
    "weightedAverageShsOutDil": 157009346,
    "link": "https://www.sec.gov/Archives/edgar/data/915389/000091538904000033/0000915389-04-000033-index.htm",
    "finalLink": "https://www.sec.gov/Archives/edgar/data/915389/000091538904000033/form10q063004.htm"
  },
  {
    "date": "2004-03-31",
    "symbol": "EMN",
    "reportedCurrency": "USD",
    "cik": "0000915389",
    "fillingDate": "2004-05-06",
    "acceptedDate": "2004-05-05 17:44:28",
    "calendarYear": "2004",
    "period": "Q1",
    "revenue": 1597000000,
    "costOfRevenue": 1362000000,
    "grossProfit": 235000000,
    "grossProfitRatio": 0.147150908,
    "researchAndDevelopmentExpenses": 43000000,
    "generalAndAdministrativeExpenses": 0,
    "sellingAndMarketingExpenses": 0,
    "sellingGeneralAndAdministrativeExpenses": 110000000,
    "otherExpenses": 67000000,
    "operatingExpenses": 220000000,
    "costAndExpenses": 1582000000,
    "interestIncome": 0,
    "interestExpense": 0,
    "depreciationAndAmortization": 84000000,
    "ebitda": 166000000,
    "ebitdaratio": 0.1039448967,
    "operatingIncome": 15000000,
    "operatingIncomeRatio": 0.0093926111,
    "totalOtherIncomeExpensesNet": -28000000,
    "incomeBeforeTax": -13000000,
    "incomeBeforeTaxRatio": -0.008140263,
    "incomeTaxExpense": -7000000,
    "netIncome": -6000000,
    "netIncomeRatio": -0.0037570445,
    "eps": -0.035,
    "epsdiluted": -0.035,
    "weightedAverageShsOut": 171428571,
    "weightedAverageShsOutDil": 171428571,
    "link": "https://www.sec.gov/Archives/edgar/data/915389/000091538904000018/0000915389-04-000018-index.htm",
    "finalLink": "https://www.sec.gov/Archives/edgar/data/915389/000091538904000018/form10q033104.htm"
  },
  {
    "date": "2003-12-31",
    "symbol": "EMN",
    "reportedCurrency": "USD",
    "cik": "0000915389",
    "fillingDate": "2004-03-05",
    "acceptedDate": "2004-03-05 12:35:24",
    "calendarYear": "2003",
    "period": "Q4",
    "revenue": 1434000000,
    "costOfRevenue": 1249000000,
    "grossProfit": 185000000,
    "grossProfitRatio": 0.1290097629,
    "researchAndDevelopmentExpenses": 44000000,
    "generalAndAdministrativeExpenses": 0,
    "sellingAndMarketingExpenses": 0,
    "sellingGeneralAndAdministrativeExpenses": 106000000,
    "otherExpenses": -4000000,
    "operatingExpenses": 146000000,
    "costAndExpenses": 1395000000,
    "interestIncome": 0,
    "interestExpense": 0,
    "depreciationAndAmortization": 87000000,
    "ebitda": 135000000,
    "ebitdaratio": 0.0941422594,
    "operatingIncome": 39000000,
    "operatingIncomeRatio": 0.0271966527,
    "totalOtherIncomeExpensesNet": -27000000,
    "incomeBeforeTax": 12000000,
    "incomeBeforeTaxRatio": 0.0083682008,
    "incomeTaxExpense": 2000000,
    "netIncome": 10000000,
    "netIncomeRatio": 0.0069735007,
    "eps": 0.0647,
    "epsdiluted": 0.0647,
    "weightedAverageShsOut": 153054459,
    "weightedAverageShsOutDil": 154482759,
    "link": "https://www.sec.gov/Archives/edgar/data/915389/000091538904000006/0000915389-04-000006-index.htm",
    "finalLink": "https://www.sec.gov/Archives/edgar/data/915389/000091538904000006/form10k123103.htm"
  },
  {
    "date": "2003-09-30",
    "symbol": "EMN",
    "reportedCurrency": "USD",
    "cik": "0000915389",
    "fillingDate": "2003-11-13",
    "acceptedDate": "2003-11-13 10:22:09",
    "calendarYear": "2003",
    "period": "Q3",
    "revenue": 1444000000,
    "costOfRevenue": 1244000000,
    "grossProfit": 200000000,
    "grossProfitRatio": 0.1385041551,
    "researchAndDevelopmentExpenses": 44000000,
    "generalAndAdministrativeExpenses": 0,
    "sellingAndMarketingExpenses": 0,
    "sellingGeneralAndAdministrativeExpenses": 100000000,
    "otherExpenses": 496000000,
    "operatingExpenses": 640000000,
    "costAndExpenses": 1884000000,
    "interestIncome": 0,
    "interestExpense": 0,
    "depreciationAndAmortization": 87000000,
    "ebitda": 109000000,
    "ebitdaratio": 0.0754847645,
    "operatingIncome": -440000000,
    "operatingIncomeRatio": -0.3047091413,
    "totalOtherIncomeExpensesNet": -31000000,
    "incomeBeforeTax": -471000000,
    "incomeBeforeTaxRatio": -0.3261772853,
    "incomeTaxExpense": -135000000,
    "netIncome": -336000000,
    "netIncomeRatio": -0.2326869806,
    "eps": -2.17,
    "epsdiluted": -2.17,
    "weightedAverageShsOut": 154482759,
    "weightedAverageShsOutDil": 154482759,
    "link": "https://www.sec.gov/Archives/edgar/data/915389/000091538903000013/0000915389-03-000013-index.htm",
    "finalLink": "https://www.sec.gov/Archives/edgar/data/915389/000091538903000013/form10q093003.htm"
  },
  {
    "date": "2003-06-30",
    "symbol": "EMN",
    "reportedCurrency": "USD",
    "cik": "0000915389",
    "fillingDate": "2003-08-12",
    "acceptedDate": "2003-08-12 13:31:27",
    "calendarYear": "2003",
    "period": "Q2",
    "revenue": 1481000000,
    "costOfRevenue": 1240000000,
    "grossProfit": 241000000,
    "grossProfitRatio": 0.1627278866,
    "researchAndDevelopmentExpenses": 42000000,
    "generalAndAdministrativeExpenses": 0,
    "sellingAndMarketingExpenses": 0,
    "sellingGeneralAndAdministrativeExpenses": 108000000,
    "otherExpenses": 16000000,
    "operatingExpenses": 166000000,
    "costAndExpenses": 1406000000,
    "interestIncome": 0,
    "interestExpense": 0,
    "depreciationAndAmortization": 97000000,
    "ebitda": 188000000,
    "ebitdaratio": 0.1269412559,
    "operatingIncome": 75000000,
    "operatingIncomeRatio": 0.0506414585,
    "totalOtherIncomeExpensesNet": -26000000,
    "incomeBeforeTax": 49000000,
    "incomeBeforeTaxRatio": 0.0330857529,
    "incomeTaxExpense": 14000000,
    "netIncome": 35000000,
    "netIncomeRatio": 0.0236326806,
    "eps": 0.23,
    "epsdiluted": 0.23,
    "weightedAverageShsOut": 152173913,
    "weightedAverageShsOutDil": 152173913,
    "link": "https://www.sec.gov/Archives/edgar/data/915389/000095014403009727/0000950144-03-009727-index.htm",
    "finalLink": "https://www.sec.gov/Archives/edgar/data/915389/000095014403009727/g84256e10vq.htm"
  },
  {
    "date": "2003-03-31",
    "symbol": "EMN",
    "reportedCurrency": "USD",
    "cik": "0000915389",
    "fillingDate": "2003-05-13",
    "acceptedDate": "2003-05-13 16:07:43",
    "calendarYear": "2003",
    "period": "Q1",
    "revenue": 1441000000,
    "costOfRevenue": 1257000000,
    "grossProfit": 184000000,
    "grossProfitRatio": 0.1276891048,
    "researchAndDevelopmentExpenses": 43000000,
    "generalAndAdministrativeExpenses": 0,
    "sellingAndMarketingExpenses": 0,
    "sellingGeneralAndAdministrativeExpenses": 100000000,
    "otherExpenses": -18000000,
    "operatingExpenses": 125000000,
    "costAndExpenses": 1382000000,
    "interestIncome": 0,
    "interestExpense": 0,
    "depreciationAndAmortization": 96000000,
    "ebitda": 157000000,
    "ebitdaratio": 0.1089521166,
    "operatingIncome": 59000000,
    "operatingIncomeRatio": 0.040943789,
    "totalOtherIncomeExpensesNet": -30000000,
    "incomeBeforeTax": 29000000,
    "incomeBeforeTaxRatio": 0.0201249133,
    "incomeTaxExpense": 11000000,
    "netIncome": 21000000,
    "netIncomeRatio": 0.014573213,
    "eps": 0.14,
    "epsdiluted": 0.14,
    "weightedAverageShsOut": 155555556,
    "weightedAverageShsOutDil": 155555556,
    "link": "https://www.sec.gov/Archives/edgar/data/915389/000095014403006553/0000950144-03-006553-index.htm",
    "finalLink": "https://www.sec.gov/Archives/edgar/data/915389/000095014403006553/g82715e10vq.htm"
  },
  {
    "date": "2002-12-31",
    "symbol": "EMN",
    "reportedCurrency": "USD",
    "cik": "0000915389",
    "fillingDate": "2003-03-11",
    "acceptedDate": "2003-03-11 10:29:15",
    "calendarYear": "2002",
    "period": "Q4",
    "revenue": 1315000000,
    "costOfRevenue": 1172000000,
    "grossProfit": 143000000,
    "grossProfitRatio": 0.1087452471,
    "researchAndDevelopmentExpenses": 41000000,
    "generalAndAdministrativeExpenses": 0,
    "sellingAndMarketingExpenses": 0,
    "sellingGeneralAndAdministrativeExpenses": 107000000,
    "otherExpenses": 6000000,
    "operatingExpenses": 154000000,
    "costAndExpenses": 1326000000,
    "interestIncome": 0,
    "interestExpense": 0,
    "depreciationAndAmortization": 100000000,
    "ebitda": 94000000,
    "ebitdaratio": 0.0714828897,
    "operatingIncome": -11000000,
    "operatingIncomeRatio": -0.008365019,
    "totalOtherIncomeExpensesNet": -26000000,
    "incomeBeforeTax": -37000000,
    "incomeBeforeTaxRatio": -0.0281368821,
    "incomeTaxExpense": -24000000,
    "netIncome": -13000000,
    "netIncomeRatio": -0.0098859316,
    "eps": -0.084,
    "epsdiluted": -0.084,
    "weightedAverageShsOut": 154838710,
    "weightedAverageShsOutDil": 154838710,
    "link": "https://www.sec.gov/Archives/edgar/data/915389/000095014403002908/0000950144-03-002908-index.htm",
    "finalLink": "https://www.sec.gov/Archives/edgar/data/915389/000095014403002908/g80935e10vk.htm"
  },
  {
    "date": "2002-09-30",
    "symbol": "EMN",
    "reportedCurrency": "USD",
    "cik": "0000915389",
    "fillingDate": "2002-11-14",
    "acceptedDate": "2002-11-14 14:01:12",
    "calendarYear": "2002",
    "period": "Q3",
    "revenue": 1374000000,
    "costOfRevenue": 1172000000,
    "grossProfit": 202000000,
    "grossProfitRatio": 0.1470160116,
    "researchAndDevelopmentExpenses": 42000000,
    "generalAndAdministrativeExpenses": 0,
    "sellingAndMarketingExpenses": 0,
    "sellingGeneralAndAdministrativeExpenses": 100000000,
    "otherExpenses": -1000000,
    "operatingExpenses": 141000000,
    "costAndExpenses": 1313000000,
    "interestIncome": 0,
    "interestExpense": 0,
    "depreciationAndAmortization": 98000000,
    "ebitda": 159000000,
    "ebitdaratio": 0.115720524,
    "operatingIncome": 61000000,
    "operatingIncomeRatio": 0.0443959243,
    "totalOtherIncomeExpensesNet": -33000000,
    "incomeBeforeTax": 28000000,
    "incomeBeforeTaxRatio": 0.0203784571,
    "incomeTaxExpense": 4000000,
    "netIncome": 24000000,
    "netIncomeRatio": 0.0174672489,
    "eps": 0.16,
    "epsdiluted": 0.16,
    "weightedAverageShsOut": 154838710,
    "weightedAverageShsOutDil": 154838710,
    "link": "https://www.sec.gov/Archives/edgar/data/915389/000095014402011845/0000950144-02-011845-index.htm",
    "finalLink": "https://www.sec.gov/Archives/edgar/data/915389/000095014402011845/g79134e10vq.htm"
  },
  {
    "date": "2002-06-30",
    "symbol": "EMN",
    "reportedCurrency": "USD",
    "cik": "0000915389",
    "fillingDate": "2002-08-13",
    "acceptedDate": "2002-08-13 11:50:11",
    "calendarYear": "2002",
    "period": "Q2",
    "revenue": 1395000000,
    "costOfRevenue": 1166000000,
    "grossProfit": 229000000,
    "grossProfitRatio": 0.1641577061,
    "researchAndDevelopmentExpenses": 38000000,
    "generalAndAdministrativeExpenses": 0,
    "sellingAndMarketingExpenses": 0,
    "sellingGeneralAndAdministrativeExpenses": 110000000,
    "otherExpenses": 0,
    "operatingExpenses": 148000000,
    "costAndExpenses": 1314000000,
    "interestIncome": 0,
    "interestExpense": 0,
    "depreciationAndAmortization": 100000000,
    "ebitda": 181000000,
    "ebitdaratio": 0.1297491039,
    "operatingIncome": 81000000,
    "operatingIncomeRatio": 0.0580645161,
    "totalOtherIncomeExpensesNet": -21000000,
    "incomeBeforeTax": 60000000,
    "incomeBeforeTaxRatio": 0.0430107527,
    "incomeTaxExpense": 16000000,
    "netIncome": 44000000,
    "netIncomeRatio": 0.0315412186,
    "eps": 0.29,
    "epsdiluted": 0.29,
    "weightedAverageShsOut": 151724138,
    "weightedAverageShsOutDil": 151724138,
    "link": "https://www.sec.gov/Archives/edgar/data/915389/000095014402008371/0000950144-02-008371-index.htm",
    "finalLink": "https://www.sec.gov/Archives/edgar/data/915389/000095014402008371/g77632e10vq.htm"
  },
  {
    "date": "2002-03-31",
    "symbol": "EMN",
    "reportedCurrency": "USD",
    "cik": "0000915389",
    "fillingDate": "2002-05-13",
    "acceptedDate": "2002-05-13 17:26:47",
    "calendarYear": "2002",
    "period": "Q1",
    "revenue": 1236000000,
    "costOfRevenue": 1031000000,
    "grossProfit": 205000000,
    "grossProfitRatio": 0.1658576052,
    "researchAndDevelopmentExpenses": 38000000,
    "generalAndAdministrativeExpenses": 0,
    "sellingAndMarketingExpenses": 0,
    "sellingGeneralAndAdministrativeExpenses": 90000000,
    "otherExpenses": 0,
    "operatingExpenses": 128000000,
    "costAndExpenses": 1159000000,
    "interestIncome": 0,
    "interestExpense": 0,
    "depreciationAndAmortization": 99000000,
    "ebitda": 176000000,
    "ebitdaratio": 0.142394822,
    "operatingIncome": 77000000,
    "operatingIncomeRatio": 0.0622977346,
    "totalOtherIncomeExpensesNet": -44000000,
    "incomeBeforeTax": 33000000,
    "incomeBeforeTaxRatio": 0.0266990291,
    "incomeTaxExpense": 9000000,
    "netIncome": 6000000,
    "netIncomeRatio": 0.0048543689,
    "eps": 0.035,
    "epsdiluted": 0.035,
    "weightedAverageShsOut": 171428571,
    "weightedAverageShsOutDil": 171428571,
    "link": "https://www.sec.gov/Archives/edgar/data/915389/000095014402005234/0000950144-02-005234-index.htm",
    "finalLink": "https://www.sec.gov/Archives/edgar/data/915389/000095014402005234/g76178e10-q.htm"
  },
  {
    "date": "2001-12-31",
    "symbol": "EMN",
    "reportedCurrency": "USD",
    "cik": "0000915389",
    "fillingDate": "2002-03-12",
    "acceptedDate": "2002-03-12 00:00:00",
    "calendarYear": "2001",
    "period": "Q4",
    "revenue": 1271000000,
    "costOfRevenue": 1102000000,
    "grossProfit": 169000000,
    "grossProfitRatio": 0.1329661684,
    "researchAndDevelopmentExpenses": 42000000,
    "generalAndAdministrativeExpenses": 0,
    "sellingAndMarketingExpenses": 0,
    "sellingGeneralAndAdministrativeExpenses": 102000000,
    "otherExpenses": 111000000,
    "operatingExpenses": 255000000,
    "costAndExpenses": 1357000000,
    "interestIncome": 0,
    "interestExpense": 0,
    "depreciationAndAmortization": 112000000,
    "ebitda": 101000000,
    "ebitdaratio": 0.0794649882,
    "operatingIncome": -86000000,
    "operatingIncomeRatio": -0.0676632573,
    "totalOtherIncomeExpensesNet": -56000000,
    "incomeBeforeTax": -142000000,
    "incomeBeforeTaxRatio": -0.1117230527,
    "incomeTaxExpense": -50000000,
    "netIncome": -92000000,
    "netIncomeRatio": -0.0723839496,
    "eps": -0.62,
    "epsdiluted": -0.62,
    "weightedAverageShsOut": 148387097,
    "weightedAverageShsOutDil": 148387097,
    "link": "https://www.sec.gov/Archives/edgar/data/915389/000095014402002235/0000950144-02-002235-index.htm",
    "finalLink": "https://www.sec.gov/Archives/edgar/data/915389/000095014402002235/g74572e10-k405.txt"
  },
  {
    "date": "2001-09-30",
    "symbol": "EMN",
    "reportedCurrency": "USD",
    "cik": "0000915389",
    "fillingDate": "2001-11-14",
    "acceptedDate": "2001-11-14 00:00:00",
    "calendarYear": "2001",
    "period": "Q3",
    "revenue": 1373000000,
    "costOfRevenue": 1134000000,
    "grossProfit": 239000000,
    "grossProfitRatio": 0.1740713765,
    "researchAndDevelopmentExpenses": 39000000,
    "generalAndAdministrativeExpenses": 0,
    "sellingAndMarketingExpenses": 0,
    "sellingGeneralAndAdministrativeExpenses": 101000000,
    "otherExpenses": 29000000,
    "operatingExpenses": 169000000,
    "costAndExpenses": 1303000000,
    "interestIncome": 0,
    "interestExpense": 0,
    "depreciationAndAmortization": 109000000,
    "ebitda": 206000000,
    "ebitdaratio": 0.1500364166,
    "operatingIncome": 70000000,
    "operatingIncomeRatio": 0.0509832484,
    "totalOtherIncomeExpensesNet": 0,
    "incomeBeforeTax": 33000000,
    "incomeBeforeTaxRatio": 0.0240349599,
    "incomeTaxExpense": 10000000,
    "netIncome": 23000000,
    "netIncomeRatio": 0.0167516387,
    "eps": 0.18,
    "epsdiluted": 0.18,
    "weightedAverageShsOut": 153800000,
    "weightedAverageShsOutDil": 154000000,
    "link": "https://www.sec.gov/Archives/edgar/data/915389/000095014401509211/0000950144-01-509211-index.htm",
    "finalLink": "https://www.sec.gov/Archives/edgar/data/915389/000095014401509211/g72556e10-q.txt"
  },
  {
    "date": "2001-06-30",
    "symbol": "EMN",
    "reportedCurrency": "USD",
    "cik": "0000915389",
    "fillingDate": "2001-08-08",
    "acceptedDate": "2001-08-08 00:00:00",
    "calendarYear": "2001",
    "period": "Q2",
    "revenue": 1402000000,
    "costOfRevenue": 1149000000,
    "grossProfit": 253000000,
    "grossProfitRatio": 0.1804564907,
    "researchAndDevelopmentExpenses": 41000000,
    "generalAndAdministrativeExpenses": 0,
    "sellingAndMarketingExpenses": 0,
    "sellingGeneralAndAdministrativeExpenses": 114000000,
    "otherExpenses": 298000000,
    "operatingExpenses": 453000000,
    "costAndExpenses": 1602000000,
    "interestIncome": 0,
    "interestExpense": 0,
    "depreciationAndAmortization": 110000000,
    "ebitda": 498000000,
    "ebitdaratio": 0.3552068474,
    "operatingIncome": -200000000,
    "operatingIncomeRatio": -0.1426533524,
    "totalOtherIncomeExpensesNet": -43000000,
    "incomeBeforeTax": -243000000,
    "incomeBeforeTaxRatio": -0.1733238231,
    "incomeTaxExpense": -96000000,
    "netIncome": -147000000,
    "netIncomeRatio": -0.104850214,
    "eps": -0.96,
    "epsdiluted": -0.96,
    "weightedAverageShsOut": 153125000,
    "weightedAverageShsOutDil": 153125000,
    "link": "https://www.sec.gov/Archives/edgar/data/915389/000095014401505263/0000950144-01-505263-index.htm",
    "finalLink": "https://www.sec.gov/Archives/edgar/data/915389/000095014401505263/g70864e10-q.txt"
  },
  {
    "date": "2001-03-31",
    "symbol": "EMN",
    "reportedCurrency": "USD",
    "cik": "0000915389",
    "fillingDate": "2001-05-07",
    "acceptedDate": "2001-05-07 00:00:00",
    "calendarYear": "2001",
    "period": "Q1",
    "revenue": 1344000000,
    "costOfRevenue": 1112000000,
    "grossProfit": 232000000,
    "grossProfitRatio": 0.1726190476,
    "researchAndDevelopmentExpenses": 38000000,
    "generalAndAdministrativeExpenses": 0,
    "sellingAndMarketingExpenses": 0,
    "sellingGeneralAndAdministrativeExpenses": 98000000,
    "otherExpenses": 0,
    "operatingExpenses": 136000000,
    "costAndExpenses": 1248000000,
    "interestIncome": 0,
    "interestExpense": 0,
    "depreciationAndAmortization": 104000000,
    "ebitda": 200000000,
    "ebitdaratio": 0.1488095238,
    "operatingIncome": 96000000,
    "operatingIncomeRatio": 0.0714285714,
    "totalOtherIncomeExpensesNet": -41000000,
    "incomeBeforeTax": 55000000,
    "incomeBeforeTaxRatio": 0.040922619,
    "incomeTaxExpense": 18000000,
    "netIncome": 37000000,
    "netIncomeRatio": 0.0275297619,
    "eps": 0.24,
    "epsdiluted": 0.24,
    "weightedAverageShsOut": 154166667,
    "weightedAverageShsOutDil": 154166667,
    "link": "https://www.sec.gov/Archives/edgar/data/915389/000095014401501597/0000950144-01-501597-index.htm",
    "finalLink": "https://www.sec.gov/Archives/edgar/data/915389/000095014401501597/g68973e10-q.txt"
  },
  {
    "date": "2000-12-31",
    "symbol": "EMN",
    "reportedCurrency": "USD",
    "cik": "0000915389",
    "fillingDate": "2001-03-02",
    "acceptedDate": "2001-03-02 00:00:00",
    "calendarYear": "2000",
    "period": "Q4",
    "revenue": 1372000000,
    "costOfRevenue": 1137000000,
    "grossProfit": 235000000,
    "grossProfitRatio": 0.1712827988,
    "researchAndDevelopmentExpenses": 37000000,
    "generalAndAdministrativeExpenses": 0,
    "sellingAndMarketingExpenses": 0,
    "sellingGeneralAndAdministrativeExpenses": 95000000,
    "otherExpenses": 0,
    "operatingExpenses": 132000000,
    "costAndExpenses": 1269000000,
    "interestIncome": 0,
    "interestExpense": 0,
    "depreciationAndAmortization": 111000000,
    "ebitda": 214000000,
    "ebitdaratio": 0.1559766764,
    "operatingIncome": 103000000,
    "operatingIncomeRatio": 0.0750728863,
    "totalOtherIncomeExpensesNet": -26000000,
    "incomeBeforeTax": 77000000,
    "incomeBeforeTaxRatio": 0.056122449,
    "incomeTaxExpense": 25000000,
    "netIncome": 52000000,
    "netIncomeRatio": 0.0379008746,
    "eps": 0.34,
    "epsdiluted": 0.34,
    "weightedAverageShsOut": 152270886,
    "weightedAverageShsOutDil": 152755906,
    "link": "https://www.sec.gov/Archives/edgar/data/915389/000095014401003269/0000950144-01-003269-index.htm",
    "finalLink": "https://www.sec.gov/Archives/edgar/data/915389/000095014401003269/g67238e10-k405.txt"
  },
  {
    "date": "2000-09-30",
    "symbol": "EMN",
    "reportedCurrency": "USD",
    "cik": "0000915389",
    "fillingDate": "2000-11-08",
    "acceptedDate": "2000-11-08 00:00:00",
    "calendarYear": "2000",
    "period": "Q3",
    "revenue": 1387000000,
    "costOfRevenue": 1092000000,
    "grossProfit": 295000000,
    "grossProfitRatio": 0.2126892574,
    "researchAndDevelopmentExpenses": 38000000,
    "generalAndAdministrativeExpenses": 0,
    "sellingAndMarketingExpenses": 0,
    "sellingGeneralAndAdministrativeExpenses": 90000000,
    "otherExpenses": 13000000,
    "operatingExpenses": 141000000,
    "costAndExpenses": 1233000000,
    "interestIncome": 0,
    "interestExpense": 0,
    "depreciationAndAmortization": 108000000,
    "ebitda": 275000000,
    "ebitdaratio": 0.1982696467,
    "operatingIncome": 154000000,
    "operatingIncomeRatio": 0.1110310022,
    "totalOtherIncomeExpensesNet": -9000000,
    "incomeBeforeTax": 145000000,
    "incomeBeforeTaxRatio": 0.1045421774,
    "incomeTaxExpense": 48000000,
    "netIncome": 97000000,
    "netIncomeRatio": 0.0699351118,
    "eps": 0.64,
    "epsdiluted": 0.64,
    "weightedAverageShsOut": 153200000,
    "weightedAverageShsOutDil": 153400000,
    "link": "https://www.sec.gov/Archives/edgar/data/915389/000095014400013108/0000950144-00-013108-index.htm",
    "finalLink": "https://www.sec.gov/Archives/edgar/data/915389/000095014400013108/g65044e10-q.txt"
  },
  {
    "date": "2000-06-30",
    "symbol": "EMN",
    "reportedCurrency": "USD",
    "cik": "0000915389",
    "fillingDate": "2000-08-09",
    "acceptedDate": "2000-08-09 00:00:00",
    "calendarYear": "2000",
    "period": "Q2",
    "revenue": 1316000000,
    "costOfRevenue": 1026000000,
    "grossProfit": 290000000,
    "grossProfitRatio": 0.2203647416,
    "researchAndDevelopmentExpenses": 36000000,
    "generalAndAdministrativeExpenses": 0,
    "sellingAndMarketingExpenses": 0,
    "sellingGeneralAndAdministrativeExpenses": 81000000,
    "otherExpenses": 0,
    "operatingExpenses": 117000000,
    "costAndExpenses": 1143000000,
    "interestIncome": 0,
    "interestExpense": 0,
    "depreciationAndAmortization": 103000000,
    "ebitda": 276000000,
    "ebitdaratio": 0.2097264438,
    "operatingIncome": 173000000,
    "operatingIncomeRatio": 0.1314589666,
    "totalOtherIncomeExpensesNet": -45000000,
    "incomeBeforeTax": 128000000,
    "incomeBeforeTaxRatio": 0.0972644377,
    "incomeTaxExpense": 42000000,
    "netIncome": 86000000,
    "netIncomeRatio": 0.0653495441,
    "eps": 0.56,
    "epsdiluted": 0.56,
    "weightedAverageShsOut": 153571429,
    "weightedAverageShsOutDil": 153571429,
    "link": "https://www.sec.gov/Archives/edgar/data/915389/000095014400009630/0000950144-00-009630-index.htm",
    "finalLink": "https://www.sec.gov/Archives/edgar/data/915389/000095014400009630/e10-q.txt"
  },
  {
    "date": "2000-03-31",
    "symbol": "EMN",
    "reportedCurrency": "USD",
    "cik": "0000915389",
    "fillingDate": "2000-05-05",
    "acceptedDate": "2000-05-05 00:00:00",
    "calendarYear": "2000",
    "period": "Q1",
    "revenue": 1217000000,
    "costOfRevenue": 967000000,
    "grossProfit": 250000000,
    "grossProfitRatio": 0.2054231717,
    "researchAndDevelopmentExpenses": 38000000,
    "generalAndAdministrativeExpenses": 0,
    "sellingAndMarketingExpenses": 0,
    "sellingGeneralAndAdministrativeExpenses": 80000000,
    "otherExpenses": 0,
    "operatingExpenses": 118000000,
    "costAndExpenses": 1085000000,
    "interestIncome": 0,
    "interestExpense": 0,
    "depreciationAndAmortization": 96000000,
    "ebitda": 228000000,
    "ebitdaratio": 0.1873459326,
    "operatingIncome": 132000000,
    "operatingIncomeRatio": 0.1084634347,
    "totalOtherIncomeExpensesNet": -30000000,
    "incomeBeforeTax": 102000000,
    "incomeBeforeTaxRatio": 0.0838126541,
    "incomeTaxExpense": 34000000,
    "netIncome": 68000000,
    "netIncomeRatio": 0.0558751027,
    "eps": 0.44,
    "epsdiluted": 0.44,
    "weightedAverageShsOut": 154545455,
    "weightedAverageShsOutDil": 154545455,
    "link": "https://www.sec.gov/Archives/edgar/data/915389/000095014400005954/0000950144-00-005954-index.html",
    "finalLink": "https://www.sec.gov/Archives/edgar/data/915389/000095014400005954/"
  },
  {
    "date": "1999-12-31",
    "symbol": "EMN",
    "reportedCurrency": "USD",
    "cik": "0000915389",
    "fillingDate": "2000-03-06",
    "acceptedDate": "2000-03-06 00:00:00",
    "calendarYear": "1999",
    "period": "Q4",
    "revenue": 1255000000,
    "costOfRevenue": 1067000000,
    "grossProfit": 188000000,
    "grossProfitRatio": 0.1498007968,
    "researchAndDevelopmentExpenses": 47000000,
    "generalAndAdministrativeExpenses": 0,
    "sellingAndMarketingExpenses": 0,
    "sellingGeneralAndAdministrativeExpenses": 103000000,
    "otherExpenses": 78000000,
    "operatingExpenses": 228000000,
    "costAndExpenses": 1295000000,
    "interestIncome": 0,
    "interestExpense": 0,
    "depreciationAndAmortization": 101000000,
    "ebitda": 86000000,
    "ebitdaratio": 0.0685258964,
    "operatingIncome": -40000000,
    "operatingIncomeRatio": -0.03187251,
    "totalOtherIncomeExpensesNet": -37000000,
    "incomeBeforeTax": -77000000,
    "incomeBeforeTaxRatio": -0.0613545817,
    "incomeTaxExpense": -25000000,
    "netIncome": -52000000,
    "netIncomeRatio": -0.0414342629,
    "eps": -0.33,
    "epsdiluted": -0.33,
    "weightedAverageShsOut": 156000000,
    "weightedAverageShsOutDil": 156000000,
    "link": "https://www.sec.gov/Archives/edgar/data/915389/000095014400002925/0000950144-00-002925-index.html",
    "finalLink": "https://www.sec.gov/Archives/edgar/data/915389/000095014400002925/"
  },
  {
    "date": "1999-09-30",
    "symbol": "EMN",
    "reportedCurrency": "USD",
    "cik": "0000915389",
    "fillingDate": "1999-11-05",
    "acceptedDate": "1999-11-05 00:00:00",
    "calendarYear": "1999",
    "period": "Q3",
    "revenue": 1190000000,
    "costOfRevenue": 976000000,
    "grossProfit": 214000000,
    "grossProfitRatio": 0.1798319328,
    "researchAndDevelopmentExpenses": 46000000,
    "generalAndAdministrativeExpenses": 0,
    "sellingAndMarketingExpenses": 0,
    "sellingGeneralAndAdministrativeExpenses": 93000000,
    "otherExpenses": 0,
    "operatingExpenses": 139000000,
    "costAndExpenses": 1115000000,
    "interestIncome": 0,
    "interestExpense": 0,
    "depreciationAndAmortization": 105000000,
    "ebitda": 180000000,
    "ebitdaratio": 0.1512605042,
    "operatingIncome": 75000000,
    "operatingIncomeRatio": 0.0630252101,
    "totalOtherIncomeExpensesNet": -26000000,
    "incomeBeforeTax": 49000000,
    "incomeBeforeTaxRatio": 0.0411764706,
    "incomeTaxExpense": 16000000,
    "netIncome": 33000000,
    "netIncomeRatio": 0.0277310924,
    "eps": 0.21,
    "epsdiluted": 0.21,
    "weightedAverageShsOut": 156000000,
    "weightedAverageShsOutDil": 156800000,
    "link": "https://www.sec.gov/Archives/edgar/data/915389/000095014499012407/0000950144-99-012407-index.html",
    "finalLink": "https://www.sec.gov/Archives/edgar/data/915389/000095014499012407/0000950144-99-012407-d1.html"
  },
  {
    "date": "1999-06-30",
    "symbol": "EMN",
    "reportedCurrency": "USD",
    "cik": "0000915389",
    "fillingDate": "1999-08-03",
    "acceptedDate": "1999-08-03 00:00:00",
    "calendarYear": "1999",
    "period": "Q2",
    "revenue": 1122000000,
    "costOfRevenue": 897000000,
    "grossProfit": 225000000,
    "grossProfitRatio": 0.2005347594,
    "researchAndDevelopmentExpenses": 46000000,
    "generalAndAdministrativeExpenses": 0,
    "sellingAndMarketingExpenses": 0,
    "sellingGeneralAndAdministrativeExpenses": 83000000,
    "otherExpenses": 0,
    "operatingExpenses": 129000000,
    "costAndExpenses": 1026000000,
    "interestIncome": 0,
    "interestExpense": 0,
    "depreciationAndAmortization": 90000000,
    "ebitda": 186000000,
    "ebitdaratio": 0.1657754011,
    "operatingIncome": 96000000,
    "operatingIncomeRatio": 0.0855614973,
    "totalOtherIncomeExpensesNet": -32000000,
    "incomeBeforeTax": 64000000,
    "incomeBeforeTaxRatio": 0.0570409982,
    "incomeTaxExpense": 21000000,
    "netIncome": 43000000,
    "netIncomeRatio": 0.0383244207,
    "eps": 0.28,
    "epsdiluted": 0.27,
    "weightedAverageShsOut": 156000000,
    "weightedAverageShsOutDil": 156800000,
    "link": "https://www.sec.gov/Archives/edgar/data/915389/000095014499009495/0000950144-99-009495-index.html",
    "finalLink": "https://www.sec.gov/Archives/edgar/data/915389/000095014499009495/"
  },
  {
    "date": "1999-03-31",
    "symbol": "EMN",
    "reportedCurrency": "USD",
    "cik": "0000915389",
    "fillingDate": "1999-05-05",
    "acceptedDate": "1999-05-05 00:00:00",
    "calendarYear": "1999",
    "period": "Q1",
    "revenue": 1023000000,
    "costOfRevenue": 829000000,
    "grossProfit": 194000000,
    "grossProfitRatio": 0.1896383187,
    "researchAndDevelopmentExpenses": 47000000,
    "generalAndAdministrativeExpenses": 0,
    "sellingAndMarketingExpenses": 0,
    "sellingGeneralAndAdministrativeExpenses": 76000000,
    "otherExpenses": 0,
    "operatingExpenses": 123000000,
    "costAndExpenses": 952000000,
    "interestIncome": 0,
    "interestExpense": 0,
    "depreciationAndAmortization": 87000000,
    "ebitda": 158000000,
    "ebitdaratio": 0.1544477028,
    "operatingIncome": 71000000,
    "operatingIncomeRatio": 0.0694037146,
    "totalOtherIncomeExpensesNet": -34000000,
    "incomeBeforeTax": 37000000,
    "incomeBeforeTaxRatio": 0.0361681329,
    "incomeTaxExpense": 12000000,
    "netIncome": 25000000,
    "netIncomeRatio": 0.0244379277,
    "eps": 0.16,
    "epsdiluted": 0.16,
    "weightedAverageShsOut": 157400000,
    "weightedAverageShsOutDil": 157600000,
    "link": "https://www.sec.gov/Archives/edgar/data/915389/000095014499005328/0000950144-99-005328-index.html",
    "finalLink": "https://www.sec.gov/Archives/edgar/data/915389/"
  },
  {
    "date": "1998-12-31",
    "symbol": "EMN",
    "reportedCurrency": "USD",
    "cik": "0000915389",
    "fillingDate": "1999-03-05",
    "acceptedDate": "1999-03-05 00:00:00",
    "calendarYear": "1998",
    "period": "Q4",
    "revenue": 1037000000,
    "costOfRevenue": 914000000,
    "grossProfit": 123000000,
    "grossProfitRatio": 0.118611379,
    "researchAndDevelopmentExpenses": 46000000,
    "generalAndAdministrativeExpenses": 0,
    "sellingAndMarketingExpenses": 0,
    "sellingGeneralAndAdministrativeExpenses": 81000000,
    "otherExpenses": 0,
    "operatingExpenses": 127000000,
    "costAndExpenses": 1041000000,
    "interestIncome": 0,
    "interestExpense": 0,
    "depreciationAndAmortization": 93000000,
    "ebitda": 89000000,
    "ebitdaratio": 0.0858244937,
    "operatingIncome": -4000000,
    "operatingIncomeRatio": -0.0038572806,
    "totalOtherIncomeExpensesNet": -22000000,
    "incomeBeforeTax": -26000000,
    "incomeBeforeTaxRatio": -0.025072324,
    "incomeTaxExpense": -24000000,
    "netIncome": -2000000,
    "netIncomeRatio": -0.0019286403,
    "eps": -0.0126,
    "epsdiluted": -0.0126,
    "weightedAverageShsOut": 158200000,
    "weightedAverageShsOutDil": 158200000,
    "link": "https://www.sec.gov/Archives/edgar/data/915389/000095014499002429/0000950144-99-002429-index.html",
    "finalLink": "https://www.sec.gov/Archives/edgar/data/915389/"
  },
  {
    "date": "1998-09-30",
    "symbol": "EMN",
    "reportedCurrency": "USD",
    "cik": "0000915389",
    "fillingDate": "1998-11-03",
    "acceptedDate": "1998-11-03 00:00:00",
    "calendarYear": "1998",
    "period": "Q3",
    "revenue": 1131000000,
    "costOfRevenue": 870000000,
    "grossProfit": 261000000,
    "grossProfitRatio": 0.2307692308,
    "researchAndDevelopmentExpenses": 45000000,
    "generalAndAdministrativeExpenses": 0,
    "sellingAndMarketingExpenses": 0,
    "sellingGeneralAndAdministrativeExpenses": 75000000,
    "otherExpenses": 0,
    "operatingExpenses": 120000000,
    "costAndExpenses": 990000000,
    "interestIncome": 0,
    "interestExpense": 0,
    "depreciationAndAmortization": 90000000,
    "ebitda": 231000000,
    "ebitdaratio": 0.2042440318,
    "operatingIncome": 141000000,
    "operatingIncomeRatio": 0.124668435,
    "totalOtherIncomeExpensesNet": -18000000,
    "incomeBeforeTax": 123000000,
    "incomeBeforeTaxRatio": 0.1087533156,
    "incomeTaxExpense": 43000000,
    "netIncome": 80000000,
    "netIncomeRatio": 0.0707338638,
    "eps": 0.51,
    "epsdiluted": 0.5,
    "weightedAverageShsOut": 158200000,
    "weightedAverageShsOutDil": 159000000,
    "link": "https://www.sec.gov/Archives/edgar/data/915389/000095014498011949/0000950144-98-011949-index.html",
    "finalLink": "https://www.sec.gov/Archives/edgar/data/915389/"
  },
  {
    "date": "1998-06-30",
    "symbol": "EMN",
    "reportedCurrency": "USD",
    "cik": "0000915389",
    "fillingDate": "1998-08-03",
    "acceptedDate": "1998-08-03 00:00:00",
    "calendarYear": "1998",
    "period": "Q2",
    "revenue": 1165000000,
    "costOfRevenue": 868000000,
    "grossProfit": 297000000,
    "grossProfitRatio": 0.2549356223,
    "researchAndDevelopmentExpenses": 48000000,
    "generalAndAdministrativeExpenses": 0,
    "sellingAndMarketingExpenses": 0,
    "sellingGeneralAndAdministrativeExpenses": 85000000,
    "otherExpenses": 0,
    "operatingExpenses": 133000000,
    "costAndExpenses": 1001000000,
    "interestIncome": 0,
    "interestExpense": 0,
    "depreciationAndAmortization": 86000000,
    "ebitda": 250000000,
    "ebitdaratio": 0.2145922747,
    "operatingIncome": 164000000,
    "operatingIncomeRatio": 0.1407725322,
    "totalOtherIncomeExpensesNet": -15000000,
    "incomeBeforeTax": 149000000,
    "incomeBeforeTaxRatio": 0.1278969957,
    "incomeTaxExpense": 52000000,
    "netIncome": 97000000,
    "netIncomeRatio": 0.0832618026,
    "eps": 0.61,
    "epsdiluted": 0.61,
    "weightedAverageShsOut": 158000000,
    "weightedAverageShsOutDil": 159800000,
    "link": "https://www.sec.gov/Archives/edgar/data/915389/000095014498009023/0000950144-98-009023-index.html",
    "finalLink": "https://www.sec.gov/Archives/edgar/data/915389/"
  },
  {
    "date": "1998-03-31",
    "symbol": "EMN",
    "reportedCurrency": "USD",
    "cik": "0000915389",
    "fillingDate": "1998-05-06",
    "acceptedDate": "1998-05-06 00:00:00",
    "calendarYear": "1998",
    "period": "Q1",
    "revenue": 1148000000,
    "costOfRevenue": 894000000,
    "grossProfit": 254000000,
    "grossProfitRatio": 0.2212543554,
    "researchAndDevelopmentExpenses": 46000000,
    "generalAndAdministrativeExpenses": 0,
    "sellingAndMarketingExpenses": 0,
    "sellingGeneralAndAdministrativeExpenses": 75000000,
    "otherExpenses": 0,
    "operatingExpenses": 121000000,
    "costAndExpenses": 1015000000,
    "interestIncome": 0,
    "interestExpense": 0,
    "depreciationAndAmortization": 82000000,
    "ebitda": 215000000,
    "ebitdaratio": 0.18728223,
    "operatingIncome": 133000000,
    "operatingIncomeRatio": 0.1158536585,
    "totalOtherIncomeExpensesNet": -19000000,
    "incomeBeforeTax": 114000000,
    "incomeBeforeTaxRatio": 0.0993031359,
    "incomeTaxExpense": 40000000,
    "netIncome": 74000000,
    "netIncomeRatio": 0.0644599303,
    "eps": 0.48,
    "epsdiluted": 0.47,
    "weightedAverageShsOut": 156800000,
    "weightedAverageShsOutDil": 158400000,
    "link": "https://www.sec.gov/Archives/edgar/data/915389/000095014498005589/0000950144-98-005589-index.html",
    "finalLink": "https://www.sec.gov/Archives/edgar/data/915389/"
  },
  {
    "date": "1997-12-31",
    "symbol": "EMN",
    "reportedCurrency": "USD",
    "cik": "0000915389",
    "fillingDate": "1998-03-06",
    "acceptedDate": "1998-03-06 00:00:00",
    "calendarYear": "1997",
    "period": "Q4",
    "revenue": 1154000000,
    "costOfRevenue": 889000000,
    "grossProfit": 265000000,
    "grossProfitRatio": 0.2296360485,
    "researchAndDevelopmentExpenses": 46000000,
    "generalAndAdministrativeExpenses": 0,
    "sellingAndMarketingExpenses": 0,
    "sellingGeneralAndAdministrativeExpenses": 90000000,
    "otherExpenses": 62000000,
    "operatingExpenses": 198000000,
    "costAndExpenses": 1087000000,
    "interestIncome": 0,
    "interestExpense": 0,
    "depreciationAndAmortization": 85000000,
    "ebitda": 152000000,
    "ebitdaratio": 0.1317157712,
    "operatingIncome": 67000000,
    "operatingIncomeRatio": 0.0580589255,
    "totalOtherIncomeExpensesNet": -24000000,
    "incomeBeforeTax": 43000000,
    "incomeBeforeTaxRatio": 0.0372616984,
    "incomeTaxExpense": 15000000,
    "netIncome": 28000000,
    "netIncomeRatio": 0.0242634315,
    "eps": 0.18,
    "epsdiluted": 0.18,
    "weightedAverageShsOut": 156400000,
    "weightedAverageShsOutDil": 156400000,
    "link": "https://www.sec.gov/Archives/edgar/data/915389/000095014498002381/0000950144-98-002381-index.html",
    "finalLink": "https://www.sec.gov/Archives/edgar/data/915389/"
  },
  {
    "date": "1997-09-30",
    "symbol": "EMN",
    "reportedCurrency": "USD",
    "cik": "0000915389",
    "fillingDate": "1997-10-29",
    "acceptedDate": "1997-10-29 00:00:00",
    "calendarYear": "1997",
    "period": "Q3",
    "revenue": 1145000000,
    "costOfRevenue": 857000000,
    "grossProfit": 288000000,
    "grossProfitRatio": 0.2515283843,
    "researchAndDevelopmentExpenses": 55000000,
    "generalAndAdministrativeExpenses": 0,
    "sellingAndMarketingExpenses": 0,
    "sellingGeneralAndAdministrativeExpenses": 85000000,
    "otherExpenses": 0,
    "operatingExpenses": 140000000,
    "costAndExpenses": 997000000,
    "interestIncome": 0,
    "interestExpense": 0,
    "depreciationAndAmortization": 83000000,
    "ebitda": 231000000,
    "ebitdaratio": 0.2017467249,
    "operatingIncome": 148000000,
    "operatingIncomeRatio": 0.1292576419,
    "totalOtherIncomeExpensesNet": 0,
    "incomeBeforeTax": 148000000,
    "incomeBeforeTaxRatio": 0.1292576419,
    "incomeTaxExpense": 52000000,
    "netIncome": 96000000,
    "netIncomeRatio": 0.0838427948,
    "eps": 0.62,
    "epsdiluted": 0.61,
    "weightedAverageShsOut": 156400000,
    "weightedAverageShsOutDil": 157800000,
    "link": "https://www.sec.gov/Archives/edgar/data/915389/000095014497011328/0000950144-97-011328-index.html",
    "finalLink": "https://www.sec.gov/Archives/edgar/data/915389/"
  },
  {
    "date": "1997-06-30",
    "symbol": "EMN",
    "reportedCurrency": "USD",
    "cik": "0000915389",
    "fillingDate": "1997-07-31",
    "acceptedDate": "1997-07-31 00:00:00",
    "calendarYear": "1997",
    "period": "Q2",
    "revenue": 1208000000,
    "costOfRevenue": 925000000,
    "grossProfit": 283000000,
    "grossProfitRatio": 0.2342715232,
    "researchAndDevelopmentExpenses": 42000000,
    "generalAndAdministrativeExpenses": 0,
    "sellingAndMarketingExpenses": 0,
    "sellingGeneralAndAdministrativeExpenses": 84000000,
    "otherExpenses": 0,
    "operatingExpenses": 126000000,
    "costAndExpenses": 1051000000,
    "interestIncome": 0,
    "interestExpense": 0,
    "depreciationAndAmortization": 80000000,
    "ebitda": 237000000,
    "ebitdaratio": 0.196192053,
    "operatingIncome": 157000000,
    "operatingIncomeRatio": 0.1299668874,
    "totalOtherIncomeExpensesNet": -16000000,
    "incomeBeforeTax": 141000000,
    "incomeBeforeTaxRatio": 0.1167218543,
    "incomeTaxExpense": 51000000,
    "netIncome": 90000000,
    "netIncomeRatio": 0.0745033113,
    "eps": 0.57,
    "epsdiluted": 0.57,
    "weightedAverageShsOut": 156400000,
    "weightedAverageShsOutDil": 157600000,
    "link": "https://www.sec.gov/Archives/edgar/data/915389/000095014497008395/0000950144-97-008395-index.html",
    "finalLink": "https://www.sec.gov/Archives/edgar/data/915389/"
  },
  {
    "date": "1997-03-31",
    "symbol": "EMN",
    "reportedCurrency": "USD",
    "cik": "0000915389",
    "fillingDate": "1997-05-07",
    "acceptedDate": "1997-05-07 00:00:00",
    "calendarYear": "1997",
    "period": "Q1",
    "revenue": 1171000000,
    "costOfRevenue": 911000000,
    "grossProfit": 260000000,
    "grossProfitRatio": 0.2220324509,
    "researchAndDevelopmentExpenses": 48000000,
    "generalAndAdministrativeExpenses": 0,
    "sellingAndMarketingExpenses": 0,
    "sellingGeneralAndAdministrativeExpenses": 78000000,
    "otherExpenses": 0,
    "operatingExpenses": 126000000,
    "costAndExpenses": 1037000000,
    "interestIncome": 0,
    "interestExpense": 0,
    "depreciationAndAmortization": 79000000,
    "ebitda": 213000000,
    "ebitdaratio": 0.1818958155,
    "operatingIncome": 134000000,
    "operatingIncomeRatio": 0.1144321093,
    "totalOtherIncomeExpensesNet": -20000000,
    "incomeBeforeTax": 114000000,
    "incomeBeforeTaxRatio": 0.09735269,
    "incomeTaxExpense": 42000000,
    "netIncome": 72000000,
    "netIncomeRatio": 0.0614859095,
    "eps": 0.47,
    "epsdiluted": 0.46,
    "weightedAverageShsOut": 155200000,
    "weightedAverageShsOutDil": 156400000,
    "link": "https://www.sec.gov/Archives/edgar/data/915389/000095014497005169/0000950144-97-005169-index.html",
    "finalLink": "https://www.sec.gov/Archives/edgar/data/915389/"
  },
  {
    "date": "1996-12-31",
    "symbol": "EMN",
    "reportedCurrency": "USD",
    "cik": "0000915389",
    "fillingDate": "1997-03-13",
    "acceptedDate": "1997-03-13 00:00:00",
    "calendarYear": "1996",
    "period": "Q4",
    "revenue": 1113000000,
    "costOfRevenue": 554000000,
    "grossProfit": 559000000,
    "grossProfitRatio": 0.5022461815,
    "researchAndDevelopmentExpenses": 47000000,
    "generalAndAdministrativeExpenses": 0,
    "sellingAndMarketingExpenses": 0,
    "sellingGeneralAndAdministrativeExpenses": 85000000,
    "otherExpenses": 314000000,
    "operatingExpenses": 446000000,
    "costAndExpenses": 1000000000,
    "interestIncome": 0,
    "interestExpense": 0,
    "depreciationAndAmortization": 82000000,
    "ebitda": 195000000,
    "ebitdaratio": 0.1752021563,
    "operatingIncome": 113000000,
    "operatingIncomeRatio": 0.1015274034,
    "totalOtherIncomeExpensesNet": -17000000,
    "incomeBeforeTax": 96000000,
    "incomeBeforeTaxRatio": 0.0862533693,
    "incomeTaxExpense": 36000000,
    "netIncome": 60000000,
    "netIncomeRatio": 0.0539083558,
    "eps": 0.39,
    "epsdiluted": 0.39,
    "weightedAverageShsOut": 155200000,
    "weightedAverageShsOutDil": 155800000,
    "link": "https://www.sec.gov/Archives/edgar/data/915389/000095014497002334/0000950144-97-002334-index.html",
    "finalLink": "https://www.sec.gov/Archives/edgar/data/915389/"
  },
  {
    "date": "1996-09-30",
    "symbol": "EMN",
    "reportedCurrency": "USD",
    "cik": "0000915389",
    "fillingDate": "1996-11-05",
    "acceptedDate": "1996-11-05 00:00:00",
    "calendarYear": "1996",
    "period": "Q3",
    "revenue": 1167000000,
    "costOfRevenue": 873000000,
    "grossProfit": 294000000,
    "grossProfitRatio": 0.2519280206,
    "researchAndDevelopmentExpenses": 47000000,
    "generalAndAdministrativeExpenses": 0,
    "sellingAndMarketingExpenses": 0,
    "sellingGeneralAndAdministrativeExpenses": 78000000,
    "otherExpenses": 0,
    "operatingExpenses": 125000000,
    "costAndExpenses": 998000000,
    "interestIncome": 0,
    "interestExpense": 0,
    "depreciationAndAmortization": 80000000,
    "ebitda": 249000000,
    "ebitdaratio": 0.2133676093,
    "operatingIncome": 169000000,
    "operatingIncomeRatio": 0.1448157669,
    "totalOtherIncomeExpensesNet": -13000000,
    "incomeBeforeTax": 156000000,
    "incomeBeforeTaxRatio": 0.1336760925,
    "incomeTaxExpense": 60000000,
    "netIncome": 96000000,
    "netIncomeRatio": 0.0822622108,
    "eps": 0.62,
    "epsdiluted": 0.61,
    "weightedAverageShsOut": 155800000,
    "weightedAverageShsOutDil": 157200000,
    "link": "https://www.sec.gov/Archives/edgar/data/915389/000095014496007578/0000950144-96-007578-index.html",
    "finalLink": "https://www.sec.gov/Archives/edgar/data/915389/"
  },
  {
    "date": "1996-06-30",
    "symbol": "EMN",
    "reportedCurrency": "USD",
    "cik": "0000915389",
    "fillingDate": "1996-08-06",
    "acceptedDate": "1996-08-06 00:00:00",
    "calendarYear": "1996",
    "period": "Q2",
    "revenue": 1241000000,
    "costOfRevenue": 922000000,
    "grossProfit": 319000000,
    "grossProfitRatio": 0.2570507655,
    "researchAndDevelopmentExpenses": 44000000,
    "generalAndAdministrativeExpenses": 0,
    "sellingAndMarketingExpenses": 0,
    "sellingGeneralAndAdministrativeExpenses": 85000000,
    "otherExpenses": 0,
    "operatingExpenses": 129000000,
    "costAndExpenses": 1051000000,
    "interestIncome": 0,
    "interestExpense": 0,
    "depreciationAndAmortization": 76000000,
    "ebitda": 266000000,
    "ebitdaratio": 0.2143432716,
    "operatingIncome": 190000000,
    "operatingIncomeRatio": 0.1531023368,
    "totalOtherIncomeExpensesNet": -13000000,
    "incomeBeforeTax": 177000000,
    "incomeBeforeTaxRatio": 0.1426269138,
    "incomeTaxExpense": 65000000,
    "netIncome": 112000000,
    "netIncomeRatio": 0.0902497985,
    "eps": 0.71,
    "epsdiluted": 0.71,
    "weightedAverageShsOut": 157400000,
    "weightedAverageShsOutDil": 159200000,
    "link": "https://www.sec.gov/Archives/edgar/data/915389/000095014496004866/0000950144-96-004866-index.html",
    "finalLink": "https://www.sec.gov/Archives/edgar/data/915389/"
  },
  {
    "date": "1996-03-31",
    "symbol": "EMN",
    "reportedCurrency": "USD",
    "cik": "0000915389",
    "fillingDate": "1996-03-31",
    "acceptedDate": "1996-03-31 00:00:00",
    "calendarYear": "1996",
    "period": "Q1",
    "revenue": 1261000000,
    "costOfRevenue": 864000000,
    "grossProfit": 397000000,
    "grossProfitRatio": 0.3148295004,
    "researchAndDevelopmentExpenses": 46000000,
    "generalAndAdministrativeExpenses": 0,
    "sellingAndMarketingExpenses": 0,
    "sellingGeneralAndAdministrativeExpenses": 84000000,
    "otherExpenses": 76000000,
    "operatingExpenses": 206000000,
    "costAndExpenses": 1070000000,
    "interestIncome": 0,
    "interestExpense": 0,
    "depreciationAndAmortization": 76000000,
    "ebitda": 267000000,
    "ebitdaratio": 0.2117367169,
    "operatingIncome": 191000000,
    "operatingIncomeRatio": 0.1514670896,
    "totalOtherIncomeExpensesNet": -13000000,
    "incomeBeforeTax": 178000000,
    "incomeBeforeTaxRatio": 0.1411578113,
    "incomeTaxExpense": 66000000,
    "netIncome": 112000000,
    "netIncomeRatio": 0.0888183981,
    "eps": 0.71,
    "epsdiluted": 0.7,
    "weightedAverageShsOut": 159400000,
    "weightedAverageShsOutDil": 161200000,
    "link": null,
    "finalLink": null
  },
  {
    "date": "1995-12-31",
    "symbol": "EMN",
    "reportedCurrency": "USD",
    "cik": "0000915389",
    "fillingDate": "1995-12-31",
    "acceptedDate": "1995-12-31 00:00:00",
    "calendarYear": "1995",
    "period": "Q4",
    "revenue": 1221000000,
    "costOfRevenue": 791000000,
    "grossProfit": 430000000,
    "grossProfitRatio": 0.3521703522,
    "researchAndDevelopmentExpenses": 48000000,
    "generalAndAdministrativeExpenses": 0,
    "sellingAndMarketingExpenses": 0,
    "sellingGeneralAndAdministrativeExpenses": 93000000,
    "otherExpenses": 78000000,
    "operatingExpenses": 219000000,
    "costAndExpenses": 1010000000,
    "interestIncome": 0,
    "interestExpense": 0,
    "depreciationAndAmortization": 78000000,
    "ebitda": 289000000,
    "ebitdaratio": 0.2366912367,
    "operatingIncome": 211000000,
    "operatingIncomeRatio": 0.1728091728,
    "totalOtherIncomeExpensesNet": -19000000,
    "incomeBeforeTax": 192000000,
    "incomeBeforeTaxRatio": 0.1572481572,
    "incomeTaxExpense": 71000000,
    "netIncome": 121000000,
    "netIncomeRatio": 0.0990990991,
    "eps": 0.75,
    "epsdiluted": 0.75,
    "weightedAverageShsOut": 160400000,
    "weightedAverageShsOutDil": 162000000,
    "link": null,
    "finalLink": null
  },
  {
    "date": "1995-09-30",
    "symbol": "EMN",
    "reportedCurrency": "USD",
    "cik": "0000915389",
    "fillingDate": "1995-09-30",
    "acceptedDate": "1995-09-30 00:00:00",
    "calendarYear": "1995",
    "period": "Q3",
    "revenue": 1266000000,
    "costOfRevenue": 780000000,
    "grossProfit": 486000000,
    "grossProfitRatio": 0.3838862559,
    "researchAndDevelopmentExpenses": 46000000,
    "generalAndAdministrativeExpenses": 0,
    "sellingAndMarketingExpenses": 0,
    "sellingGeneralAndAdministrativeExpenses": 102000000,
    "otherExpenses": 78000000,
    "operatingExpenses": 226000000,
    "costAndExpenses": 1006000000,
    "interestIncome": 0,
    "interestExpense": 0,
    "depreciationAndAmortization": 78000000,
    "ebitda": 338000000,
    "ebitdaratio": 0.2669826224,
    "operatingIncome": 260000000,
    "operatingIncomeRatio": 0.205371248,
    "totalOtherIncomeExpensesNet": -21000000,
    "incomeBeforeTax": 239000000,
    "incomeBeforeTaxRatio": 0.1887835703,
    "incomeTaxExpense": 91000000,
    "netIncome": 148000000,
    "netIncomeRatio": 0.1169036335,
    "eps": 0.91,
    "epsdiluted": 0.91,
    "weightedAverageShsOut": 162000000,
    "weightedAverageShsOutDil": 163800000,
    "link": null,
    "finalLink": null
  }
]