[
  {
    "date": "2024-12-31",
    "symbol": "EMN",
    "reportedCurrency": "USD",
    "cik": "0000915389",
    "fillingDate": "2025-02-14",
    "acceptedDate": "2025-02-14 12:23:25",
    "calendarYear": "2024",
    "period": "FY",
    "revenue": 9374000000,
    "costOfRevenue": 7044000000,
    "grossProfit": 2330000000,
    "grossProfitRatio": 0.2485598464,
    "researchAndDevelopmentExpenses": 250000000,
    "generalAndAdministrativeExpenses": 0,
    "sellingAndMarketingExpenses": 0,
    "sellingGeneralAndAdministrativeExpenses": 736000000,
    "otherExpenses": 0,
    "operatingExpenses": 986000000,
    "costAndExpenses": 8030000000,
    "interestIncome": 16000000,
    "interestExpense": 216000000,
    "depreciationAndAmortization": 509000000,
    "ebitda": 1800000000,
    "ebitdaratio": 0.1920204822,
    "operatingIncome": 1344000000,
    "operatingIncomeRatio": 0.1433752934,
    "totalOtherIncomeExpensesNet": -266000000,
    "incomeBeforeTax": 1078000000,
    "incomeBeforeTaxRatio": 0.1149989332,
    "incomeTaxExpense": 170000000,
    "netIncome": 905000000,
    "netIncomeRatio": 0.0965436313,
    "eps": 7.75,
    "epsdiluted": 7.67,
    "weightedAverageShsOut": 116700000,
    "weightedAverageShsOutDil": 117900000,
    "link": "https://www.sec.gov/Archives/edgar/data/915389/000091538925000012/0000915389-25-000012-index.htm",
    "finalLink": "https://www.sec.gov/Archives/edgar/data/915389/000091538925000012/emn-20241231.htm"
  },
  {
    "date": "2023-12-31",
    "symbol": "EMN",
    "reportedCurrency": "USD",
    "cik": "0000915389",
    "fillingDate": "2024-02-14",
    "acceptedDate": "2024-02-14 13:15:32",
    "calendarYear": "2023",
    "period": "FY",
    "revenue": 9198000000,
    "costOfRevenue": 7136000000,
    "grossProfit": 2062000000,
    "grossProfitRatio": 0.2241791694,
    "researchAndDevelopmentExpenses": 239000000,
    "generalAndAdministrativeExpenses": 0,
    "sellingAndMarketingExpenses": 0,
    "sellingGeneralAndAdministrativeExpenses": 727000000,
    "otherExpenses": 0,
    "operatingExpenses": 966000000,
    "costAndExpenses": 8102000000,
    "interestIncome": 10000000,
    "interestExpense": 225000000,
    "depreciationAndAmortization": 498000000,
    "ebitda": 1807000000,
    "ebitdaratio": 0.1964557513,
    "operatingIncome": 1096000000,
    "operatingIncomeRatio": 0.1191563383,
    "totalOtherIncomeExpensesNet": -9000000,
    "incomeBeforeTax": 1087000000,
    "incomeBeforeTaxRatio": 0.1181778648,
    "incomeTaxExpense": 191000000,
    "netIncome": 894000000,
    "netIncomeRatio": 0.0971950424,
    "eps": 7.54,
    "epsdiluted": 7.49,
    "weightedAverageShsOut": 118600000,
    "weightedAverageShsOutDil": 119400000,
    "link": "https://www.sec.gov/Archives/edgar/data/915389/000091538924000016/0000915389-24-000016-index.htm",
    "finalLink": "https://www.sec.gov/Archives/edgar/data/915389/000091538924000016/emn-20231231.htm"
  },
  {
    "date": "2022-12-31",
    "symbol": "EMN",
    "reportedCurrency": "USD",
    "cik": "0000915389",
    "fillingDate": "2023-02-15",
    "acceptedDate": "2023-02-15 16:35:14",
    "calendarYear": "2022",
    "period": "FY",
    "revenue": 10535000000,
    "costOfRevenue": 8479000000,
    "grossProfit": 2056000000,
    "grossProfitRatio": 0.1951589938,
    "researchAndDevelopmentExpenses": 264000000,
    "generalAndAdministrativeExpenses": 0,
    "sellingAndMarketingExpenses": 0,
    "sellingGeneralAndAdministrativeExpenses": 708000000,
    "otherExpenses": 0,
    "operatingExpenses": 972000000,
    "costAndExpenses": 9451000000,
    "interestIncome": 6000000,
    "interestExpense": 188000000,
    "depreciationAndAmortization": 477000000,
    "ebitda": 1636000000,
    "ebitdaratio": 0.1552918842,
    "operatingIncome": 1084000000,
    "operatingIncomeRatio": 0.1028951115,
    "totalOtherIncomeExpensesNet": -107000000,
    "incomeBeforeTax": 977000000,
    "incomeBeforeTaxRatio": 0.0927384907,
    "incomeTaxExpense": 181000000,
    "netIncome": 793000000,
    "netIncomeRatio": 0.0752728999,
    "eps": 6.42,
    "epsdiluted": 6.35,
    "weightedAverageShsOut": 123500000,
    "weightedAverageShsOutDil": 124900000,
    "link": "https://www.sec.gov/Archives/edgar/data/915389/000091538923000015/0000915389-23-000015-index.htm",
    "finalLink": "https://www.sec.gov/Archives/edgar/data/915389/000091538923000015/emn-20221231.htm"
  },
  {
    "date": "2021-12-31",
    "symbol": "EMN",
    "reportedCurrency": "USD",
    "cik": "0000915389",
    "fillingDate": "2022-02-25",
    "acceptedDate": "2022-02-24 17:58:53",
    "calendarYear": "2021",
    "period": "FY",
    "revenue": 10483000000,
    "costOfRevenue": 7965000000,
    "grossProfit": 2518000000,
    "grossProfitRatio": 0.2401984165,
    "researchAndDevelopmentExpenses": 254000000,
    "generalAndAdministrativeExpenses": 0,
    "sellingAndMarketingExpenses": 0,
    "sellingGeneralAndAdministrativeExpenses": 795000000,
    "otherExpenses": 0,
    "operatingExpenses": 1049000000,
    "costAndExpenses": 9014000000,
    "interestIncome": 3000000,
    "interestExpense": 192000000,
    "depreciationAndAmortization": 538000000,
    "ebitda": 1812000000,
    "ebitdaratio": 0.172851283,
    "operatingIncome": 1469000000,
    "operatingIncomeRatio": 0.1401316417,
    "totalOtherIncomeExpensesNet": -387000000,
    "incomeBeforeTax": 1082000000,
    "incomeBeforeTaxRatio": 0.1032147286,
    "incomeTaxExpense": 215000000,
    "netIncome": 857000000,
    "netIncomeRatio": 0.081751407,
    "eps": 6.35,
    "epsdiluted": 6.25,
    "weightedAverageShsOut": 134900000,
    "weightedAverageShsOutDil": 137100000,
    "link": "https://www.sec.gov/Archives/edgar/data/915389/000091538922000010/0000915389-22-000010-index.htm",
    "finalLink": "https://www.sec.gov/Archives/edgar/data/915389/000091538922000010/emn-20211231.htm"
  },
  {
    "date": "2020-12-31",
    "symbol": "EMN",
    "reportedCurrency": "USD",
    "cik": "0000915389",
    "fillingDate": "2021-02-22",
    "acceptedDate": "2021-02-22 16:38:10",
    "calendarYear": "2020",
    "period": "FY",
    "revenue": 8464000000,
    "costOfRevenue": 6459000000,
    "grossProfit": 2005000000,
    "grossProfitRatio": 0.2368856333,
    "researchAndDevelopmentExpenses": 226000000,
    "generalAndAdministrativeExpenses": 0,
    "sellingAndMarketingExpenses": 0,
    "sellingGeneralAndAdministrativeExpenses": 654000000,
    "otherExpenses": 0,
    "operatingExpenses": 880000000,
    "costAndExpenses": 7339000000,
    "interestIncome": 4000000,
    "interestExpense": 205000000,
    "depreciationAndAmortization": 574000000,
    "ebitda": 1309000000,
    "ebitdaratio": 0.1546550095,
    "operatingIncome": 1125000000,
    "operatingIncomeRatio": 0.132915879,
    "totalOtherIncomeExpensesNet": -595000000,
    "incomeBeforeTax": 530000000,
    "incomeBeforeTaxRatio": 0.0626181474,
    "incomeTaxExpense": 41000000,
    "netIncome": 478000000,
    "netIncomeRatio": 0.0564744802,
    "eps": 3.53,
    "epsdiluted": 3.5,
    "weightedAverageShsOut": 135500000,
    "weightedAverageShsOutDil": 136500000,
    "link": "https://www.sec.gov/Archives/edgar/data/915389/000091538921000016/0000915389-21-000016-index.htm",
    "finalLink": "https://www.sec.gov/Archives/edgar/data/915389/000091538921000016/emn-20201231.htm"
  },
  {
    "date": "2019-12-31",
    "symbol": "EMN",
    "reportedCurrency": "USD",
    "cik": "0000915389",
    "fillingDate": "2020-02-26",
    "acceptedDate": "2020-02-26 16:19:17",
    "calendarYear": "2019",
    "period": "FY",
    "revenue": 9247000000,
    "costOfRevenue": 6999000000,
    "grossProfit": 2248000000,
    "grossProfitRatio": 0.2431058722,
    "researchAndDevelopmentExpenses": 234000000,
    "generalAndAdministrativeExpenses": 0,
    "sellingAndMarketingExpenses": 0,
    "sellingGeneralAndAdministrativeExpenses": 691000000,
    "otherExpenses": 0,
    "operatingExpenses": 925000000,
    "costAndExpenses": 7924000000,
    "interestIncome": 3000000,
    "interestExpense": 221000000,
    "depreciationAndAmortization": 610000000,
    "ebitda": 1727000000,
    "ebitdaratio": 0.1867632746,
    "operatingIncome": 1323000000,
    "operatingIncomeRatio": 0.1430734292,
    "totalOtherIncomeExpensesNet": -421000000,
    "incomeBeforeTax": 902000000,
    "incomeBeforeTaxRatio": 0.0975451498,
    "incomeTaxExpense": 140000000,
    "netIncome": 759000000,
    "netIncomeRatio": 0.0820806748,
    "eps": 5.52,
    "epsdiluted": 5.48,
    "weightedAverageShsOut": 137400000,
    "weightedAverageShsOutDil": 138500000,
    "link": "https://www.sec.gov/Archives/edgar/data/915389/000091538920000016/0000915389-20-000016-index.htm",
    "finalLink": "https://www.sec.gov/Archives/edgar/data/915389/000091538920000016/emn2019123110k.htm"
  },
  {
    "date": "2018-12-31",
    "symbol": "EMN",
    "reportedCurrency": "USD",
    "cik": "0000915389",
    "fillingDate": "2019-02-27",
    "acceptedDate": "2019-02-27 17:08:47",
    "calendarYear": "2018",
    "period": "FY",
    "revenue": 10122000000,
    "costOfRevenue": 7693000000,
    "grossProfit": 2429000000,
    "grossProfitRatio": 0.2399723375,
    "researchAndDevelopmentExpenses": 235000000,
    "generalAndAdministrativeExpenses": 0,
    "sellingAndMarketingExpenses": 0,
    "sellingGeneralAndAdministrativeExpenses": 721000000,
    "otherExpenses": 0,
    "operatingExpenses": 956000000,
    "costAndExpenses": 8649000000,
    "interestIncome": 3000000,
    "interestExpense": 238000000,
    "depreciationAndAmortization": 601000000,
    "ebitda": 2144000000,
    "ebitdaratio": 0.2118158467,
    "operatingIncome": 1473000000,
    "operatingIncomeRatio": 0.1455245999,
    "totalOtherIncomeExpensesNet": -163000000,
    "incomeBeforeTax": 1310000000,
    "incomeBeforeTaxRatio": 0.129421063,
    "incomeTaxExpense": 226000000,
    "netIncome": 1080000000,
    "netIncomeRatio": 0.106698281,
    "eps": 7.65,
    "epsdiluted": 7.56,
    "weightedAverageShsOut": 141200000,
    "weightedAverageShsOutDil": 142900000,
    "link": "https://www.sec.gov/Archives/edgar/data/915389/000091538919000009/0000915389-19-000009-index.htm",
    "finalLink": "https://www.sec.gov/Archives/edgar/data/915389/000091538919000009/emn2018123110k.htm"
  },
  {
    "date": "2017-12-31",
    "symbol": "EMN",
    "reportedCurrency": "USD",
    "cik": "0000915389",
    "fillingDate": "2018-03-01",
    "acceptedDate": "2018-03-01 11:46:41",
    "calendarYear": "2017",
    "period": "FY",
    "revenue": 9514000000,
    "costOfRevenue": 7031000000,
    "grossProfit": 2483000000,
    "grossProfitRatio": 0.2609838133,
    "researchAndDevelopmentExpenses": 214000000,
    "generalAndAdministrativeExpenses": 0,
    "sellingAndMarketingExpenses": 0,
    "sellingGeneralAndAdministrativeExpenses": 729000000,
    "otherExpenses": 0,
    "operatingExpenses": 956000000,
    "costAndExpenses": 7987000000,
    "interestIncome": 3000000,
    "interestExpense": 244000000,
    "depreciationAndAmortization": 584000000,
    "ebitda": 2112000000,
    "ebitdaratio": 0.2219886483,
    "operatingIncome": 1527000000,
    "operatingIncomeRatio": 0.1605003153,
    "totalOtherIncomeExpensesNet": -238000000,
    "incomeBeforeTax": 1302000000,
    "incomeBeforeTaxRatio": 0.1368509565,
    "incomeTaxExpense": -177000000,
    "netIncome": 1474000000,
    "netIncomeRatio": 0.1549295775,
    "eps": 10.18,
    "epsdiluted": 10.09,
    "weightedAverageShsOut": 144800000,
    "weightedAverageShsOutDil": 146100000,
    "link": "https://www.sec.gov/Archives/edgar/data/915389/000091538918000016/0000915389-18-000016-index.htm",
    "finalLink": "https://www.sec.gov/Archives/edgar/data/915389/000091538918000016/emn2017123110k.htm"
  },
  {
    "date": "2016-12-31",
    "symbol": "EMN",
    "reportedCurrency": "USD",
    "cik": "0000915389",
    "fillingDate": "2017-02-27",
    "acceptedDate": "2017-02-27 14:41:34",
    "calendarYear": "2016",
    "period": "FY",
    "revenue": 8945000000,
    "costOfRevenue": 6490000000,
    "grossProfit": 2455000000,
    "grossProfitRatio": 0.2744550028,
    "researchAndDevelopmentExpenses": 217000000,
    "generalAndAdministrativeExpenses": 0,
    "sellingAndMarketingExpenses": 0,
    "sellingGeneralAndAdministrativeExpenses": 694000000,
    "otherExpenses": 0,
    "operatingExpenses": 913000000,
    "costAndExpenses": 7403000000,
    "interestIncome": 3000000,
    "interestExpense": 258000000,
    "depreciationAndAmortization": 580000000,
    "ebitda": 1914000000,
    "ebitdaratio": 0.2139742873,
    "operatingIncome": 1542000000,
    "operatingIncomeRatio": 0.1723868083,
    "totalOtherIncomeExpensesNet": -493000000,
    "incomeBeforeTax": 1070000000,
    "incomeBeforeTaxRatio": 0.1196198994,
    "incomeTaxExpense": 199000000,
    "netIncome": 866000000,
    "netIncomeRatio": 0.0968138625,
    "eps": 5.88,
    "epsdiluted": 5.84,
    "weightedAverageShsOut": 147300000,
    "weightedAverageShsOutDil": 148400000,
    "link": "https://www.sec.gov/Archives/edgar/data/915389/000091538917000014/0000915389-17-000014-index.htm",
    "finalLink": "https://www.sec.gov/Archives/edgar/data/915389/000091538917000014/emn2016123110k.htm"
  },
  {
    "date": "2015-12-31",
    "symbol": "EMN",
    "reportedCurrency": "USD",
    "cik": "0000915389",
    "fillingDate": "2016-02-25",
    "acceptedDate": "2016-02-25 14:04:50",
    "calendarYear": "2015",
    "period": "FY",
    "revenue": 9558000000,
    "costOfRevenue": 6851000000,
    "grossProfit": 2707000000,
    "grossProfitRatio": 0.2832182465,
    "researchAndDevelopmentExpenses": 251000000,
    "generalAndAdministrativeExpenses": 0,
    "sellingAndMarketingExpenses": 0,
    "sellingGeneralAndAdministrativeExpenses": 743000000,
    "otherExpenses": 0,
    "operatingExpenses": 985000000,
    "costAndExpenses": 7836000000,
    "interestIncome": 3000000,
    "interestExpense": 266000000,
    "depreciationAndAmortization": 571000000,
    "ebitda": 1985000000,
    "ebitdaratio": 0.2076794308,
    "operatingIncome": 1722000000,
    "operatingIncomeRatio": 0.1801632141,
    "totalOtherIncomeExpensesNet": -593000000,
    "incomeBeforeTax": 1129000000,
    "incomeBeforeTaxRatio": 0.1181209458,
    "incomeTaxExpense": 275000000,
    "netIncome": 848000000,
    "netIncomeRatio": 0.0887214899,
    "eps": 5.71,
    "epsdiluted": 5.66,
    "weightedAverageShsOut": 148600000,
    "weightedAverageShsOutDil": 149800000,
    "link": "https://www.sec.gov/Archives/edgar/data/915389/000091538916000095/0000915389-16-000095-index.htm",
    "finalLink": "https://www.sec.gov/Archives/edgar/data/915389/000091538916000095/emn2015123110k.htm"
  },
  {
    "date": "2014-12-31",
    "symbol": "EMN",
    "reportedCurrency": "USD",
    "cik": "0000915389",
    "fillingDate": "2015-02-27",
    "acceptedDate": "2015-02-27 11:58:08",
    "calendarYear": "2014",
    "period": "FY",
    "revenue": 9512000000,
    "costOfRevenue": 7299000000,
    "grossProfit": 2213000000,
    "grossProfitRatio": 0.2326534903,
    "researchAndDevelopmentExpenses": 227000000,
    "generalAndAdministrativeExpenses": 0,
    "sellingAndMarketingExpenses": 0,
    "sellingGeneralAndAdministrativeExpenses": 709000000,
    "otherExpenses": 0,
    "operatingExpenses": 936000000,
    "costAndExpenses": 8235000000,
    "interestIncome": 16000000,
    "interestExpense": 203000000,
    "depreciationAndAmortization": 450000000,
    "ebitda": 1638000000,
    "ebitdaratio": 0.1722035324,
    "operatingIncome": 1277000000,
    "operatingIncomeRatio": 0.1342514718,
    "totalOtherIncomeExpensesNet": -287000000,
    "incomeBeforeTax": 990000000,
    "incomeBeforeTaxRatio": 0.104079058,
    "incomeTaxExpense": 235000000,
    "netIncome": 751000000,
    "netIncomeRatio": 0.0789529016,
    "eps": 5.03,
    "epsdiluted": 4.97,
    "weightedAverageShsOut": 149500000,
    "weightedAverageShsOutDil": 151100000,
    "link": "https://www.sec.gov/Archives/edgar/data/915389/000091538915000021/0000915389-15-000021-index.htm",
    "finalLink": "https://www.sec.gov/Archives/edgar/data/915389/000091538915000021/emn2014123110k.htm"
  },
  {
    "date": "2013-12-31",
    "symbol": "EMN",
    "reportedCurrency": "USD",
    "cik": "0000915389",
    "fillingDate": "2014-02-28",
    "acceptedDate": "2014-02-28 16:45:42",
    "calendarYear": "2013",
    "period": "FY",
    "revenue": 9358000000,
    "costOfRevenue": 6588000000,
    "grossProfit": 2770000000,
    "grossProfitRatio": 0.2960034195,
    "researchAndDevelopmentExpenses": 193000000,
    "generalAndAdministrativeExpenses": 0,
    "sellingAndMarketingExpenses": 0,
    "sellingGeneralAndAdministrativeExpenses": 609000000,
    "otherExpenses": 0,
    "operatingExpenses": 802000000,
    "costAndExpenses": 7390000000,
    "interestIncome": 6000000,
    "interestExpense": 186000000,
    "depreciationAndAmortization": 433000000,
    "ebitda": 2290000000,
    "ebitdaratio": 0.2447104082,
    "operatingIncome": 1968000000,
    "operatingIncomeRatio": 0.2103013464,
    "totalOtherIncomeExpensesNet": -289000000,
    "incomeBeforeTax": 1679000000,
    "incomeBeforeTaxRatio": 0.1794186792,
    "incomeTaxExpense": 507000000,
    "netIncome": 1165000000,
    "netIncomeRatio": 0.1244924129,
    "eps": 7.57,
    "epsdiluted": 7.44,
    "weightedAverageShsOut": 154000000,
    "weightedAverageShsOutDil": 156500000,
    "link": "https://www.sec.gov/Archives/edgar/data/915389/000091538914000013/0000915389-14-000013-index.htm",
    "finalLink": "https://www.sec.gov/Archives/edgar/data/915389/000091538914000013/emn-12312013x10k.htm"
  },
  {
    "date": "2012-12-31",
    "symbol": "EMN",
    "reportedCurrency": "USD",
    "cik": "0000915389",
    "fillingDate": "2013-02-28",
    "acceptedDate": "2013-02-28 16:46:34",
    "calendarYear": "2012",
    "period": "FY",
    "revenue": 8064000000,
    "costOfRevenue": 6318000000,
    "grossProfit": 1746000000,
    "grossProfitRatio": 0.2165178571,
    "researchAndDevelopmentExpenses": 198000000,
    "generalAndAdministrativeExpenses": 0,
    "sellingAndMarketingExpenses": 0,
    "sellingGeneralAndAdministrativeExpenses": 600000000,
    "otherExpenses": 0,
    "operatingExpenses": 798000000,
    "costAndExpenses": 7116000000,
    "interestIncome": 5000000,
    "interestExpense": 148000000,
    "depreciationAndAmortization": 360000000,
    "ebitda": 1175000000,
    "ebitdaratio": 0.1457093254,
    "operatingIncome": 948000000,
    "operatingIncomeRatio": 0.1175595238,
    "totalOtherIncomeExpensesNet": -299000000,
    "incomeBeforeTax": 649000000,
    "incomeBeforeTaxRatio": 0.0804811508,
    "incomeTaxExpense": 206000000,
    "netIncome": 437000000,
    "netIncomeRatio": 0.0541914683,
    "eps": 3,
    "epsdiluted": 2.93,
    "weightedAverageShsOut": 145500000,
    "weightedAverageShsOutDil": 149100000,
    "link": "https://www.sec.gov/Archives/edgar/data/915389/000091538913000010/0000915389-13-000010-index.htm",
    "finalLink": "https://www.sec.gov/Archives/edgar/data/915389/000091538913000010/emn-12312012x10k.htm"
  },
  {
    "date": "2011-12-31",
    "symbol": "EMN",
    "reportedCurrency": "USD",
    "cik": "0000915389",
    "fillingDate": "2012-02-22",
    "acceptedDate": "2012-02-22 09:12:22",
    "calendarYear": "2011",
    "period": "FY",
    "revenue": 7178000000,
    "costOfRevenue": 5538000000,
    "grossProfit": 1640000000,
    "grossProfitRatio": 0.2284758986,
    "researchAndDevelopmentExpenses": 158000000,
    "generalAndAdministrativeExpenses": 0,
    "sellingAndMarketingExpenses": 0,
    "sellingGeneralAndAdministrativeExpenses": 465000000,
    "otherExpenses": 0,
    "operatingExpenses": 623000000,
    "costAndExpenses": 6161000000,
    "interestIncome": 7000000,
    "interestExpense": 83000000,
    "depreciationAndAmortization": 273000000,
    "ebitda": 1321000000,
    "ebitdaratio": 0.18403455,
    "operatingIncome": 1017000000,
    "operatingIncomeRatio": 0.14168292,
    "totalOtherIncomeExpensesNet": -53000000,
    "incomeBeforeTax": 964000000,
    "incomeBeforeTaxRatio": 0.1342992477,
    "incomeTaxExpense": 307000000,
    "netIncome": 696000000,
    "netIncomeRatio": 0.0969629423,
    "eps": 4.98,
    "epsdiluted": 4.86,
    "weightedAverageShsOut": 139700000,
    "weightedAverageShsOutDil": 143100000,
    "link": "https://www.sec.gov/Archives/edgar/data/915389/000091538912000031/0000915389-12-000031-index.htm",
    "finalLink": "https://www.sec.gov/Archives/edgar/data/915389/000091538912000031/emn2011form10_k.htm"
  },
  {
    "date": "2010-12-31",
    "symbol": "EMN",
    "reportedCurrency": "USD",
    "cik": "0000915389",
    "fillingDate": "2011-02-23",
    "acceptedDate": "2011-02-23 08:53:11",
    "calendarYear": "2010",
    "period": "FY",
    "revenue": 5798000000,
    "costOfRevenue": 4369000000,
    "grossProfit": 1429000000,
    "grossProfitRatio": 0.246464298,
    "researchAndDevelopmentExpenses": 152000000,
    "generalAndAdministrativeExpenses": 0,
    "sellingAndMarketingExpenses": 0,
    "sellingGeneralAndAdministrativeExpenses": 431000000,
    "otherExpenses": 0,
    "operatingExpenses": 583000000,
    "costAndExpenses": 4952000000,
    "interestIncome": 6000000,
    "interestExpense": 105000000,
    "depreciationAndAmortization": 280000000,
    "ebitda": 1022000000,
    "ebitdaratio": 0.1762676785,
    "operatingIncome": 846000000,
    "operatingIncomeRatio": 0.1459123836,
    "totalOtherIncomeExpensesNet": -210000000,
    "incomeBeforeTax": 636000000,
    "incomeBeforeTaxRatio": 0.1096929976,
    "incomeTaxExpense": 211000000,
    "netIncome": 438000000,
    "netIncomeRatio": 0.0755432908,
    "eps": 3.04,
    "epsdiluted": 2.96,
    "weightedAverageShsOut": 144200000,
    "weightedAverageShsOutDil": 147800000,
    "link": "https://www.sec.gov/Archives/edgar/data/915389/000091538911000022/0000915389-11-000022-index.htm",
    "finalLink": "https://www.sec.gov/Archives/edgar/data/915389/000091538911000022/emn2010form10_k.htm"
  },
  {
    "date": "2009-12-31",
    "symbol": "EMN",
    "reportedCurrency": "USD",
    "cik": "0000915389",
    "fillingDate": "2010-02-24",
    "acceptedDate": "2010-02-24 14:15:01",
    "calendarYear": "2009",
    "period": "FY",
    "revenue": 5024000000,
    "costOfRevenue": 3988000000,
    "grossProfit": 1036000000,
    "grossProfitRatio": 0.2062101911,
    "researchAndDevelopmentExpenses": 137000000,
    "generalAndAdministrativeExpenses": 0,
    "sellingAndMarketingExpenses": 0,
    "sellingGeneralAndAdministrativeExpenses": 399000000,
    "otherExpenses": 0,
    "operatingExpenses": 536000000,
    "costAndExpenses": 4524000000,
    "interestIncome": 0,
    "interestExpense": 78000000,
    "depreciationAndAmortization": 274000000,
    "ebitda": 585000000,
    "ebitdaratio": 0.1164410828,
    "operatingIncome": 500000000,
    "operatingIncomeRatio": 0.099522293,
    "totalOtherIncomeExpensesNet": -274000000,
    "incomeBeforeTax": 226000000,
    "incomeBeforeTaxRatio": 0.0449840764,
    "incomeTaxExpense": 90000000,
    "netIncome": 136000000,
    "netIncomeRatio": 0.0270700637,
    "eps": 0.94,
    "epsdiluted": 0.93,
    "weightedAverageShsOut": 144680851,
    "weightedAverageShsOutDil": 147027027,
    "link": "https://www.sec.gov/Archives/edgar/data/915389/000091538910000020/0000915389-10-000020-index.htm",
    "finalLink": "https://www.sec.gov/Archives/edgar/data/915389/000091538910000020/emn200910-k.htm"
  },
  {
    "date": "2008-12-31",
    "symbol": "EMN",
    "reportedCurrency": "USD",
    "cik": "0000915389",
    "fillingDate": "2009-02-25",
    "acceptedDate": "2009-02-25 14:55:07",
    "calendarYear": "2008",
    "period": "FY",
    "revenue": 6726000000,
    "costOfRevenue": 5591000000,
    "grossProfit": 1135000000,
    "grossProfitRatio": 0.1687481415,
    "researchAndDevelopmentExpenses": 158000000,
    "generalAndAdministrativeExpenses": 0,
    "sellingAndMarketingExpenses": 0,
    "sellingGeneralAndAdministrativeExpenses": 419000000,
    "otherExpenses": 0,
    "operatingExpenses": 577000000,
    "costAndExpenses": 6168000000,
    "interestIncome": 0,
    "interestExpense": 70000000,
    "depreciationAndAmortization": 267000000,
    "ebitda": 790000000,
    "ebitdaratio": 0.1174546536,
    "operatingIncome": 558000000,
    "operatingIncomeRatio": 0.0829616414,
    "totalOtherIncomeExpensesNet": -129000000,
    "incomeBeforeTax": 429000000,
    "incomeBeforeTaxRatio": 0.0637823372,
    "incomeTaxExpense": 101000000,
    "netIncome": 346000000,
    "netIncomeRatio": 0.0514421647,
    "eps": 2.3,
    "epsdiluted": 2.28,
    "weightedAverageShsOut": 150400000,
    "weightedAverageShsOutDil": 152000000,
    "link": "https://www.sec.gov/Archives/edgar/data/915389/000091538909000014/0000915389-09-000014-index.htm",
    "finalLink": "https://www.sec.gov/Archives/edgar/data/915389/000091538909000014/form10k2008.htm"
  },
  {
    "date": "2007-12-31",
    "symbol": "EMN",
    "reportedCurrency": "USD",
    "cik": "0000915389",
    "fillingDate": "2008-02-29",
    "acceptedDate": "2008-02-29 09:20:08",
    "calendarYear": "2007",
    "period": "FY",
    "revenue": 6830000000,
    "costOfRevenue": 5589000000,
    "grossProfit": 1241000000,
    "grossProfitRatio": 0.1816983895,
    "researchAndDevelopmentExpenses": 156000000,
    "generalAndAdministrativeExpenses": 0,
    "sellingAndMarketingExpenses": 0,
    "sellingGeneralAndAdministrativeExpenses": 420000000,
    "otherExpenses": 0,
    "operatingExpenses": 576000000,
    "costAndExpenses": 6165000000,
    "interestIncome": 0,
    "interestExpense": 0,
    "depreciationAndAmortization": 327000000,
    "ebitda": 900000000,
    "ebitdaratio": 0.1317715959,
    "operatingIncome": 665000000,
    "operatingIncomeRatio": 0.0973645681,
    "totalOtherIncomeExpensesNet": -195000000,
    "incomeBeforeTax": 470000000,
    "incomeBeforeTaxRatio": 0.0688140556,
    "incomeTaxExpense": 149000000,
    "netIncome": 300000000,
    "netIncomeRatio": 0.0439238653,
    "eps": 1.82,
    "epsdiluted": 1.79,
    "weightedAverageShsOut": 165289256,
    "weightedAverageShsOutDil": 167597765,
    "link": "https://www.sec.gov/Archives/edgar/data/915389/000091538908000017/0000915389-08-000017-index.htm",
    "finalLink": "https://www.sec.gov/Archives/edgar/data/915389/000091538908000017/emn200710k.htm"
  },
  {
    "date": "2006-12-31",
    "symbol": "EMN",
    "reportedCurrency": "USD",
    "cik": "0000915389",
    "fillingDate": "2007-03-01",
    "acceptedDate": "2007-03-01 08:47:42",
    "calendarYear": "2006",
    "period": "FY",
    "revenue": 7450000000,
    "costOfRevenue": 6173000000,
    "grossProfit": 1277000000,
    "grossProfitRatio": 0.171409396,
    "researchAndDevelopmentExpenses": 167000000,
    "generalAndAdministrativeExpenses": 0,
    "sellingAndMarketingExpenses": 0,
    "sellingGeneralAndAdministrativeExpenses": 437000000,
    "otherExpenses": 0,
    "operatingExpenses": 604000000,
    "costAndExpenses": 6777000000,
    "interestIncome": 0,
    "interestExpense": 0,
    "depreciationAndAmortization": 308000000,
    "ebitda": 989000000,
    "ebitdaratio": 0.1327516779,
    "operatingIncome": 673000000,
    "operatingIncomeRatio": 0.0903355705,
    "totalOtherIncomeExpensesNet": -97000000,
    "incomeBeforeTax": 576000000,
    "incomeBeforeTaxRatio": 0.0773154362,
    "incomeTaxExpense": 167000000,
    "netIncome": 409000000,
    "netIncomeRatio": 0.0548993289,
    "eps": 2.49,
    "epsdiluted": 2.46,
    "weightedAverageShsOut": 164257028,
    "weightedAverageShsOutDil": 166598778,
    "link": "https://www.sec.gov/Archives/edgar/data/915389/000091538907000019/0000915389-07-000019-index.htm",
    "finalLink": "https://www.sec.gov/Archives/edgar/data/915389/000091538907000019/eccform10k2006.htm"
  },
  {
    "date": "2005-12-31",
    "symbol": "EMN",
    "reportedCurrency": "USD",
    "cik": "0000915389",
    "fillingDate": "2006-03-13",
    "acceptedDate": "2006-03-13 17:34:58",
    "calendarYear": "2005",
    "period": "FY",
    "revenue": 7059000000,
    "costOfRevenue": 5655000000,
    "grossProfit": 1404000000,
    "grossProfitRatio": 0.1988950276,
    "researchAndDevelopmentExpenses": 162000000,
    "generalAndAdministrativeExpenses": 0,
    "sellingAndMarketingExpenses": 0,
    "sellingGeneralAndAdministrativeExpenses": 454000000,
    "otherExpenses": 0,
    "operatingExpenses": 616000000,
    "costAndExpenses": 6271000000,
    "interestIncome": 0,
    "interestExpense": 0,
    "depreciationAndAmortization": 304000000,
    "ebitda": 1200000000,
    "ebitdaratio": 0.1699957501,
    "operatingIncome": 788000000,
    "operatingIncomeRatio": 0.1116305426,
    "totalOtherIncomeExpensesNet": -5000000,
    "incomeBeforeTax": 783000000,
    "incomeBeforeTaxRatio": 0.1109222269,
    "incomeTaxExpense": 226000000,
    "netIncome": 557000000,
    "netIncomeRatio": 0.0789063607,
    "eps": 3.45,
    "epsdiluted": 3.41,
    "weightedAverageShsOut": 161400000,
    "weightedAverageShsOutDil": 163600000,
    "link": "https://www.sec.gov/Archives/edgar/data/915389/000091538906000017/0000915389-06-000017-index.htm",
    "finalLink": "https://www.sec.gov/Archives/edgar/data/915389/000091538906000017/ecc200510k.htm"
  },
  {
    "date": "2004-12-31",
    "symbol": "EMN",
    "reportedCurrency": "USD",
    "cik": "0000915389",
    "fillingDate": "2005-03-15",
    "acceptedDate": "2005-03-14 20:14:57",
    "calendarYear": "2004",
    "period": "FY",
    "revenue": 6580000000,
    "costOfRevenue": 5602000000,
    "grossProfit": 978000000,
    "grossProfitRatio": 0.1486322188,
    "researchAndDevelopmentExpenses": 154000000,
    "generalAndAdministrativeExpenses": 0,
    "sellingAndMarketingExpenses": 0,
    "sellingGeneralAndAdministrativeExpenses": 450000000,
    "otherExpenses": 0,
    "operatingExpenses": 604000000,
    "costAndExpenses": 6206000000,
    "interestIncome": 0,
    "interestExpense": 0,
    "depreciationAndAmortization": 322000000,
    "ebitda": 507000000,
    "ebitdaratio": 0.0770516717,
    "operatingIncome": 374000000,
    "operatingIncomeRatio": 0.0568389058,
    "totalOtherIncomeExpensesNet": -310000000,
    "incomeBeforeTax": 64000000,
    "incomeBeforeTaxRatio": 0.0097264438,
    "incomeTaxExpense": -106000000,
    "netIncome": 170000000,
    "netIncomeRatio": 0.0258358663,
    "eps": 1.1,
    "epsdiluted": 1.09,
    "weightedAverageShsOut": 155200000,
    "weightedAverageShsOutDil": 156600000,
    "link": "https://www.sec.gov/Archives/edgar/data/915389/000091538905000023/0000915389-05-000023-index.htm",
    "finalLink": "https://www.sec.gov/Archives/edgar/data/915389/000091538905000023/form10-k.htm"
  },
  {
    "date": "2003-12-31",
    "symbol": "EMN",
    "reportedCurrency": "USD",
    "cik": "0000915389",
    "fillingDate": "2004-03-05",
    "acceptedDate": "2004-03-05 12:35:24",
    "calendarYear": "2003",
    "period": "FY",
    "revenue": 5800000000,
    "costOfRevenue": 4990000000,
    "grossProfit": 810000000,
    "grossProfitRatio": 0.1396551724,
    "researchAndDevelopmentExpenses": 173000000,
    "generalAndAdministrativeExpenses": 0,
    "sellingAndMarketingExpenses": 0,
    "sellingGeneralAndAdministrativeExpenses": 414000000,
    "otherExpenses": 490000000,
    "operatingExpenses": 1077000000,
    "costAndExpenses": 6067000000,
    "interestIncome": 0,
    "interestExpense": 0,
    "depreciationAndAmortization": 367000000,
    "ebitda": 589000000,
    "ebitdaratio": 0.1015517241,
    "operatingIncome": -267000000,
    "operatingIncomeRatio": -0.0460344828,
    "totalOtherIncomeExpensesNet": -114000000,
    "incomeBeforeTax": -381000000,
    "incomeBeforeTaxRatio": -0.0656896552,
    "incomeTaxExpense": -108000000,
    "netIncome": -270000000,
    "netIncomeRatio": -0.0465517241,
    "eps": -1.75,
    "epsdiluted": -1.75,
    "weightedAverageShsOut": 154285714,
    "weightedAverageShsOutDil": 154285714,
    "link": "https://www.sec.gov/Archives/edgar/data/915389/000091538904000006/0000915389-04-000006-index.htm",
    "finalLink": "https://www.sec.gov/Archives/edgar/data/915389/000091538904000006/form10k123103.htm"
  },
  {
    "date": "2002-12-31",
    "symbol": "EMN",
    "reportedCurrency": "USD",
    "cik": "0000915389",
    "fillingDate": "2003-03-11",
    "acceptedDate": "2003-03-11 10:29:15",
    "calendarYear": "2002",
    "period": "FY",
    "revenue": 5320000000,
    "costOfRevenue": 4541000000,
    "grossProfit": 779000000,
    "grossProfitRatio": 0.1464285714,
    "researchAndDevelopmentExpenses": 159000000,
    "generalAndAdministrativeExpenses": 0,
    "sellingAndMarketingExpenses": 0,
    "sellingGeneralAndAdministrativeExpenses": 407000000,
    "otherExpenses": 5000000,
    "operatingExpenses": 571000000,
    "costAndExpenses": 5112000000,
    "interestIncome": 0,
    "interestExpense": 0,
    "depreciationAndAmortization": 397000000,
    "ebitda": 610000000,
    "ebitdaratio": 0.1146616541,
    "operatingIncome": 208000000,
    "operatingIncomeRatio": 0.0390977444,
    "totalOtherIncomeExpensesNet": -124000000,
    "incomeBeforeTax": 84000000,
    "incomeBeforeTaxRatio": 0.0157894737,
    "incomeTaxExpense": 5000000,
    "netIncome": 61000000,
    "netIncomeRatio": 0.0114661654,
    "eps": 0.4,
    "epsdiluted": 0.4,
    "weightedAverageShsOut": 154430380,
    "weightedAverageShsOutDil": 154430380,
    "link": "https://www.sec.gov/Archives/edgar/data/915389/000095014403002908/0000950144-03-002908-index.htm",
    "finalLink": "https://www.sec.gov/Archives/edgar/data/915389/000095014403002908/g80935e10vk.htm"
  },
  {
    "date": "2001-12-31",
    "symbol": "EMN",
    "reportedCurrency": "USD",
    "cik": "0000915389",
    "fillingDate": "2002-04-25",
    "acceptedDate": "2002-04-25 00:00:00",
    "calendarYear": "2001",
    "period": "FY",
    "revenue": 5390000000,
    "costOfRevenue": 4497000000,
    "grossProfit": 893000000,
    "grossProfitRatio": 0.16567718,
    "researchAndDevelopmentExpenses": 160000000,
    "generalAndAdministrativeExpenses": 0,
    "sellingAndMarketingExpenses": 0,
    "sellingGeneralAndAdministrativeExpenses": 407000000,
    "otherExpenses": 452000000,
    "operatingExpenses": 1019000000,
    "costAndExpenses": 5516000000,
    "interestIncome": 0,
    "interestExpense": 0,
    "depreciationAndAmortization": 435000000,
    "ebitda": 716000000,
    "ebitdaratio": 0.13283859,
    "operatingIncome": -126000000,
    "operatingIncomeRatio": -0.0233766234,
    "totalOtherIncomeExpensesNet": -171000000,
    "incomeBeforeTax": -297000000,
    "incomeBeforeTaxRatio": -0.0551020408,
    "incomeTaxExpense": -118000000,
    "netIncome": -179000000,
    "netIncomeRatio": -0.0332096475,
    "eps": -1.17,
    "epsdiluted": -1.17,
    "weightedAverageShsOut": 153508772,
    "weightedAverageShsOutDil": 153508772,
    "link": "https://www.sec.gov/Archives/edgar/data/915389/000095014402004330/0000950144-02-004330-index.htm",
    "finalLink": "https://www.sec.gov/Archives/edgar/data/915389/000095014402004330/g75787e10-ka.txt"
  },
  {
    "date": "2000-12-31",
    "symbol": "EMN",
    "reportedCurrency": "USD",
    "cik": "0000915389",
    "fillingDate": "2001-04-30",
    "acceptedDate": "2001-04-30 00:00:00",
    "calendarYear": "2000",
    "period": "FY",
    "revenue": 5292000000,
    "costOfRevenue": 4226000000,
    "grossProfit": 1066000000,
    "grossProfitRatio": 0.20143613,
    "researchAndDevelopmentExpenses": 149000000,
    "generalAndAdministrativeExpenses": 0,
    "sellingAndMarketingExpenses": 0,
    "sellingGeneralAndAdministrativeExpenses": 346000000,
    "otherExpenses": 9000000,
    "operatingExpenses": 504000000,
    "costAndExpenses": 4730000000,
    "interestIncome": 0,
    "interestExpense": 0,
    "depreciationAndAmortization": 418000000,
    "ebitda": 989000000,
    "ebitdaratio": 0.1868858655,
    "operatingIncome": 562000000,
    "operatingIncomeRatio": 0.1061980348,
    "totalOtherIncomeExpensesNet": -110000000,
    "incomeBeforeTax": 452000000,
    "incomeBeforeTaxRatio": 0.0854119426,
    "incomeTaxExpense": 149000000,
    "netIncome": 303000000,
    "netIncomeRatio": 0.0572562358,
    "eps": 1.98,
    "epsdiluted": 1.97,
    "weightedAverageShsOut": 153417722,
    "weightedAverageShsOutDil": 153807107,
    "link": "https://www.sec.gov/Archives/edgar/data/915389/000095014401501337/0000950144-01-501337-index.htm",
    "finalLink": "https://www.sec.gov/Archives/edgar/data/915389/000095014401501337/g68844e10-ka.txt"
  },
  {
    "date": "1999-12-31",
    "symbol": "EMN",
    "reportedCurrency": "USD",
    "cik": "0000915389",
    "fillingDate": "2000-03-06",
    "acceptedDate": "2000-03-06 00:00:00",
    "calendarYear": "1999",
    "period": "FY",
    "revenue": 4590000000,
    "costOfRevenue": 3768000000,
    "grossProfit": 822000000,
    "grossProfitRatio": 0.1790849673,
    "researchAndDevelopmentExpenses": 187000000,
    "generalAndAdministrativeExpenses": 0,
    "sellingAndMarketingExpenses": 0,
    "sellingGeneralAndAdministrativeExpenses": 355000000,
    "otherExpenses": 78000000,
    "operatingExpenses": 620000000,
    "costAndExpenses": 4388000000,
    "interestIncome": 0,
    "interestExpense": 0,
    "depreciationAndAmortization": 383000000,
    "ebitda": 610000000,
    "ebitdaratio": 0.1328976035,
    "operatingIncome": 202000000,
    "operatingIncomeRatio": 0.0440087146,
    "totalOtherIncomeExpensesNet": -130000000,
    "incomeBeforeTax": 72000000,
    "incomeBeforeTaxRatio": 0.0156862745,
    "incomeTaxExpense": 24000000,
    "netIncome": 48000000,
    "netIncomeRatio": 0.0104575163,
    "eps": 0.31,
    "epsdiluted": 0.31,
    "weightedAverageShsOut": 157377049,
    "weightedAverageShsOutDil": 157377049,
    "link": "https://www.sec.gov/Archives/edgar/data/915389/000095014400002925/0000950144-00-002925-index.html",
    "finalLink": "https://www.sec.gov/Archives/edgar/data/915389/000095014400002925/"
  },
  {
    "date": "1998-12-31",
    "symbol": "EMN",
    "reportedCurrency": "USD",
    "cik": "0000915389",
    "fillingDate": "1999-03-05",
    "acceptedDate": "1999-03-05 00:00:00",
    "calendarYear": "1998",
    "period": "FY",
    "revenue": 4481000000,
    "costOfRevenue": 3546000000,
    "grossProfit": 935000000,
    "grossProfitRatio": 0.2086587815,
    "researchAndDevelopmentExpenses": 185000000,
    "generalAndAdministrativeExpenses": 0,
    "sellingAndMarketingExpenses": 0,
    "sellingGeneralAndAdministrativeExpenses": 316000000,
    "otherExpenses": 0,
    "operatingExpenses": 501000000,
    "costAndExpenses": 4047000000,
    "interestIncome": 0,
    "interestExpense": 0,
    "depreciationAndAmortization": 351000000,
    "ebitda": 785000000,
    "ebitdaratio": 0.1751841107,
    "operatingIncome": 434000000,
    "operatingIncomeRatio": 0.0968533809,
    "totalOtherIncomeExpensesNet": -74000000,
    "incomeBeforeTax": 360000000,
    "incomeBeforeTaxRatio": 0.08033921,
    "incomeTaxExpense": 111000000,
    "netIncome": 249000000,
    "netIncomeRatio": 0.0555679536,
    "eps": 1.58,
    "epsdiluted": 1.57,
    "weightedAverageShsOut": 158095238,
    "weightedAverageShsOutDil": 159105431,
    "link": "https://www.sec.gov/Archives/edgar/data/915389/000095014499002429/0000950144-99-002429-index.html",
    "finalLink": "https://www.sec.gov/Archives/edgar/data/915389/"
  },
  {
    "date": "1997-12-31",
    "symbol": "EMN",
    "reportedCurrency": "USD",
    "cik": "0000915389",
    "fillingDate": "1998-03-06",
    "acceptedDate": "1998-03-06 00:00:00",
    "calendarYear": "1997",
    "period": "FY",
    "revenue": 4678000000,
    "costOfRevenue": 3582000000,
    "grossProfit": 1096000000,
    "grossProfitRatio": 0.2342881573,
    "researchAndDevelopmentExpenses": 191000000,
    "generalAndAdministrativeExpenses": 0,
    "sellingAndMarketingExpenses": 0,
    "sellingGeneralAndAdministrativeExpenses": 337000000,
    "otherExpenses": 62000000,
    "operatingExpenses": 590000000,
    "costAndExpenses": 4172000000,
    "interestIncome": 0,
    "interestExpense": 0,
    "depreciationAndAmortization": 327000000,
    "ebitda": 833000000,
    "ebitdaratio": 0.1780675502,
    "operatingIncome": 506000000,
    "operatingIncomeRatio": 0.1081658829,
    "totalOtherIncomeExpensesNet": -60000000,
    "incomeBeforeTax": 446000000,
    "incomeBeforeTaxRatio": 0.0953398888,
    "incomeTaxExpense": 160000000,
    "netIncome": 286000000,
    "netIncomeRatio": 0.0611372381,
    "eps": 1.83,
    "epsdiluted": 1.82,
    "weightedAverageShsOut": 156200000,
    "weightedAverageShsOutDil": 157600000,
    "link": "https://www.sec.gov/Archives/edgar/data/915389/000095014498002381/0000950144-98-002381-index.html",
    "finalLink": "https://www.sec.gov/Archives/edgar/data/915389/"
  },
  {
    "date": "1996-12-31",
    "symbol": "EMN",
    "reportedCurrency": "USD",
    "cik": "0000915389",
    "fillingDate": "1997-03-13",
    "acceptedDate": "1997-03-13 00:00:00",
    "calendarYear": "1996",
    "period": "FY",
    "revenue": 4782000000,
    "costOfRevenue": 3603000000,
    "grossProfit": 1179000000,
    "grossProfitRatio": 0.2465495609,
    "researchAndDevelopmentExpenses": 184000000,
    "generalAndAdministrativeExpenses": 0,
    "sellingAndMarketingExpenses": 0,
    "sellingGeneralAndAdministrativeExpenses": 332000000,
    "otherExpenses": 0,
    "operatingExpenses": 516000000,
    "costAndExpenses": 4119000000,
    "interestIncome": 0,
    "interestExpense": 0,
    "depreciationAndAmortization": 314000000,
    "ebitda": 977000000,
    "ebitdaratio": 0.204307821,
    "operatingIncome": 663000000,
    "operatingIncomeRatio": 0.1386449184,
    "totalOtherIncomeExpensesNet": -56000000,
    "incomeBeforeTax": 607000000,
    "incomeBeforeTaxRatio": 0.1269343371,
    "incomeTaxExpense": 227000000,
    "netIncome": 380000000,
    "netIncomeRatio": 0.0794646591,
    "eps": 2.42,
    "epsdiluted": 2.4,
    "weightedAverageShsOut": 157000000,
    "weightedAverageShsOutDil": 158600000,
    "link": "https://www.sec.gov/Archives/edgar/data/915389/000095014497002334/0000950144-97-002334-index.html",
    "finalLink": "https://www.sec.gov/Archives/edgar/data/915389/"
  },
  {
    "date": "1995-12-31",
    "symbol": "EMN",
    "reportedCurrency": "USD",
    "cik": "0000915389",
    "fillingDate": "1995-12-31",
    "acceptedDate": "1995-12-31 00:00:00",
    "calendarYear": "1995",
    "period": "FY",
    "revenue": 5040000000,
    "costOfRevenue": 3228000000,
    "grossProfit": 1812000000,
    "grossProfitRatio": 0.3595238095,
    "researchAndDevelopmentExpenses": 176000000,
    "generalAndAdministrativeExpenses": 0,
    "sellingAndMarketingExpenses": 0,
    "sellingGeneralAndAdministrativeExpenses": 364000000,
    "otherExpenses": 308000000,
    "operatingExpenses": 848000000,
    "costAndExpenses": 4076000000,
    "interestIncome": 0,
    "interestExpense": 0,
    "depreciationAndAmortization": 308000000,
    "ebitda": 1272000000,
    "ebitdaratio": 0.2523809524,
    "operatingIncome": 964000000,
    "operatingIncomeRatio": 0.1912698413,
    "totalOtherIncomeExpensesNet": -65000000,
    "incomeBeforeTax": 899000000,
    "incomeBeforeTaxRatio": 0.1783730159,
    "incomeTaxExpense": 340000000,
    "netIncome": 559000000,
    "netIncomeRatio": 0.1109126984,
    "eps": 3.42,
    "epsdiluted": 3.39,
    "weightedAverageShsOut": 163400000,
    "weightedAverageShsOutDil": 164800000,
    "link": null,
    "finalLink": null
  },
  {
    "date": "1994-12-31",
    "symbol": "EMN",
    "reportedCurrency": "USD",
    "cik": "0000915389",
    "fillingDate": "1994-12-31",
    "acceptedDate": "1994-12-31 00:00:00",
    "calendarYear": "1994",
    "period": "FY",
    "revenue": 4329000000,
    "costOfRevenue": 2887000000,
    "grossProfit": 1442000000,
    "grossProfitRatio": 0.3331023331,
    "researchAndDevelopmentExpenses": 167000000,
    "generalAndAdministrativeExpenses": 0,
    "sellingAndMarketingExpenses": 0,
    "sellingGeneralAndAdministrativeExpenses": 310000000,
    "otherExpenses": 329000000,
    "operatingExpenses": 806000000,
    "costAndExpenses": 3693000000,
    "interestIncome": 0,
    "interestExpense": 0,
    "depreciationAndAmortization": 329000000,
    "ebitda": 965000000,
    "ebitdaratio": 0.2229152229,
    "operatingIncome": 636000000,
    "operatingIncomeRatio": 0.1469161469,
    "totalOtherIncomeExpensesNet": -86000000,
    "incomeBeforeTax": 550000000,
    "incomeBeforeTaxRatio": 0.1270501271,
    "incomeTaxExpense": 214000000,
    "netIncome": 336000000,
    "netIncomeRatio": 0.0776160776,
    "eps": 2.03,
    "epsdiluted": 2.02,
    "weightedAverageShsOut": 165400000,
    "weightedAverageShsOutDil": 166200000,
    "link": null,
    "finalLink": null
  },
  {
    "date": "1993-12-31",
    "symbol": "EMN",
    "reportedCurrency": "USD",
    "cik": "0000915389",
    "fillingDate": "1993-12-31",
    "acceptedDate": "1993-12-31 00:00:00",
    "calendarYear": "1993",
    "period": "FY",
    "revenue": 3903000000,
    "costOfRevenue": 2660000000,
    "grossProfit": 1243000000,
    "grossProfitRatio": 0.3184729695,
    "researchAndDevelopmentExpenses": 0,
    "generalAndAdministrativeExpenses": 0,
    "sellingAndMarketingExpenses": 0,
    "sellingGeneralAndAdministrativeExpenses": 446000000,
    "otherExpenses": 346000000,
    "operatingExpenses": 792000000,
    "costAndExpenses": 3452000000,
    "interestIncome": 0,
    "interestExpense": 0,
    "depreciationAndAmortization": 346000000,
    "ebitda": 797000000,
    "ebitdaratio": 0.204201896,
    "operatingIncome": 451000000,
    "operatingIncomeRatio": 0.1155521394,
    "totalOtherIncomeExpensesNet": -12000000,
    "incomeBeforeTax": 439000000,
    "incomeBeforeTaxRatio": 0.1124775813,
    "incomeTaxExpense": 172000000,
    "netIncome": -209000000,
    "netIncomeRatio": -0.0535485524,
    "eps": -1.26,
    "epsdiluted": -1.26,
    "weightedAverageShsOut": 165292000,
    "weightedAverageShsOutDil": 165292000,
    "link": null,
    "finalLink": null
  }
]