[
  {
    "date": "2025-06-30",
    "symbol": "EMR",
    "reportedCurrency": "USD",
    "cik": "0000032604",
    "fillingDate": "2025-08-06",
    "acceptedDate": "2025-08-06 06:32:59",
    "calendarYear": "2025",
    "period": "Q3",
    "revenue": 4552000000,
    "costOfRevenue": 2379000000,
    "grossProfit": 2173000000,
    "grossProfitRatio": 0.4773725835,
    "researchAndDevelopmentExpenses": 0,
    "generalAndAdministrativeExpenses": 0,
    "sellingAndMarketingExpenses": 0,
    "sellingGeneralAndAdministrativeExpenses": 1266000000,
    "otherExpenses": 0,
    "operatingExpenses": 1266000000,
    "costAndExpenses": 3645000000,
    "interestIncome": 31000000,
    "interestExpense": 126000000,
    "depreciationAndAmortization": 372000000,
    "ebitda": 1232000000,
    "ebitdaratio": 0.2706502636,
    "operatingIncome": 907000000,
    "operatingIncomeRatio": 0.1992530756,
    "totalOtherIncomeExpensesNet": -173000000,
    "incomeBeforeTax": 734000000,
    "incomeBeforeTaxRatio": 0.1612478032,
    "incomeTaxExpense": 154000000,
    "netIncome": 586000000,
    "netIncomeRatio": 0.1287346221,
    "eps": 1.04,
    "epsdiluted": 1.04,
    "weightedAverageShsOut": 562100000,
    "weightedAverageShsOutDil": 564700000,
    "link": "https://www.sec.gov/Archives/edgar/data/32604/000003260425000076/0000032604-25-000076-index.htm",
    "finalLink": "https://www.sec.gov/Archives/edgar/data/32604/000003260425000076/emr-20250630.htm"
  },
  {
    "date": "2025-03-31",
    "symbol": "EMR",
    "reportedCurrency": "USD",
    "cik": "0000032604",
    "fillingDate": "2025-05-07",
    "acceptedDate": "2025-05-07 07:03:29",
    "calendarYear": "2025",
    "period": "Q2",
    "revenue": 4430000000,
    "costOfRevenue": 2290000000,
    "grossProfit": 2140000000,
    "grossProfitRatio": 0.4830699774,
    "researchAndDevelopmentExpenses": 0,
    "generalAndAdministrativeExpenses": 0,
    "sellingAndMarketingExpenses": 0,
    "sellingGeneralAndAdministrativeExpenses": 1283000000,
    "otherExpenses": 0,
    "operatingExpenses": 1283000000,
    "costAndExpenses": 3573000000,
    "interestIncome": 45000000,
    "interestExpense": 86000000,
    "depreciationAndAmortization": 384000000,
    "ebitda": 1099000000,
    "ebitdaratio": 0.2480812641,
    "operatingIncome": 857000000,
    "operatingIncomeRatio": 0.1934537246,
    "totalOtherIncomeExpensesNet": -228000000,
    "incomeBeforeTax": 629000000,
    "incomeBeforeTaxRatio": 0.141986456,
    "incomeTaxExpense": 199000000,
    "netIncome": 485000000,
    "netIncomeRatio": 0.1094808126,
    "eps": 0.8615,
    "epsdiluted": 0.8578,
    "weightedAverageShsOut": 563000000,
    "weightedAverageShsOutDil": 565400000,
    "link": "https://www.sec.gov/Archives/edgar/data/32604/000003260425000064/0000032604-25-000064-index.htm",
    "finalLink": "https://www.sec.gov/Archives/edgar/data/32604/000003260425000064/emr-20250331.htm"
  },
  {
    "date": "2024-12-31",
    "symbol": "EMR",
    "reportedCurrency": "USD",
    "cik": "0000032604",
    "fillingDate": "2025-02-05",
    "acceptedDate": "2025-02-05 06:55:16",
    "calendarYear": "2025",
    "period": "Q1",
    "revenue": 4174000000,
    "costOfRevenue": 2169000000,
    "grossProfit": 2005000000,
    "grossProfitRatio": 0.4803545759,
    "researchAndDevelopmentExpenses": 0,
    "generalAndAdministrativeExpenses": 0,
    "sellingAndMarketingExpenses": 0,
    "sellingGeneralAndAdministrativeExpenses": 1224000000,
    "otherExpenses": 0,
    "operatingExpenses": 1224000000,
    "costAndExpenses": 3393000000,
    "interestIncome": 44000000,
    "interestExpense": 52000000,
    "depreciationAndAmortization": 383000000,
    "ebitda": 1210000000,
    "ebitdaratio": 0.289889794,
    "operatingIncome": 781000000,
    "operatingIncomeRatio": 0.1871106852,
    "totalOtherIncomeExpensesNet": -6000000,
    "incomeBeforeTax": 775000000,
    "incomeBeforeTaxRatio": 0.1856732151,
    "incomeTaxExpense": 182000000,
    "netIncome": 585000000,
    "netIncomeRatio": 0.1401533301,
    "eps": 1.029,
    "epsdiluted": 1.0243,
    "weightedAverageShsOut": 568500000,
    "weightedAverageShsOutDil": 571100000,
    "link": "https://www.sec.gov/Archives/edgar/data/32604/000003260425000012/0000032604-25-000012-index.htm",
    "finalLink": "https://www.sec.gov/Archives/edgar/data/32604/000003260425000012/emr-20241231.htm"
  },
  {
    "date": "2024-09-30",
    "symbol": "EMR",
    "reportedCurrency": "USD",
    "cik": "0000032604",
    "fillingDate": "2024-11-12",
    "acceptedDate": "2024-11-12 07:01:57",
    "calendarYear": "2024",
    "period": "Q4",
    "revenue": 4619000000,
    "costOfRevenue": 2515000000,
    "grossProfit": 2104000000,
    "grossProfitRatio": 0.4555098506,
    "researchAndDevelopmentExpenses": 0,
    "generalAndAdministrativeExpenses": 0,
    "sellingAndMarketingExpenses": 0,
    "sellingGeneralAndAdministrativeExpenses": 1315000000,
    "otherExpenses": 0,
    "operatingExpenses": 1315000000,
    "costAndExpenses": 3830000000,
    "interestIncome": 43000000,
    "interestExpense": 79000000,
    "depreciationAndAmortization": 426000000,
    "ebitda": 1184000000,
    "ebitdaratio": 0.2563325395,
    "operatingIncome": 789000000,
    "operatingIncomeRatio": 0.170816194,
    "totalOtherIncomeExpensesNet": -110000000,
    "incomeBeforeTax": 679000000,
    "incomeBeforeTaxRatio": 0.1470015155,
    "incomeTaxExpense": 149000000,
    "netIncome": 996000000,
    "netIncomeRatio": 0.215631089,
    "eps": 1.74,
    "epsdiluted": 1.7355,
    "weightedAverageShsOut": 570200000,
    "weightedAverageShsOutDil": 573900000,
    "link": "https://www.sec.gov/Archives/edgar/data/32604/000003260424000041/0000032604-24-000041-index.htm",
    "finalLink": "https://www.sec.gov/Archives/edgar/data/32604/000003260424000041/emr-20240930.htm"
  },
  {
    "date": "2024-06-30",
    "symbol": "EMR",
    "reportedCurrency": "USD",
    "cik": "0000032604",
    "fillingDate": "2024-08-07",
    "acceptedDate": "2024-08-07 06:58:45",
    "calendarYear": "2024",
    "period": "Q3",
    "revenue": 4380000000,
    "costOfRevenue": 2333000000,
    "grossProfit": 2047000000,
    "grossProfitRatio": 0.4673515982,
    "researchAndDevelopmentExpenses": 0,
    "generalAndAdministrativeExpenses": 0,
    "sellingAndMarketingExpenses": 0,
    "sellingGeneralAndAdministrativeExpenses": 1254000000,
    "otherExpenses": 0,
    "operatingExpenses": 1254000000,
    "costAndExpenses": 3587000000,
    "interestIncome": 56000000,
    "interestExpense": 88000000,
    "depreciationAndAmortization": 417000000,
    "ebitda": 960000000,
    "ebitdaratio": 0.2191780822,
    "operatingIncome": 793000000,
    "operatingIncomeRatio": 0.1810502283,
    "totalOtherIncomeExpensesNet": -338000000,
    "incomeBeforeTax": 455000000,
    "incomeBeforeTaxRatio": 0.1038812785,
    "incomeTaxExpense": 88000000,
    "netIncome": 329000000,
    "netIncomeRatio": 0.0751141553,
    "eps": 0.5753,
    "epsdiluted": 0.5724,
    "weightedAverageShsOut": 571900000,
    "weightedAverageShsOutDil": 574800000,
    "link": "https://www.sec.gov/Archives/edgar/data/32604/000003260424000036/0000032604-24-000036-index.htm",
    "finalLink": "https://www.sec.gov/Archives/edgar/data/32604/000003260424000036/emr-20240630.htm"
  },
  {
    "date": "2024-03-31",
    "symbol": "EMR",
    "reportedCurrency": "USD",
    "cik": "0000032604",
    "fillingDate": "2024-05-08",
    "acceptedDate": "2024-05-08 16:16:33",
    "calendarYear": "2024",
    "period": "Q2",
    "revenue": 4376000000,
    "costOfRevenue": 2368000000,
    "grossProfit": 2008000000,
    "grossProfitRatio": 0.4588665448,
    "researchAndDevelopmentExpenses": 0,
    "generalAndAdministrativeExpenses": 0,
    "sellingAndMarketingExpenses": 0,
    "sellingGeneralAndAdministrativeExpenses": 1296000000,
    "otherExpenses": 0,
    "operatingExpenses": 1296000000,
    "costAndExpenses": 3664000000,
    "interestIncome": 64000000,
    "interestExpense": 90000000,
    "depreciationAndAmortization": 424000000,
    "ebitda": 1225000000,
    "ebitdaratio": 0.2799360146,
    "operatingIncome": 712000000,
    "operatingIncomeRatio": 0.1627056673,
    "totalOtherIncomeExpensesNet": -1000000,
    "incomeBeforeTax": 711000000,
    "incomeBeforeTaxRatio": 0.1624771481,
    "incomeTaxExpense": 162000000,
    "netIncome": 501000000,
    "netIncomeRatio": 0.114488117,
    "eps": 0.8768,
    "epsdiluted": 0.8727,
    "weightedAverageShsOut": 571400000,
    "weightedAverageShsOutDil": 574100000,
    "link": "https://www.sec.gov/Archives/edgar/data/32604/000003260424000024/0000032604-24-000024-index.htm",
    "finalLink": "https://www.sec.gov/Archives/edgar/data/32604/000003260424000024/emr-20240331.htm"
  },
  {
    "date": "2023-12-31",
    "symbol": "EMR",
    "reportedCurrency": "USD",
    "cik": "0000032604",
    "fillingDate": "2024-02-07",
    "acceptedDate": "2024-02-07 16:05:23",
    "calendarYear": "2024",
    "period": "Q1",
    "revenue": 4117000000,
    "costOfRevenue": 2472000000,
    "grossProfit": 1645000000,
    "grossProfitRatio": 0.3995627884,
    "researchAndDevelopmentExpenses": 0,
    "generalAndAdministrativeExpenses": 0,
    "sellingAndMarketingExpenses": 0,
    "sellingGeneralAndAdministrativeExpenses": 1277000000,
    "otherExpenses": 0,
    "operatingExpenses": 1277000000,
    "costAndExpenses": 3749000000,
    "interestIncome": 71000000,
    "interestExpense": 84000000,
    "depreciationAndAmortization": 422000000,
    "ebitda": 681000000,
    "ebitdaratio": 0.1654117076,
    "operatingIncome": 368000000,
    "operatingIncomeRatio": 0.0893854749,
    "totalOtherIncomeExpensesNet": -193000000,
    "incomeBeforeTax": 175000000,
    "incomeBeforeTaxRatio": 0.0425066796,
    "incomeTaxExpense": 16000000,
    "netIncome": 142000000,
    "netIncomeRatio": 0.0344911343,
    "eps": 0.2488,
    "epsdiluted": 0.2477,
    "weightedAverageShsOut": 570800000,
    "weightedAverageShsOutDil": 573300000,
    "link": "https://www.sec.gov/Archives/edgar/data/32604/000003260424000008/0000032604-24-000008-index.htm",
    "finalLink": "https://www.sec.gov/Archives/edgar/data/32604/000003260424000008/emr-20231231.htm"
  },
  {
    "date": "2023-09-30",
    "symbol": "EMR",
    "reportedCurrency": "USD",
    "cik": "0000032604",
    "fillingDate": "2023-11-13",
    "acceptedDate": "2023-11-13 16:43:08",
    "calendarYear": "2023",
    "period": "Q4",
    "revenue": 4091000000,
    "costOfRevenue": 2208000000,
    "grossProfit": 1883000000,
    "grossProfitRatio": 0.4602786605,
    "researchAndDevelopmentExpenses": 0,
    "generalAndAdministrativeExpenses": 0,
    "sellingAndMarketingExpenses": 0,
    "sellingGeneralAndAdministrativeExpenses": 1114000000,
    "otherExpenses": 0,
    "operatingExpenses": 1114000000,
    "costAndExpenses": 3322000000,
    "interestIncome": 162000000,
    "interestExpense": 54000000,
    "depreciationAndAmortization": 271000000,
    "ebitda": 1229000000,
    "ebitdaratio": 0.3004155463,
    "operatingIncome": 769000000,
    "operatingIncomeRatio": 0.1879736006,
    "totalOtherIncomeExpensesNet": 135000000,
    "incomeBeforeTax": 904000000,
    "incomeBeforeTaxRatio": 0.2209728673,
    "incomeTaxExpense": 209000000,
    "netIncome": 701000000,
    "netIncomeRatio": 0.1713517477,
    "eps": 1.2255,
    "epsdiluted": 1.2198,
    "weightedAverageShsOut": 572000000,
    "weightedAverageShsOutDil": 574700000,
    "link": "https://www.sec.gov/Archives/edgar/data/32604/000003260423000044/0000032604-23-000044-index.htm",
    "finalLink": "https://www.sec.gov/Archives/edgar/data/32604/000003260423000044/emr-20230930.htm"
  },
  {
    "date": "2023-06-30",
    "symbol": "EMR",
    "reportedCurrency": "USD",
    "cik": "0000032604",
    "fillingDate": "2023-08-02",
    "acceptedDate": "2023-08-02 16:26:08",
    "calendarYear": "2023",
    "period": "Q3",
    "revenue": 3946000000,
    "costOfRevenue": 2105000000,
    "grossProfit": 1841000000,
    "grossProfitRatio": 0.4665484034,
    "researchAndDevelopmentExpenses": 0,
    "generalAndAdministrativeExpenses": 0,
    "sellingAndMarketingExpenses": 0,
    "sellingGeneralAndAdministrativeExpenses": 1042000000,
    "otherExpenses": 0,
    "operatingExpenses": 1042000000,
    "costAndExpenses": 3147000000,
    "interestIncome": 68000000,
    "interestExpense": 68000000,
    "depreciationAndAmortization": 257000000,
    "ebitda": 1147000000,
    "ebitdaratio": 0.2906741004,
    "operatingIncome": 799000000,
    "operatingIncomeRatio": 0.2024835276,
    "totalOtherIncomeExpensesNet": 23000000,
    "incomeBeforeTax": 822000000,
    "incomeBeforeTaxRatio": 0.2083122149,
    "incomeTaxExpense": 168000000,
    "netIncome": 640000000,
    "netIncomeRatio": 0.162189559,
    "eps": 1.1263,
    "epsdiluted": 1.1202,
    "weightedAverageShsOut": 570900000,
    "weightedAverageShsOutDil": 574000000,
    "link": "https://www.sec.gov/Archives/edgar/data/32604/000003260423000037/0000032604-23-000037-index.htm",
    "finalLink": "https://www.sec.gov/Archives/edgar/data/32604/000003260423000037/emr-20230630.htm"
  },
  {
    "date": "2023-03-31",
    "symbol": "EMR",
    "reportedCurrency": "USD",
    "cik": "0000032604",
    "fillingDate": "2023-05-03",
    "acceptedDate": "2023-05-03 16:36:30",
    "calendarYear": "2023",
    "period": "Q2",
    "revenue": 3757000000,
    "costOfRevenue": 2082000000,
    "grossProfit": 1675000000,
    "grossProfitRatio": 0.4458344424,
    "researchAndDevelopmentExpenses": 0,
    "generalAndAdministrativeExpenses": 0,
    "sellingAndMarketingExpenses": 0,
    "sellingGeneralAndAdministrativeExpenses": 1000000000,
    "otherExpenses": 0,
    "operatingExpenses": 1000000000,
    "costAndExpenses": 3082000000,
    "interestIncome": 18000000,
    "interestExpense": 71000000,
    "depreciationAndAmortization": 263000000,
    "ebitda": 973000000,
    "ebitdaratio": 0.2589832313,
    "operatingIncome": 675000000,
    "operatingIncomeRatio": 0.179664626,
    "totalOtherIncomeExpensesNet": -36000000,
    "incomeBeforeTax": 639000000,
    "incomeBeforeTaxRatio": 0.1700825126,
    "incomeTaxExpense": 134000000,
    "netIncome": 527000000,
    "netIncomeRatio": 0.1402714932,
    "eps": 0.9284,
    "epsdiluted": 0.924,
    "weightedAverageShsOut": 570900000,
    "weightedAverageShsOutDil": 573600000,
    "link": "https://www.sec.gov/Archives/edgar/data/32604/000003260423000030/0000032604-23-000030-index.htm",
    "finalLink": "https://www.sec.gov/Archives/edgar/data/32604/000003260423000030/emr-20230331.htm"
  },
  {
    "date": "2022-12-31",
    "symbol": "EMR",
    "reportedCurrency": "USD",
    "cik": "0000032604",
    "fillingDate": "2023-02-08",
    "acceptedDate": "2023-02-08 16:34:12",
    "calendarYear": "2023",
    "period": "Q1",
    "revenue": 3374000000,
    "costOfRevenue": 1871000000,
    "grossProfit": 1503000000,
    "grossProfitRatio": 0.4454653231,
    "researchAndDevelopmentExpenses": 0,
    "generalAndAdministrativeExpenses": 0,
    "sellingAndMarketingExpenses": 0,
    "sellingGeneralAndAdministrativeExpenses": 1029000000,
    "otherExpenses": 0,
    "operatingExpenses": 1029000000,
    "costAndExpenses": 2900000000,
    "interestIncome": 20000000,
    "interestExpense": 68000000,
    "depreciationAndAmortization": 260000000,
    "ebitda": 750000000,
    "ebitdaratio": 0.2222880854,
    "operatingIncome": 474000000,
    "operatingIncomeRatio": 0.1404860699,
    "totalOtherIncomeExpensesNet": -52000000,
    "incomeBeforeTax": 422000000,
    "incomeBeforeTaxRatio": 0.125074096,
    "incomeTaxExpense": 98000000,
    "netIncome": 329000000,
    "netIncomeRatio": 0.0975103734,
    "eps": 0.5637,
    "epsdiluted": 0.5608,
    "weightedAverageShsOut": 583600000,
    "weightedAverageShsOutDil": 586700000,
    "link": "https://www.sec.gov/Archives/edgar/data/32604/000003260423000010/0000032604-23-000010-index.htm",
    "finalLink": "https://www.sec.gov/Archives/edgar/data/32604/000003260423000010/emr-20221231.htm"
  },
  {
    "date": "2022-09-30",
    "symbol": "EMR",
    "reportedCurrency": "USD",
    "cik": "0000032604",
    "fillingDate": "2022-11-14",
    "acceptedDate": "2022-11-14 16:50:53",
    "calendarYear": "2022",
    "period": "Q4",
    "revenue": 3894000000,
    "costOfRevenue": 2196000000,
    "grossProfit": 1698000000,
    "grossProfitRatio": 0.43605547,
    "researchAndDevelopmentExpenses": 0,
    "generalAndAdministrativeExpenses": 0,
    "sellingAndMarketingExpenses": 0,
    "sellingGeneralAndAdministrativeExpenses": 983000000,
    "otherExpenses": 0,
    "operatingExpenses": 983000000,
    "costAndExpenses": 3179000000,
    "interestIncome": 16000000,
    "interestExpense": 70000000,
    "depreciationAndAmortization": 271000000,
    "ebitda": 944000000,
    "ebitdaratio": 0.2424242424,
    "operatingIncome": 715000000,
    "operatingIncomeRatio": 0.1836158192,
    "totalOtherIncomeExpensesNet": -112000000,
    "incomeBeforeTax": 603000000,
    "incomeBeforeTaxRatio": 0.154853621,
    "incomeTaxExpense": 150000000,
    "netIncome": 485000000,
    "netIncomeRatio": 0.1245505907,
    "eps": 0.8201,
    "epsdiluted": 0.8158,
    "weightedAverageShsOut": 590800000,
    "weightedAverageShsOutDil": 594500000,
    "link": "https://www.sec.gov/Archives/edgar/data/32604/000003260422000041/0000032604-22-000041-index.htm",
    "finalLink": "https://www.sec.gov/Archives/edgar/data/32604/000003260422000041/emr-20220930.htm"
  },
  {
    "date": "2022-06-30",
    "symbol": "EMR",
    "reportedCurrency": "USD",
    "cik": "0000032604",
    "fillingDate": "2022-08-09",
    "acceptedDate": "2022-08-09 12:57:08",
    "calendarYear": "2022",
    "period": "Q3",
    "revenue": 3466000000,
    "costOfRevenue": 1987000000,
    "grossProfit": 1479000000,
    "grossProfitRatio": 0.4267166763,
    "researchAndDevelopmentExpenses": 0,
    "generalAndAdministrativeExpenses": 0,
    "sellingAndMarketingExpenses": 0,
    "sellingGeneralAndAdministrativeExpenses": 894000000,
    "otherExpenses": 0,
    "operatingExpenses": 894000000,
    "costAndExpenses": 2881000000,
    "interestIncome": 11000000,
    "interestExpense": 61000000,
    "depreciationAndAmortization": 222000000,
    "ebitda": 661000000,
    "ebitdaratio": 0.1907097519,
    "operatingIncome": 585000000,
    "operatingIncomeRatio": 0.1687824582,
    "totalOtherIncomeExpensesNet": -207000000,
    "incomeBeforeTax": 378000000,
    "incomeBeforeTaxRatio": 0.1090594345,
    "incomeTaxExpense": 123000000,
    "netIncome": 224000000,
    "netIncomeRatio": 0.064627813,
    "eps": 0.3812,
    "epsdiluted": 0.3791,
    "weightedAverageShsOut": 592800000,
    "weightedAverageShsOutDil": 596200000,
    "link": "https://www.sec.gov/Archives/edgar/data/32604/000003260422000035/0000032604-22-000035-index.htm",
    "finalLink": "https://www.sec.gov/Archives/edgar/data/32604/000003260422000035/emr-20220630.htm"
  },
  {
    "date": "2022-03-31",
    "symbol": "EMR",
    "reportedCurrency": "USD",
    "cik": "0000032604",
    "fillingDate": "2022-05-04",
    "acceptedDate": "2022-05-04 16:37:45",
    "calendarYear": "2022",
    "period": "Q2",
    "revenue": 3291000000,
    "costOfRevenue": 1887000000,
    "grossProfit": 1404000000,
    "grossProfitRatio": 0.4266180492,
    "researchAndDevelopmentExpenses": 0,
    "generalAndAdministrativeExpenses": 0,
    "sellingAndMarketingExpenses": 0,
    "sellingGeneralAndAdministrativeExpenses": 888000000,
    "otherExpenses": 0,
    "operatingExpenses": 888000000,
    "costAndExpenses": 2775000000,
    "interestIncome": 4000000,
    "interestExpense": 55000000,
    "depreciationAndAmortization": 171000000,
    "ebitda": 735000000,
    "ebitdaratio": 0.2233363719,
    "operatingIncome": 516000000,
    "operatingIncomeRatio": 0.1567912489,
    "totalOtherIncomeExpensesNet": -7000000,
    "incomeBeforeTax": 509000000,
    "incomeBeforeTaxRatio": 0.1546642358,
    "incomeTaxExpense": 80000000,
    "netIncome": 428000000,
    "netIncomeRatio": 0.130051656,
    "eps": 0.7214,
    "epsdiluted": 0.7175,
    "weightedAverageShsOut": 593300000,
    "weightedAverageShsOutDil": 596500000,
    "link": "https://www.sec.gov/Archives/edgar/data/32604/000003260422000030/0000032604-22-000030-index.htm",
    "finalLink": "https://www.sec.gov/Archives/edgar/data/32604/000003260422000030/emr-20220331.htm"
  },
  {
    "date": "2021-12-31",
    "symbol": "EMR",
    "reportedCurrency": "USD",
    "cik": "0000032604",
    "fillingDate": "2022-02-02",
    "acceptedDate": "2022-02-02 12:56:15",
    "calendarYear": "2022",
    "period": "Q1",
    "revenue": 3155000000,
    "costOfRevenue": 1807000000,
    "grossProfit": 1348000000,
    "grossProfitRatio": 0.4272583201,
    "researchAndDevelopmentExpenses": 0,
    "generalAndAdministrativeExpenses": 1011000000,
    "sellingAndMarketingExpenses": -162000000,
    "sellingGeneralAndAdministrativeExpenses": 848000000,
    "otherExpenses": 0,
    "operatingExpenses": 848000000,
    "costAndExpenses": 2655000000,
    "interestIncome": 3000000,
    "interestExpense": 42000000,
    "depreciationAndAmortization": 178000000,
    "ebitda": 1162000000,
    "ebitdaratio": 0.3683042789,
    "operatingIncome": 500000000,
    "operatingIncomeRatio": 0.1584786054,
    "totalOtherIncomeExpensesNet": 442000000,
    "incomeBeforeTax": 942000000,
    "incomeBeforeTaxRatio": 0.2985736926,
    "incomeTaxExpense": 196000000,
    "netIncome": 747000000,
    "netIncomeRatio": 0.2367670365,
    "eps": 1.2546,
    "epsdiluted": 1.2473,
    "weightedAverageShsOut": 594600000,
    "weightedAverageShsOutDil": 598100000,
    "link": "https://www.sec.gov/Archives/edgar/data/32604/000003260422000009/0000032604-22-000009-index.htm",
    "finalLink": "https://www.sec.gov/Archives/edgar/data/32604/000003260422000009/emr-20211231.htm"
  },
  {
    "date": "2021-09-30",
    "symbol": "EMR",
    "reportedCurrency": "USD",
    "cik": "0000032604",
    "fillingDate": "2021-11-15",
    "acceptedDate": "2021-11-15 17:02:43",
    "calendarYear": "2021",
    "period": "Q4",
    "revenue": 4946000000,
    "costOfRevenue": 3040000000,
    "grossProfit": 1906000000,
    "grossProfitRatio": 0.3853619086,
    "researchAndDevelopmentExpenses": 0,
    "generalAndAdministrativeExpenses": 0,
    "sellingAndMarketingExpenses": 0,
    "sellingGeneralAndAdministrativeExpenses": 1054000000,
    "otherExpenses": 0,
    "operatingExpenses": 1054000000,
    "costAndExpenses": 4094000000,
    "interestIncome": 3000000,
    "interestExpense": 42000000,
    "depreciationAndAmortization": 249000000,
    "ebitda": 1119000000,
    "ebitdaratio": 0.226243429,
    "operatingIncome": 852000000,
    "operatingIncomeRatio": 0.1722604125,
    "totalOtherIncomeExpensesNet": -24000000,
    "incomeBeforeTax": 828000000,
    "incomeBeforeTaxRatio": 0.1674080065,
    "incomeTaxExpense": 154000000,
    "netIncome": 670000000,
    "netIncomeRatio": 0.1354630004,
    "eps": 1.1245,
    "epsdiluted": 1.1157,
    "weightedAverageShsOut": 595800000,
    "weightedAverageShsOutDil": 600500000,
    "link": "https://www.sec.gov/Archives/edgar/data/32604/000003260421000038/0000032604-21-000038-index.htm",
    "finalLink": "https://www.sec.gov/Archives/edgar/data/32604/000003260421000038/emr-20210930.htm"
  },
  {
    "date": "2021-06-30",
    "symbol": "EMR",
    "reportedCurrency": "USD",
    "cik": "0000032604",
    "fillingDate": "2021-08-04",
    "acceptedDate": "2021-08-04 14:26:31",
    "calendarYear": "2021",
    "period": "Q3",
    "revenue": 4697000000,
    "costOfRevenue": 2796000000,
    "grossProfit": 1901000000,
    "grossProfitRatio": 0.4047264211,
    "researchAndDevelopmentExpenses": 0,
    "generalAndAdministrativeExpenses": 0,
    "sellingAndMarketingExpenses": 0,
    "sellingGeneralAndAdministrativeExpenses": 1073000000,
    "otherExpenses": 0,
    "operatingExpenses": 1073000000,
    "costAndExpenses": 3869000000,
    "interestIncome": 3000000,
    "interestExpense": 40000000,
    "depreciationAndAmortization": 237000000,
    "ebitda": 1061000000,
    "ebitdaratio": 0.2258888652,
    "operatingIncome": 828000000,
    "operatingIncomeRatio": 0.1762827337,
    "totalOtherIncomeExpensesNet": -44000000,
    "incomeBeforeTax": 784000000,
    "incomeBeforeTaxRatio": 0.1669150522,
    "incomeTaxExpense": 151000000,
    "netIncome": 627000000,
    "netIncomeRatio": 0.1334894614,
    "eps": 1.0481,
    "epsdiluted": 1.0414,
    "weightedAverageShsOut": 598200000,
    "weightedAverageShsOutDil": 602100000,
    "link": "https://www.sec.gov/Archives/edgar/data/32604/000003260421000029/0000032604-21-000029-index.htm",
    "finalLink": "https://www.sec.gov/Archives/edgar/data/32604/000003260421000029/emr-20210630.htm"
  },
  {
    "date": "2021-03-31",
    "symbol": "EMR",
    "reportedCurrency": "USD",
    "cik": "0000032604",
    "fillingDate": "2021-05-05",
    "acceptedDate": "2021-05-05 14:30:32",
    "calendarYear": "2021",
    "period": "Q2",
    "revenue": 4430000000,
    "costOfRevenue": 2649000000,
    "grossProfit": 1781000000,
    "grossProfitRatio": 0.4020316027,
    "researchAndDevelopmentExpenses": 0,
    "generalAndAdministrativeExpenses": 0,
    "sellingAndMarketingExpenses": 0,
    "sellingGeneralAndAdministrativeExpenses": 1054000000,
    "otherExpenses": 0,
    "operatingExpenses": 1054000000,
    "costAndExpenses": 3703000000,
    "interestIncome": 4000000,
    "interestExpense": 42000000,
    "depreciationAndAmortization": 239000000,
    "ebitda": 1018000000,
    "ebitdaratio": 0.2297968397,
    "operatingIncome": 727000000,
    "operatingIncomeRatio": 0.1641083521,
    "totalOtherIncomeExpensesNet": 10000000,
    "incomeBeforeTax": 737000000,
    "incomeBeforeTaxRatio": 0.1663656885,
    "incomeTaxExpense": 169000000,
    "netIncome": 561000000,
    "netIncomeRatio": 0.1266365688,
    "eps": 0.9359,
    "epsdiluted": 0.9307,
    "weightedAverageShsOut": 599400000,
    "weightedAverageShsOutDil": 602800000,
    "link": "https://www.sec.gov/Archives/edgar/data/32604/000003260421000021/0000032604-21-000021-index.htm",
    "finalLink": "https://www.sec.gov/Archives/edgar/data/32604/000003260421000021/emr-20210331.htm"
  },
  {
    "date": "2020-12-31",
    "symbol": "EMR",
    "reportedCurrency": "USD",
    "cik": "0000032604",
    "fillingDate": "2021-02-03",
    "acceptedDate": "2021-02-03 13:49:13",
    "calendarYear": "2021",
    "period": "Q1",
    "revenue": 4160000000,
    "costOfRevenue": 2519000000,
    "grossProfit": 1641000000,
    "grossProfitRatio": 0.3944711538,
    "researchAndDevelopmentExpenses": 0,
    "generalAndAdministrativeExpenses": 0,
    "sellingAndMarketingExpenses": 0,
    "sellingGeneralAndAdministrativeExpenses": 997000000,
    "otherExpenses": 0,
    "operatingExpenses": 997000000,
    "costAndExpenses": 3516000000,
    "interestIncome": 2000000,
    "interestExpense": 42000000,
    "depreciationAndAmortization": 244000000,
    "ebitda": 849000000,
    "ebitdaratio": 0.2040865385,
    "operatingIncome": 644000000,
    "operatingIncomeRatio": 0.1548076923,
    "totalOtherIncomeExpensesNet": -81000000,
    "incomeBeforeTax": 563000000,
    "incomeBeforeTaxRatio": 0.1353365385,
    "incomeTaxExpense": 111000000,
    "netIncome": 445000000,
    "netIncomeRatio": 0.1069711538,
    "eps": 0.7435,
    "epsdiluted": 0.7393,
    "weightedAverageShsOut": 598500000,
    "weightedAverageShsOutDil": 601900000,
    "link": "https://www.sec.gov/Archives/edgar/data/32604/000003260421000004/0000032604-21-000004-index.htm",
    "finalLink": "https://www.sec.gov/Archives/edgar/data/32604/000003260421000004/emr-20201231.htm"
  },
  {
    "date": "2020-09-30",
    "symbol": "EMR",
    "reportedCurrency": "USD",
    "cik": "0000032604",
    "fillingDate": "2020-11-16",
    "acceptedDate": "2020-11-16 13:16:45",
    "calendarYear": "2020",
    "period": "Q4",
    "revenue": 4558000000,
    "costOfRevenue": 2733000000,
    "grossProfit": 1825000000,
    "grossProfitRatio": 0.40039491,
    "researchAndDevelopmentExpenses": 0,
    "generalAndAdministrativeExpenses": 0,
    "sellingAndMarketingExpenses": 0,
    "sellingGeneralAndAdministrativeExpenses": 946000000,
    "otherExpenses": 0,
    "operatingExpenses": 946000000,
    "costAndExpenses": 3679000000,
    "interestIncome": 3000000,
    "interestExpense": 43000000,
    "depreciationAndAmortization": 223000000,
    "ebitda": 1031000000,
    "ebitdaratio": 0.2261956999,
    "operatingIncome": 879000000,
    "operatingIncomeRatio": 0.1928477402,
    "totalOtherIncomeExpensesNet": -114000000,
    "incomeBeforeTax": 765000000,
    "incomeBeforeTaxRatio": 0.1678367705,
    "incomeTaxExpense": 35000000,
    "netIncome": 723000000,
    "netIncomeRatio": 0.1586222027,
    "eps": 1.209,
    "epsdiluted": 1.2028,
    "weightedAverageShsOut": 598000000,
    "weightedAverageShsOutDil": 601100000,
    "link": "https://www.sec.gov/Archives/edgar/data/32604/000003260420000041/0000032604-20-000041-index.htm",
    "finalLink": "https://www.sec.gov/Archives/edgar/data/32604/000003260420000041/emr-20200930.htm"
  },
  {
    "date": "2020-06-30",
    "symbol": "EMR",
    "reportedCurrency": "USD",
    "cik": "0000032604",
    "fillingDate": "2020-08-05",
    "acceptedDate": "2020-08-05 14:05:38",
    "calendarYear": "2020",
    "period": "Q3",
    "revenue": 3916000000,
    "costOfRevenue": 2349000000,
    "grossProfit": 1567000000,
    "grossProfitRatio": 0.4001532176,
    "researchAndDevelopmentExpenses": 0,
    "generalAndAdministrativeExpenses": 0,
    "sellingAndMarketingExpenses": 0,
    "sellingGeneralAndAdministrativeExpenses": 934000000,
    "otherExpenses": 0,
    "operatingExpenses": 934000000,
    "costAndExpenses": 3283000000,
    "interestIncome": 4000000,
    "interestExpense": 49000000,
    "depreciationAndAmortization": 209000000,
    "ebitda": 716000000,
    "ebitdaratio": 0.1828396323,
    "operatingIncome": 633000000,
    "operatingIncomeRatio": 0.1616445352,
    "totalOtherIncomeExpensesNet": -175000000,
    "incomeBeforeTax": 458000000,
    "incomeBeforeTaxRatio": 0.1169560776,
    "incomeTaxExpense": 51000000,
    "netIncome": 399000000,
    "netIncomeRatio": 0.1018896834,
    "eps": 0.6684,
    "epsdiluted": 0.665,
    "weightedAverageShsOut": 596900000,
    "weightedAverageShsOutDil": 600000000,
    "link": "https://www.sec.gov/Archives/edgar/data/32604/000003260420000033/0000032604-20-000033-index.htm",
    "finalLink": "https://www.sec.gov/Archives/edgar/data/32604/000003260420000033/emr-20200630.htm"
  },
  {
    "date": "2020-03-31",
    "symbol": "EMR",
    "reportedCurrency": "USD",
    "cik": "0000032604",
    "fillingDate": "2020-04-24",
    "acceptedDate": "2020-04-24 13:53:28",
    "calendarYear": "2020",
    "period": "Q2",
    "revenue": 4163000000,
    "costOfRevenue": 2474000000,
    "grossProfit": 1689000000,
    "grossProfitRatio": 0.405717031,
    "researchAndDevelopmentExpenses": 0,
    "generalAndAdministrativeExpenses": 0,
    "sellingAndMarketingExpenses": 0,
    "sellingGeneralAndAdministrativeExpenses": 983000000,
    "otherExpenses": 0,
    "operatingExpenses": 983000000,
    "costAndExpenses": 3457000000,
    "interestIncome": 6000000,
    "interestExpense": 42000000,
    "depreciationAndAmortization": 211000000,
    "ebitda": 942000000,
    "ebitdaratio": 0.2262791256,
    "operatingIncome": 706000000,
    "operatingIncomeRatio": 0.1695892385,
    "totalOtherIncomeExpensesNet": -17000000,
    "incomeBeforeTax": 689000000,
    "incomeBeforeTaxRatio": 0.165505645,
    "incomeTaxExpense": 165000000,
    "netIncome": 517000000,
    "netIncomeRatio": 0.1241892866,
    "eps": 0.8512,
    "epsdiluted": 0.8462,
    "weightedAverageShsOut": 607400000,
    "weightedAverageShsOutDil": 611000000,
    "link": "https://www.sec.gov/Archives/edgar/data/32604/000003260420000021/0000032604-20-000021-index.htm",
    "finalLink": "https://www.sec.gov/Archives/edgar/data/32604/000003260420000021/emr-20200331.htm"
  },
  {
    "date": "2019-12-31",
    "symbol": "EMR",
    "reportedCurrency": "USD",
    "cik": "0000032604",
    "fillingDate": "2020-02-05",
    "acceptedDate": "2020-02-05 14:35:41",
    "calendarYear": "2020",
    "period": "Q1",
    "revenue": 4151000000,
    "costOfRevenue": 2455000000,
    "grossProfit": 1696000000,
    "grossProfitRatio": 0.4085762467,
    "researchAndDevelopmentExpenses": 0,
    "generalAndAdministrativeExpenses": 0,
    "sellingAndMarketingExpenses": 0,
    "sellingGeneralAndAdministrativeExpenses": 1121000000,
    "otherExpenses": 0,
    "operatingExpenses": 1121000000,
    "costAndExpenses": 3576000000,
    "interestIncome": 6000000,
    "interestExpense": 41000000,
    "depreciationAndAmortization": 211000000,
    "ebitda": 675000000,
    "ebitdaratio": 0.1626114189,
    "operatingIncome": 575000000,
    "operatingIncomeRatio": 0.1385208384,
    "totalOtherIncomeExpensesNet": -152000000,
    "incomeBeforeTax": 423000000,
    "incomeBeforeTaxRatio": 0.1019031559,
    "incomeTaxExpense": 94000000,
    "netIncome": 326000000,
    "netIncomeRatio": 0.0785352927,
    "eps": 0.5344,
    "epsdiluted": 0.5309,
    "weightedAverageShsOut": 610000000,
    "weightedAverageShsOutDil": 614100000,
    "link": "https://www.sec.gov/Archives/edgar/data/32604/000003260420000007/0000032604-20-000007-index.htm",
    "finalLink": "https://www.sec.gov/Archives/edgar/data/32604/000003260420000007/emr-12312019x10q.htm"
  },
  {
    "date": "2019-09-30",
    "symbol": "EMR",
    "reportedCurrency": "USD",
    "cik": "0000032604",
    "fillingDate": "2019-11-18",
    "acceptedDate": "2019-11-18 16:01:51",
    "calendarYear": "2019",
    "period": "Q4",
    "revenue": 4971000000,
    "costOfRevenue": 2901000000,
    "grossProfit": 2070000000,
    "grossProfitRatio": 0.4164152082,
    "researchAndDevelopmentExpenses": 0,
    "generalAndAdministrativeExpenses": 0,
    "sellingAndMarketingExpenses": 0,
    "sellingGeneralAndAdministrativeExpenses": 1109000000,
    "otherExpenses": 0,
    "operatingExpenses": 1109000000,
    "costAndExpenses": 4010000000,
    "interestIncome": 8000000,
    "interestExpense": 48000000,
    "depreciationAndAmortization": 213000000,
    "ebitda": 1087000000,
    "ebitdaratio": 0.218668276,
    "operatingIncome": 961000000,
    "operatingIncomeRatio": 0.1933212633,
    "totalOtherIncomeExpensesNet": -135000000,
    "incomeBeforeTax": 826000000,
    "incomeBeforeTaxRatio": 0.1661637497,
    "incomeTaxExpense": 102000000,
    "netIncome": 717000000,
    "netIncomeRatio": 0.1442365721,
    "eps": 1.17,
    "epsdiluted": 1.1611,
    "weightedAverageShsOut": 611000000,
    "weightedAverageShsOutDil": 617500000,
    "link": "https://www.sec.gov/Archives/edgar/data/32604/000003260419000048/0000032604-19-000048-index.htm",
    "finalLink": "https://www.sec.gov/Archives/edgar/data/32604/000003260419000048/emr-09302019x10xk.htm"
  },
  {
    "date": "2019-06-30",
    "symbol": "EMR",
    "reportedCurrency": "USD",
    "cik": "0000032604",
    "fillingDate": "2019-08-07",
    "acceptedDate": "2019-08-07 11:10:44",
    "calendarYear": "2019",
    "period": "Q3",
    "revenue": 4684000000,
    "costOfRevenue": 2741000000,
    "grossProfit": 1943000000,
    "grossProfitRatio": 0.4148163962,
    "researchAndDevelopmentExpenses": 0,
    "generalAndAdministrativeExpenses": 0,
    "sellingAndMarketingExpenses": 0,
    "sellingGeneralAndAdministrativeExpenses": 1126000000,
    "otherExpenses": 0,
    "operatingExpenses": 1126000000,
    "costAndExpenses": 3867000000,
    "interestIncome": 7000000,
    "interestExpense": 50000000,
    "depreciationAndAmortization": 203000000,
    "ebitda": 1020000000,
    "ebitdaratio": 0.2177625961,
    "operatingIncome": 817000000,
    "operatingIncomeRatio": 0.1744235696,
    "totalOtherIncomeExpensesNet": -50000000,
    "incomeBeforeTax": 767000000,
    "incomeBeforeTaxRatio": 0.1637489325,
    "incomeTaxExpense": 155000000,
    "netIncome": 604000000,
    "netIncomeRatio": 0.1289496157,
    "eps": 0.98,
    "epsdiluted": 0.97,
    "weightedAverageShsOut": 614300000,
    "weightedAverageShsOutDil": 619000000,
    "link": "https://www.sec.gov/Archives/edgar/data/32604/000003260419000027/0000032604-19-000027-index.htm",
    "finalLink": "https://www.sec.gov/Archives/edgar/data/32604/000003260419000027/emr-6302019x10q.htm"
  },
  {
    "date": "2019-03-31",
    "symbol": "EMR",
    "reportedCurrency": "USD",
    "cik": "0000032604",
    "fillingDate": "2019-05-09",
    "acceptedDate": "2019-05-09 16:17:10",
    "calendarYear": "2019",
    "period": "Q2",
    "revenue": 4570000000,
    "costOfRevenue": 2702000000,
    "grossProfit": 1868000000,
    "grossProfitRatio": 0.4087527352,
    "researchAndDevelopmentExpenses": 0,
    "generalAndAdministrativeExpenses": 0,
    "sellingAndMarketingExpenses": 0,
    "sellingGeneralAndAdministrativeExpenses": 1145000000,
    "otherExpenses": 0,
    "operatingExpenses": 1145000000,
    "costAndExpenses": 3847000000,
    "interestIncome": 7000000,
    "interestExpense": 55000000,
    "depreciationAndAmortization": 204000000,
    "ebitda": 934000000,
    "ebitdaratio": 0.2043763676,
    "operatingIncome": 723000000,
    "operatingIncomeRatio": 0.1582056893,
    "totalOtherIncomeExpensesNet": -48000000,
    "incomeBeforeTax": 675000000,
    "incomeBeforeTaxRatio": 0.147702407,
    "incomeTaxExpense": 150000000,
    "netIncome": 520000000,
    "netIncomeRatio": 0.113785558,
    "eps": 0.85,
    "epsdiluted": 0.84,
    "weightedAverageShsOut": 614000000,
    "weightedAverageShsOutDil": 618100000,
    "link": "https://www.sec.gov/Archives/edgar/data/32604/000003260419000018/0000032604-19-000018-index.htm",
    "finalLink": "https://www.sec.gov/Archives/edgar/data/32604/000003260419000018/emr-3312019x10q.htm"
  },
  {
    "date": "2018-12-31",
    "symbol": "EMR",
    "reportedCurrency": "USD",
    "cik": "0000032604",
    "fillingDate": "2019-02-06",
    "acceptedDate": "2019-02-06 14:25:19",
    "calendarYear": "2019",
    "period": "Q1",
    "revenue": 4147000000,
    "costOfRevenue": 2440000000,
    "grossProfit": 1707000000,
    "grossProfitRatio": 0.4116228599,
    "researchAndDevelopmentExpenses": 0,
    "generalAndAdministrativeExpenses": 0,
    "sellingAndMarketingExpenses": 0,
    "sellingGeneralAndAdministrativeExpenses": 1077000000,
    "otherExpenses": 0,
    "operatingExpenses": 1077000000,
    "costAndExpenses": 3517000000,
    "interestIncome": 5000000,
    "interestExpense": 48000000,
    "depreciationAndAmortization": 202000000,
    "ebitda": 841000000,
    "ebitdaratio": 0.2027972028,
    "operatingIncome": 630000000,
    "operatingIncomeRatio": 0.1519170485,
    "totalOtherIncomeExpensesNet": -39000000,
    "incomeBeforeTax": 591000000,
    "incomeBeforeTaxRatio": 0.1425126598,
    "incomeTaxExpense": 124000000,
    "netIncome": 465000000,
    "netIncomeRatio": 0.1121292501,
    "eps": 0.7453,
    "epsdiluted": 0.74,
    "weightedAverageShsOut": 623900000,
    "weightedAverageShsOutDil": 627800000,
    "link": "https://www.sec.gov/Archives/edgar/data/32604/000003260419000007/0000032604-19-000007-index.htm",
    "finalLink": "https://www.sec.gov/Archives/edgar/data/32604/000003260419000007/emr-12312018x10q.htm"
  },
  {
    "date": "2018-09-30",
    "symbol": "EMR",
    "reportedCurrency": "USD",
    "cik": "0000032604",
    "fillingDate": "2018-11-19",
    "acceptedDate": "2018-11-19 14:49:23",
    "calendarYear": "2018",
    "period": "Q4",
    "revenue": 4888000000,
    "costOfRevenue": 2886000000,
    "grossProfit": 2002000000,
    "grossProfitRatio": 0.4095744681,
    "researchAndDevelopmentExpenses": 0,
    "generalAndAdministrativeExpenses": 0,
    "sellingAndMarketingExpenses": 0,
    "sellingGeneralAndAdministrativeExpenses": 1181000000,
    "otherExpenses": 0,
    "operatingExpenses": 1181000000,
    "costAndExpenses": 4067000000,
    "interestIncome": 8000000,
    "interestExpense": 54000000,
    "depreciationAndAmortization": 201000000,
    "ebitda": 993000000,
    "ebitdaratio": 0.2031505728,
    "operatingIncome": 821000000,
    "operatingIncomeRatio": 0.1679623568,
    "totalOtherIncomeExpensesNet": -83000000,
    "incomeBeforeTax": 738000000,
    "incomeBeforeTaxRatio": 0.1509819967,
    "incomeTaxExpense": 116000000,
    "netIncome": 617000000,
    "netIncomeRatio": 0.1262274959,
    "eps": 0.9806,
    "epsdiluted": 0.9764,
    "weightedAverageShsOut": 629200000,
    "weightedAverageShsOutDil": 635300000,
    "link": "https://www.sec.gov/Archives/edgar/data/32604/000003260418000044/0000032604-18-000044-index.htm",
    "finalLink": "https://www.sec.gov/Archives/edgar/data/32604/000003260418000044/emr-09302018x10xk.htm"
  },
  {
    "date": "2018-06-30",
    "symbol": "EMR",
    "reportedCurrency": "USD",
    "cik": "0000032604",
    "fillingDate": "2018-08-08",
    "acceptedDate": "2018-08-08 16:12:05",
    "calendarYear": "2018",
    "period": "Q3",
    "revenue": 4456000000,
    "costOfRevenue": 2563000000,
    "grossProfit": 1893000000,
    "grossProfitRatio": 0.4248204668,
    "researchAndDevelopmentExpenses": 0,
    "generalAndAdministrativeExpenses": 0,
    "sellingAndMarketingExpenses": 0,
    "sellingGeneralAndAdministrativeExpenses": 1058000000,
    "otherExpenses": 0,
    "operatingExpenses": 1058000000,
    "costAndExpenses": 3621000000,
    "interestIncome": 10000000,
    "interestExpense": 49000000,
    "depreciationAndAmortization": 179000000,
    "ebitda": 996000000,
    "ebitdaratio": 0.223518851,
    "operatingIncome": 835000000,
    "operatingIncomeRatio": 0.1873877917,
    "totalOtherIncomeExpensesNet": -67000000,
    "incomeBeforeTax": 768000000,
    "incomeBeforeTaxRatio": 0.1723518851,
    "incomeTaxExpense": 49000000,
    "netIncome": 712000000,
    "netIncomeRatio": 0.1597845601,
    "eps": 1.13,
    "epsdiluted": 1.12,
    "weightedAverageShsOut": 629400000,
    "weightedAverageShsOutDil": 632900000,
    "link": "https://www.sec.gov/Archives/edgar/data/32604/000003260418000038/0000032604-18-000038-index.htm",
    "finalLink": "https://www.sec.gov/Archives/edgar/data/32604/000003260418000038/emr-6302018x10q.htm"
  },
  {
    "date": "2018-03-31",
    "symbol": "EMR",
    "reportedCurrency": "USD",
    "cik": "0000032604",
    "fillingDate": "2018-05-02",
    "acceptedDate": "2018-05-02 16:47:08",
    "calendarYear": "2018",
    "period": "Q2",
    "revenue": 4248000000,
    "costOfRevenue": 2468000000,
    "grossProfit": 1780000000,
    "grossProfitRatio": 0.4190207156,
    "researchAndDevelopmentExpenses": 0,
    "generalAndAdministrativeExpenses": 0,
    "sellingAndMarketingExpenses": 0,
    "sellingGeneralAndAdministrativeExpenses": 1032000000,
    "otherExpenses": 0,
    "operatingExpenses": 1032000000,
    "costAndExpenses": 3500000000,
    "interestIncome": 14000000,
    "interestExpense": 50000000,
    "depreciationAndAmortization": 191000000,
    "ebitda": 899000000,
    "ebitdaratio": 0.2116290019,
    "operatingIncome": 748000000,
    "operatingIncomeRatio": 0.1760828625,
    "totalOtherIncomeExpensesNet": -90000000,
    "incomeBeforeTax": 658000000,
    "incomeBeforeTaxRatio": 0.1548964218,
    "incomeTaxExpense": 169000000,
    "netIncome": 482000000,
    "netIncomeRatio": 0.1134651601,
    "eps": 0.76,
    "epsdiluted": 0.76,
    "weightedAverageShsOut": 632600000,
    "weightedAverageShsOutDil": 636000000,
    "link": "https://www.sec.gov/Archives/edgar/data/32604/000003260418000029/0000032604-18-000029-index.htm",
    "finalLink": "https://www.sec.gov/Archives/edgar/data/32604/000003260418000029/emr-3312018x10q.htm"
  },
  {
    "date": "2017-12-31",
    "symbol": "EMR",
    "reportedCurrency": "USD",
    "cik": "0000032604",
    "fillingDate": "2018-02-07",
    "acceptedDate": "2018-02-07 13:31:14",
    "calendarYear": "2018",
    "period": "Q1",
    "revenue": 3816000000,
    "costOfRevenue": 2256000000,
    "grossProfit": 1560000000,
    "grossProfitRatio": 0.4088050314,
    "researchAndDevelopmentExpenses": 0,
    "generalAndAdministrativeExpenses": 0,
    "sellingAndMarketingExpenses": 0,
    "sellingGeneralAndAdministrativeExpenses": 992000000,
    "otherExpenses": 0,
    "operatingExpenses": 992000000,
    "costAndExpenses": 3248000000,
    "interestIncome": 11000000,
    "interestExpense": 49000000,
    "depreciationAndAmortization": 187000000,
    "ebitda": 739000000,
    "ebitdaratio": 0.1936582809,
    "operatingIncome": 568000000,
    "operatingIncomeRatio": 0.1488469602,
    "totalOtherIncomeExpensesNet": -65000000,
    "incomeBeforeTax": 503000000,
    "incomeBeforeTaxRatio": 0.1318134172,
    "incomeTaxExpense": 109000000,
    "netIncome": 392000000,
    "netIncomeRatio": 0.1027253669,
    "eps": 0.61,
    "epsdiluted": 0.61,
    "weightedAverageShsOut": 638200000,
    "weightedAverageShsOutDil": 640500000,
    "link": "https://www.sec.gov/Archives/edgar/data/32604/000003260418000011/0000032604-18-000011-index.htm",
    "finalLink": "https://www.sec.gov/Archives/edgar/data/32604/000003260418000011/emr-12312017x10q.htm"
  },
  {
    "date": "2017-09-30",
    "symbol": "EMR",
    "reportedCurrency": "USD",
    "cik": "0000032604",
    "fillingDate": "2017-11-20",
    "acceptedDate": "2017-11-20 13:57:46",
    "calendarYear": "2017",
    "period": "Q4",
    "revenue": 4435000000,
    "costOfRevenue": 2710000000,
    "grossProfit": 1725000000,
    "grossProfitRatio": 0.388951522,
    "researchAndDevelopmentExpenses": 0,
    "generalAndAdministrativeExpenses": 0,
    "sellingAndMarketingExpenses": 0,
    "sellingGeneralAndAdministrativeExpenses": 997000000,
    "otherExpenses": 0,
    "operatingExpenses": 997000000,
    "costAndExpenses": 3707000000,
    "interestIncome": 11000000,
    "interestExpense": 50000000,
    "depreciationAndAmortization": 182000000,
    "ebitda": 917000000,
    "ebitdaratio": 0.2067643743,
    "operatingIncome": 728000000,
    "operatingIncomeRatio": 0.1641488162,
    "totalOtherIncomeExpensesNet": -43000000,
    "incomeBeforeTax": 685000000,
    "incomeBeforeTaxRatio": 0.1544532131,
    "incomeTaxExpense": 183000000,
    "netIncome": 504000000,
    "netIncomeRatio": 0.1136414882,
    "eps": 0.7854,
    "epsdiluted": 0.7854,
    "weightedAverageShsOut": 641691971,
    "weightedAverageShsOutDil": 641691971,
    "link": "https://www.sec.gov/Archives/edgar/data/32604/000003260417000046/0000032604-17-000046-index.htm",
    "finalLink": "https://www.sec.gov/Archives/edgar/data/32604/000003260417000046/emr-09302017x10xk.htm"
  },
  {
    "date": "2017-06-30",
    "symbol": "EMR",
    "reportedCurrency": "USD",
    "cik": "0000032604",
    "fillingDate": "2017-08-02",
    "acceptedDate": "2017-08-02 13:13:08",
    "calendarYear": "2017",
    "period": "Q3",
    "revenue": 4039000000,
    "costOfRevenue": 2399000000,
    "grossProfit": 1640000000,
    "grossProfitRatio": 0.4060410993,
    "researchAndDevelopmentExpenses": 0,
    "generalAndAdministrativeExpenses": 0,
    "sellingAndMarketingExpenses": 0,
    "sellingGeneralAndAdministrativeExpenses": 931000000,
    "otherExpenses": 0,
    "operatingExpenses": 931000000,
    "costAndExpenses": 3330000000,
    "interestIncome": 10000000,
    "interestExpense": 49000000,
    "depreciationAndAmortization": 171000000,
    "ebitda": 841000000,
    "ebitdaratio": 0.2082198564,
    "operatingIncome": 709000000,
    "operatingIncomeRatio": 0.1755384996,
    "totalOtherIncomeExpensesNet": -88000000,
    "incomeBeforeTax": 621000000,
    "incomeBeforeTaxRatio": 0.1537509284,
    "incomeTaxExpense": 202000000,
    "netIncome": 399000000,
    "netIncomeRatio": 0.0987868284,
    "eps": 0.6207,
    "epsdiluted": 0.6198,
    "weightedAverageShsOut": 642800000,
    "weightedAverageShsOutDil": 643800000,
    "link": "https://www.sec.gov/Archives/edgar/data/32604/000003260417000036/0000032604-17-000036-index.htm",
    "finalLink": "https://www.sec.gov/Archives/edgar/data/32604/000003260417000036/emr-6302017x10q.htm"
  },
  {
    "date": "2017-03-31",
    "symbol": "EMR",
    "reportedCurrency": "USD",
    "cik": "0000032604",
    "fillingDate": "2017-05-04",
    "acceptedDate": "2017-05-04 12:58:43",
    "calendarYear": "2017",
    "period": "Q2",
    "revenue": 3574000000,
    "costOfRevenue": 2035000000,
    "grossProfit": 1539000000,
    "grossProfitRatio": 0.4306099608,
    "researchAndDevelopmentExpenses": 0,
    "generalAndAdministrativeExpenses": 0,
    "sellingAndMarketingExpenses": 0,
    "sellingGeneralAndAdministrativeExpenses": 868000000,
    "otherExpenses": 0,
    "operatingExpenses": 868000000,
    "costAndExpenses": 2903000000,
    "interestIncome": 9000000,
    "interestExpense": 50000000,
    "depreciationAndAmortization": 140000000,
    "ebitda": 755000000,
    "ebitdaratio": 0.2112479015,
    "operatingIncome": 671000000,
    "operatingIncomeRatio": 0.1877448237,
    "totalOtherIncomeExpensesNet": -106000000,
    "incomeBeforeTax": 565000000,
    "incomeBeforeTaxRatio": 0.158086178,
    "incomeTaxExpense": 181000000,
    "netIncome": 278000000,
    "netIncomeRatio": 0.0777839955,
    "eps": 0.432,
    "epsdiluted": 0.432,
    "weightedAverageShsOut": 643600000,
    "weightedAverageShsOutDil": 644800000,
    "link": "https://www.sec.gov/Archives/edgar/data/32604/000003260417000022/0000032604-17-000022-index.htm",
    "finalLink": "https://www.sec.gov/Archives/edgar/data/32604/000003260417000022/emr-3312017x10q.htm"
  },
  {
    "date": "2016-12-31",
    "symbol": "EMR",
    "reportedCurrency": "USD",
    "cik": "0000032604",
    "fillingDate": "2017-02-08",
    "acceptedDate": "2017-02-08 15:05:31",
    "calendarYear": "2017",
    "period": "Q1",
    "revenue": 3216000000,
    "costOfRevenue": 1861000000,
    "grossProfit": 1355000000,
    "grossProfitRatio": 0.4213308458,
    "researchAndDevelopmentExpenses": 0,
    "generalAndAdministrativeExpenses": 0,
    "sellingAndMarketingExpenses": 0,
    "sellingGeneralAndAdministrativeExpenses": 822000000,
    "otherExpenses": 0,
    "operatingExpenses": 822000000,
    "costAndExpenses": 2683000000,
    "interestIncome": 6000000,
    "interestExpense": 52000000,
    "depreciationAndAmortization": 143000000,
    "ebitda": 659000000,
    "ebitdaratio": 0.2049129353,
    "operatingIncome": 533000000,
    "operatingIncomeRatio": 0.1657338308,
    "totalOtherIncomeExpensesNet": -69000000,
    "incomeBeforeTax": 464000000,
    "incomeBeforeTaxRatio": 0.144278607,
    "incomeTaxExpense": 94000000,
    "netIncome": 223000000,
    "netIncomeRatio": 0.069340796,
    "eps": 0.3469,
    "epsdiluted": 0.3461,
    "weightedAverageShsOut": 642800000,
    "weightedAverageShsOutDil": 644300000,
    "link": "https://www.sec.gov/Archives/edgar/data/32604/000003260417000007/0000032604-17-000007-index.htm",
    "finalLink": "https://www.sec.gov/Archives/edgar/data/32604/000003260417000007/emr-12312016x10q.htm"
  },
  {
    "date": "2016-09-30",
    "symbol": "EMR",
    "reportedCurrency": "USD",
    "cik": "0000032604",
    "fillingDate": "2016-11-16",
    "acceptedDate": "2016-11-16 17:15:14",
    "calendarYear": "2016",
    "period": "Q4",
    "revenue": 3932000000,
    "costOfRevenue": 2232000000,
    "grossProfit": 1700000000,
    "grossProfitRatio": 0.4323499491,
    "researchAndDevelopmentExpenses": 0,
    "generalAndAdministrativeExpenses": 0,
    "sellingAndMarketingExpenses": 0,
    "sellingGeneralAndAdministrativeExpenses": 855000000,
    "otherExpenses": 0,
    "operatingExpenses": 855000000,
    "costAndExpenses": 3087000000,
    "interestIncome": 3000000,
    "interestExpense": 52000000,
    "depreciationAndAmortization": 18000000,
    "ebitda": 744000000,
    "ebitdaratio": 0.1892166836,
    "operatingIncome": 845000000,
    "operatingIncomeRatio": 0.2149033571,
    "totalOtherIncomeExpensesNet": -171000000,
    "incomeBeforeTax": 674000000,
    "incomeBeforeTaxRatio": 0.1714140387,
    "incomeTaxExpense": 188000000,
    "netIncome": 438000000,
    "netIncomeRatio": 0.1113936928,
    "eps": 0.6814,
    "epsdiluted": 0.68,
    "weightedAverageShsOut": 642796490,
    "weightedAverageShsOutDil": 645100000,
    "link": "https://www.sec.gov/Archives/edgar/data/32604/000003260416000105/0000032604-16-000105-index.htm",
    "finalLink": "https://www.sec.gov/Archives/edgar/data/32604/000003260416000105/emr930201610-k.htm"
  },
  {
    "date": "2016-06-30",
    "symbol": "EMR",
    "reportedCurrency": "USD",
    "cik": "0000032604",
    "fillingDate": "2016-08-03",
    "acceptedDate": "2016-08-03 16:10:48",
    "calendarYear": "2016",
    "period": "Q3",
    "revenue": 3674000000,
    "costOfRevenue": 2081000000,
    "grossProfit": 1593000000,
    "grossProfitRatio": 0.4335873707,
    "researchAndDevelopmentExpenses": 0,
    "generalAndAdministrativeExpenses": 852000000,
    "sellingAndMarketingExpenses": 0,
    "sellingGeneralAndAdministrativeExpenses": 852000000,
    "otherExpenses": 22000000,
    "operatingExpenses": 874000000,
    "costAndExpenses": 2933000000,
    "interestIncome": 7000000,
    "interestExpense": 53000000,
    "depreciationAndAmortization": 140000000,
    "ebitda": 864000000,
    "ebitdaratio": 0.2351660316,
    "operatingIncome": 741000000,
    "operatingIncomeRatio": 0.201687534,
    "totalOtherIncomeExpensesNet": -85000000,
    "incomeBeforeTax": 656000000,
    "incomeBeforeTaxRatio": 0.1785519869,
    "incomeTaxExpense": 205000000,
    "netIncome": 479000000,
    "netIncomeRatio": 0.1303756124,
    "eps": 0.74,
    "epsdiluted": 0.74,
    "weightedAverageShsOut": 642200000,
    "weightedAverageShsOutDil": 645200000,
    "link": "https://www.sec.gov/Archives/edgar/data/32604/000003260416000097/0000032604-16-000097-index.htm",
    "finalLink": "https://www.sec.gov/Archives/edgar/data/32604/000003260416000097/emr-6302016x10q.htm"
  },
  {
    "date": "2016-03-31",
    "symbol": "EMR",
    "reportedCurrency": "USD",
    "cik": "0000032604",
    "fillingDate": "2016-05-05",
    "acceptedDate": "2016-05-05 10:53:05",
    "calendarYear": "2016",
    "period": "Q2",
    "revenue": 3579000000,
    "costOfRevenue": 2037000000,
    "grossProfit": 1542000000,
    "grossProfitRatio": 0.4308466052,
    "researchAndDevelopmentExpenses": 0,
    "generalAndAdministrativeExpenses": 878000000,
    "sellingAndMarketingExpenses": 0,
    "sellingGeneralAndAdministrativeExpenses": 878000000,
    "otherExpenses": 22000000,
    "operatingExpenses": 900000000,
    "costAndExpenses": 2915000000,
    "interestIncome": 8000000,
    "interestExpense": 54000000,
    "depreciationAndAmortization": 142000000,
    "ebitda": 761000000,
    "ebitdaratio": 0.212629226,
    "operatingIncome": 664000000,
    "operatingIncomeRatio": 0.1855266834,
    "totalOtherIncomeExpensesNet": -112000000,
    "incomeBeforeTax": 552000000,
    "incomeBeforeTaxRatio": 0.154233026,
    "incomeTaxExpense": 177000000,
    "netIncome": 369000000,
    "netIncomeRatio": 0.103101425,
    "eps": 0.57,
    "epsdiluted": 0.57,
    "weightedAverageShsOut": 642000000,
    "weightedAverageShsOutDil": 644700000,
    "link": "https://www.sec.gov/Archives/edgar/data/32604/000003260416000085/0000032604-16-000085-index.htm",
    "finalLink": "https://www.sec.gov/Archives/edgar/data/32604/000003260416000085/emr-3312016x10q.htm"
  },
  {
    "date": "2015-12-31",
    "symbol": "EMR",
    "reportedCurrency": "USD",
    "cik": "0000032604",
    "fillingDate": "2016-02-03",
    "acceptedDate": "2016-02-03 13:56:54",
    "calendarYear": "2016",
    "period": "Q1",
    "revenue": 4713000000,
    "costOfRevenue": 2824000000,
    "grossProfit": 1889000000,
    "grossProfitRatio": 0.4008062805,
    "researchAndDevelopmentExpenses": 0,
    "generalAndAdministrativeExpenses": 879000000,
    "sellingAndMarketingExpenses": 0,
    "sellingGeneralAndAdministrativeExpenses": 879000000,
    "otherExpenses": 411000000,
    "operatingExpenses": 1290000000,
    "costAndExpenses": 4114000000,
    "interestIncome": 6000000,
    "interestExpense": 53000000,
    "depreciationAndAmortization": 144000000,
    "ebitda": 631000000,
    "ebitdaratio": 0.1338849989,
    "operatingIncome": 535000000,
    "operatingIncomeRatio": 0.1135158073,
    "totalOtherIncomeExpensesNet": -101000000,
    "incomeBeforeTax": 434000000,
    "incomeBeforeTaxRatio": 0.0920857203,
    "incomeTaxExpense": 127000000,
    "netIncome": 349000000,
    "netIncomeRatio": 0.0740504986,
    "eps": 0.54,
    "epsdiluted": 0.53,
    "weightedAverageShsOut": 650000000,
    "weightedAverageShsOutDil": 652500000,
    "link": "https://www.sec.gov/Archives/edgar/data/32604/000003260416000062/0000032604-16-000062-index.htm",
    "finalLink": "https://www.sec.gov/Archives/edgar/data/32604/000003260416000062/emr-12312015x10q.htm"
  },
  {
    "date": "2015-09-30",
    "symbol": "EMR",
    "reportedCurrency": "USD",
    "cik": "0000032604",
    "fillingDate": "2015-11-18",
    "acceptedDate": "2015-11-18 17:24:04",
    "calendarYear": "2015",
    "period": "Q4",
    "revenue": 5814000000,
    "costOfRevenue": 3446000000,
    "grossProfit": 2368000000,
    "grossProfitRatio": 0.4072927417,
    "researchAndDevelopmentExpenses": 0,
    "generalAndAdministrativeExpenses": 1185000000,
    "sellingAndMarketingExpenses": 0,
    "sellingGeneralAndAdministrativeExpenses": 1185000000,
    "otherExpenses": 176000000,
    "operatingExpenses": 1361000000,
    "costAndExpenses": 4807000000,
    "interestIncome": 4000000,
    "interestExpense": 49000000,
    "depreciationAndAmortization": 202000000,
    "ebitda": 1247000000,
    "ebitdaratio": 0.2144822841,
    "operatingIncome": 1007000000,
    "operatingIncomeRatio": 0.1732026144,
    "totalOtherIncomeExpensesNet": -11000000,
    "incomeBeforeTax": 996000000,
    "incomeBeforeTaxRatio": 0.1713106295,
    "incomeTaxExpense": 345000000,
    "netIncome": 648000000,
    "netIncomeRatio": 0.1114551084,
    "eps": 0.99,
    "epsdiluted": 0.98,
    "weightedAverageShsOut": 654608521,
    "weightedAverageShsOutDil": 658100000,
    "link": "https://www.sec.gov/Archives/edgar/data/32604/000003260415000051/0000032604-15-000051-index.htm",
    "finalLink": "https://www.sec.gov/Archives/edgar/data/32604/000003260415000051/emr930201510-k.htm"
  },
  {
    "date": "2015-06-30",
    "symbol": "EMR",
    "reportedCurrency": "USD",
    "cik": "0000032604",
    "fillingDate": "2015-08-05",
    "acceptedDate": "2015-08-05 13:32:06",
    "calendarYear": "2015",
    "period": "Q3",
    "revenue": 5503000000,
    "costOfRevenue": 3269000000,
    "grossProfit": 2234000000,
    "grossProfitRatio": 0.4059603852,
    "researchAndDevelopmentExpenses": 0,
    "generalAndAdministrativeExpenses": 1276000000,
    "sellingAndMarketingExpenses": 0,
    "sellingGeneralAndAdministrativeExpenses": 1276000000,
    "otherExpenses": 88000000,
    "operatingExpenses": 1364000000,
    "costAndExpenses": 4633000000,
    "interestIncome": 9000000,
    "interestExpense": 49000000,
    "depreciationAndAmortization": 201000000,
    "ebitda": 1046000000,
    "ebitdaratio": 0.1900781392,
    "operatingIncome": 870000000,
    "operatingIncomeRatio": 0.1580955842,
    "totalOtherIncomeExpensesNet": -74000000,
    "incomeBeforeTax": 796000000,
    "incomeBeforeTaxRatio": 0.1446483736,
    "incomeTaxExpense": 222000000,
    "netIncome": 564000000,
    "netIncomeRatio": 0.1024895512,
    "eps": 0.84,
    "epsdiluted": 0.84,
    "weightedAverageShsOut": 665700000,
    "weightedAverageShsOutDil": 668900000,
    "link": "https://www.sec.gov/Archives/edgar/data/32604/000003260415000036/0000032604-15-000036-index.htm",
    "finalLink": "https://www.sec.gov/Archives/edgar/data/32604/000003260415000036/emr-6302015x10q.htm"
  },
  {
    "date": "2015-03-31",
    "symbol": "EMR",
    "reportedCurrency": "USD",
    "cik": "0000032604",
    "fillingDate": "2015-05-06",
    "acceptedDate": "2015-05-06 14:51:50",
    "calendarYear": "2015",
    "period": "Q2",
    "revenue": 5400000000,
    "costOfRevenue": 3234000000,
    "grossProfit": 2166000000,
    "grossProfitRatio": 0.4011111111,
    "researchAndDevelopmentExpenses": 0,
    "generalAndAdministrativeExpenses": 1318000000,
    "sellingAndMarketingExpenses": 0,
    "sellingGeneralAndAdministrativeExpenses": 1318000000,
    "otherExpenses": 97000000,
    "operatingExpenses": 1415000000,
    "costAndExpenses": 4649000000,
    "interestIncome": 9000000,
    "interestExpense": 49000000,
    "depreciationAndAmortization": 205000000,
    "ebitda": 1260000000,
    "ebitdaratio": 0.2333333333,
    "operatingIncome": 491000000,
    "operatingIncomeRatio": 0.0909259259,
    "totalOtherIncomeExpensesNet": 759000000,
    "incomeBeforeTax": 1604000000,
    "incomeBeforeTaxRatio": 0.297037037,
    "incomeTaxExpense": 625000000,
    "netIncome": 973000000,
    "netIncomeRatio": 0.1801851852,
    "eps": 1.42,
    "epsdiluted": 1.42,
    "weightedAverageShsOut": 680900000,
    "weightedAverageShsOutDil": 684100000,
    "link": "https://www.sec.gov/Archives/edgar/data/32604/000003260415000024/0000032604-15-000024-index.htm",
    "finalLink": "https://www.sec.gov/Archives/edgar/data/32604/000003260415000024/emr-3312015x10q.htm"
  },
  {
    "date": "2014-12-31",
    "symbol": "EMR",
    "reportedCurrency": "USD",
    "cik": "0000032604",
    "fillingDate": "2015-02-04",
    "acceptedDate": "2015-02-04 12:02:08",
    "calendarYear": "2015",
    "period": "Q1",
    "revenue": 5587000000,
    "costOfRevenue": 3307000000,
    "grossProfit": 2280000000,
    "grossProfitRatio": 0.4080902094,
    "researchAndDevelopmentExpenses": 0,
    "generalAndAdministrativeExpenses": 1405000000,
    "sellingAndMarketingExpenses": 0,
    "sellingGeneralAndAdministrativeExpenses": 1405000000,
    "otherExpenses": 64000000,
    "operatingExpenses": 1469000000,
    "costAndExpenses": 4776000000,
    "interestIncome": 7000000,
    "interestExpense": 53000000,
    "depreciationAndAmortization": 207000000,
    "ebitda": 1025000000,
    "ebitdaratio": 0.1834616073,
    "operatingIncome": 811000000,
    "operatingIncomeRatio": 0.1451584034,
    "totalOtherIncomeExpensesNet": -46000000,
    "incomeBeforeTax": 765000000,
    "incomeBeforeTaxRatio": 0.1369250045,
    "incomeTaxExpense": 236000000,
    "netIncome": 525000000,
    "netIncomeRatio": 0.0939681403,
    "eps": 0.76,
    "epsdiluted": 0.75,
    "weightedAverageShsOut": 691400000,
    "weightedAverageShsOutDil": 694700000,
    "link": "https://www.sec.gov/Archives/edgar/data/32604/000003260415000011/0000032604-15-000011-index.htm",
    "finalLink": "https://www.sec.gov/Archives/edgar/data/32604/000003260415000011/emr-12312014x10q.htm"
  },
  {
    "date": "2014-09-30",
    "symbol": "EMR",
    "reportedCurrency": "USD",
    "cik": "0000032604",
    "fillingDate": "2014-11-19",
    "acceptedDate": "2014-11-19 14:26:00",
    "calendarYear": "2014",
    "period": "Q4",
    "revenue": 6807000000,
    "costOfRevenue": 3918000000,
    "grossProfit": 2889000000,
    "grossProfitRatio": 0.4244160423,
    "researchAndDevelopmentExpenses": 541000000,
    "generalAndAdministrativeExpenses": 1453000000,
    "sellingAndMarketingExpenses": 0,
    "sellingGeneralAndAdministrativeExpenses": 1453000000,
    "otherExpenses": -476000000,
    "operatingExpenses": 1518000000,
    "costAndExpenses": 5436000000,
    "interestIncome": 6000000,
    "interestExpense": 53000000,
    "depreciationAndAmortization": 208000000,
    "ebitda": 1077000000,
    "ebitdaratio": 0.1582194799,
    "operatingIncome": 1371000000,
    "operatingIncomeRatio": 0.2014103129,
    "totalOtherIncomeExpensesNet": -555000000,
    "incomeBeforeTax": 816000000,
    "incomeBeforeTaxRatio": 0.1198765976,
    "incomeTaxExpense": 401000000,
    "netIncome": 410000000,
    "netIncomeRatio": 0.060232114,
    "eps": 0.59,
    "epsdiluted": 0.58,
    "weightedAverageShsOut": 696605222,
    "weightedAverageShsOutDil": 699600000,
    "link": "https://www.sec.gov/Archives/edgar/data/32604/000003260414000048/0000032604-14-000048-index.htm",
    "finalLink": "https://www.sec.gov/Archives/edgar/data/32604/000003260414000048/emr930201410-k.htm"
  },
  {
    "date": "2014-06-30",
    "symbol": "EMR",
    "reportedCurrency": "USD",
    "cik": "0000032604",
    "fillingDate": "2014-08-06",
    "acceptedDate": "2014-08-06 15:56:53",
    "calendarYear": "2014",
    "period": "Q3",
    "revenue": 6312000000,
    "costOfRevenue": 3674000000,
    "grossProfit": 2638000000,
    "grossProfitRatio": 0.4179340938,
    "researchAndDevelopmentExpenses": 0,
    "generalAndAdministrativeExpenses": 1424000000,
    "sellingAndMarketingExpenses": 0,
    "sellingGeneralAndAdministrativeExpenses": 1424000000,
    "otherExpenses": 66000000,
    "operatingExpenses": 1490000000,
    "costAndExpenses": 5164000000,
    "interestIncome": 7000000,
    "interestExpense": 53000000,
    "depreciationAndAmortization": 204000000,
    "ebitda": 1329000000,
    "ebitdaratio": 0.2105513308,
    "operatingIncome": 1148000000,
    "operatingIncomeRatio": 0.1818757921,
    "totalOtherIncomeExpensesNet": -76000000,
    "incomeBeforeTax": 1072000000,
    "incomeBeforeTaxRatio": 0.1698352345,
    "incomeTaxExpense": 334000000,
    "netIncome": 728000000,
    "netIncomeRatio": 0.1153358682,
    "eps": 1.03,
    "epsdiluted": 1.03,
    "weightedAverageShsOut": 699600000,
    "weightedAverageShsOutDil": 703300000,
    "link": "https://www.sec.gov/Archives/edgar/data/32604/000003260414000034/0000032604-14-000034-index.htm",
    "finalLink": "https://www.sec.gov/Archives/edgar/data/32604/000003260414000034/emr-6302014x10q.htm"
  },
  {
    "date": "2014-03-31",
    "symbol": "EMR",
    "reportedCurrency": "USD",
    "cik": "0000032604",
    "fillingDate": "2014-05-07",
    "acceptedDate": "2014-05-07 17:13:24",
    "calendarYear": "2014",
    "period": "Q2",
    "revenue": 5812000000,
    "costOfRevenue": 3417000000,
    "grossProfit": 2395000000,
    "grossProfitRatio": 0.4120784584,
    "researchAndDevelopmentExpenses": 0,
    "generalAndAdministrativeExpenses": 1394000000,
    "sellingAndMarketingExpenses": 0,
    "sellingGeneralAndAdministrativeExpenses": 1394000000,
    "otherExpenses": 79000000,
    "operatingExpenses": 1473000000,
    "costAndExpenses": 4890000000,
    "interestIncome": 4000000,
    "interestExpense": 51000000,
    "depreciationAndAmortization": 210000000,
    "ebitda": 1078000000,
    "ebitdaratio": 0.1854783207,
    "operatingIncome": 922000000,
    "operatingIncomeRatio": 0.1586373021,
    "totalOtherIncomeExpensesNet": -105000000,
    "incomeBeforeTax": 817000000,
    "incomeBeforeTaxRatio": 0.1405712319,
    "incomeTaxExpense": 263000000,
    "netIncome": 547000000,
    "netIncomeRatio": 0.0941156228,
    "eps": 0.78,
    "epsdiluted": 0.77,
    "weightedAverageShsOut": 701700000,
    "weightedAverageShsOutDil": 705200000,
    "link": "https://www.sec.gov/Archives/edgar/data/32604/000003260414000024/0000032604-14-000024-index.htm",
    "finalLink": "https://www.sec.gov/Archives/edgar/data/32604/000003260414000024/emr-3312014x10q.htm"
  },
  {
    "date": "2013-12-31",
    "symbol": "EMR",
    "reportedCurrency": "USD",
    "cik": "0000032604",
    "fillingDate": "2014-02-05",
    "acceptedDate": "2014-02-05 12:55:54",
    "calendarYear": "2014",
    "period": "Q1",
    "revenue": 5606000000,
    "costOfRevenue": 3370000000,
    "grossProfit": 2236000000,
    "grossProfitRatio": 0.398858366,
    "researchAndDevelopmentExpenses": 0,
    "generalAndAdministrativeExpenses": 1444000000,
    "sellingAndMarketingExpenses": 0,
    "sellingGeneralAndAdministrativeExpenses": 1444000000,
    "otherExpenses": 70000000,
    "operatingExpenses": 1514000000,
    "costAndExpenses": 4884000000,
    "interestIncome": 7000000,
    "interestExpense": 61000000,
    "depreciationAndAmortization": 209000000,
    "ebitda": 913000000,
    "ebitdaratio": 0.1628612201,
    "operatingIncome": 722000000,
    "operatingIncomeRatio": 0.1287905815,
    "totalOtherIncomeExpensesNet": -79000000,
    "incomeBeforeTax": 643000000,
    "incomeBeforeTaxRatio": 0.1146985373,
    "incomeTaxExpense": 166000000,
    "netIncome": 462000000,
    "netIncomeRatio": 0.0824117017,
    "eps": 0.65,
    "epsdiluted": 0.65,
    "weightedAverageShsOut": 703500000,
    "weightedAverageShsOutDil": 708100000,
    "link": "https://www.sec.gov/Archives/edgar/data/32604/000003260414000010/0000032604-14-000010-index.htm",
    "finalLink": "https://www.sec.gov/Archives/edgar/data/32604/000003260414000010/emr-12312013x10q.htm"
  },
  {
    "date": "2013-09-30",
    "symbol": "EMR",
    "reportedCurrency": "USD",
    "cik": "0000032604",
    "fillingDate": "2013-11-19",
    "acceptedDate": "2013-11-19 12:06:10",
    "calendarYear": "2013",
    "period": "Q4",
    "revenue": 6812000000,
    "costOfRevenue": 4008000000,
    "grossProfit": 2804000000,
    "grossProfitRatio": 0.4116265414,
    "researchAndDevelopmentExpenses": 576000000,
    "generalAndAdministrativeExpenses": 1432000000,
    "sellingAndMarketingExpenses": 0,
    "sellingGeneralAndAdministrativeExpenses": 1432000000,
    "otherExpenses": -509000000,
    "operatingExpenses": 1499000000,
    "costAndExpenses": 5507000000,
    "interestIncome": 4000000,
    "interestExpense": 60000000,
    "depreciationAndAmortization": 207000000,
    "ebitda": 1448000000,
    "ebitdaratio": 0.2125660599,
    "operatingIncome": 1305000000,
    "operatingIncomeRatio": 0.1915736935,
    "totalOtherIncomeExpensesNet": -124000000,
    "incomeBeforeTax": 1181000000,
    "incomeBeforeTaxRatio": 0.1733705226,
    "incomeTaxExpense": 373000000,
    "netIncome": 795000000,
    "netIncomeRatio": 0.1167058133,
    "eps": 1.13,
    "epsdiluted": 1.1,
    "weightedAverageShsOut": 706660259,
    "weightedAverageShsOutDil": 717300000,
    "link": "https://www.sec.gov/Archives/edgar/data/32604/000003260413000044/0000032604-13-000044-index.htm",
    "finalLink": "https://www.sec.gov/Archives/edgar/data/32604/000003260413000044/emr930201310-k.htm"
  },
  {
    "date": "2013-06-30",
    "symbol": "EMR",
    "reportedCurrency": "USD",
    "cik": "0000032604",
    "fillingDate": "2013-08-07",
    "acceptedDate": "2013-08-07 16:52:13",
    "calendarYear": "2013",
    "period": "Q3",
    "revenue": 6344000000,
    "costOfRevenue": 3776000000,
    "grossProfit": 2568000000,
    "grossProfitRatio": 0.4047919294,
    "researchAndDevelopmentExpenses": 0,
    "generalAndAdministrativeExpenses": 1396000000,
    "sellingAndMarketingExpenses": 0,
    "sellingGeneralAndAdministrativeExpenses": 1396000000,
    "otherExpenses": 86000000,
    "operatingExpenses": 1482000000,
    "costAndExpenses": 5258000000,
    "interestIncome": 5000000,
    "interestExpense": 56000000,
    "depreciationAndAmortization": 201000000,
    "ebitda": 768000000,
    "ebitdaratio": 0.1210592686,
    "operatingIncome": 1086000000,
    "operatingIncomeRatio": 0.171185372,
    "totalOtherIncomeExpensesNet": -575000000,
    "incomeBeforeTax": 511000000,
    "incomeBeforeTaxRatio": 0.0805485498,
    "incomeTaxExpense": 297000000,
    "netIncome": 194000000,
    "netIncomeRatio": 0.0305800757,
    "eps": 0.27,
    "epsdiluted": 0.27,
    "weightedAverageShsOut": 716900000,
    "weightedAverageShsOutDil": 722200000,
    "link": "https://www.sec.gov/Archives/edgar/data/32604/000003260413000030/0000032604-13-000030-index.htm",
    "finalLink": "https://www.sec.gov/Archives/edgar/data/32604/000003260413000030/emr-6302013x10q.htm"
  },
  {
    "date": "2013-03-31",
    "symbol": "EMR",
    "reportedCurrency": "USD",
    "cik": "0000032604",
    "fillingDate": "2013-05-08",
    "acceptedDate": "2013-05-08 14:50:18",
    "calendarYear": "2013",
    "period": "Q2",
    "revenue": 5960000000,
    "costOfRevenue": 3587000000,
    "grossProfit": 2373000000,
    "grossProfitRatio": 0.3981543624,
    "researchAndDevelopmentExpenses": 0,
    "generalAndAdministrativeExpenses": 1426000000,
    "sellingAndMarketingExpenses": 0,
    "sellingGeneralAndAdministrativeExpenses": 1426000000,
    "otherExpenses": 70000000,
    "operatingExpenses": 1496000000,
    "costAndExpenses": 5083000000,
    "interestIncome": 3000000,
    "interestExpense": 60000000,
    "depreciationAndAmortization": 205000000,
    "ebitda": 1096000000,
    "ebitdaratio": 0.1838926174,
    "operatingIncome": 877000000,
    "operatingIncomeRatio": 0.147147651,
    "totalOtherIncomeExpensesNet": -46000000,
    "incomeBeforeTax": 831000000,
    "incomeBeforeTaxRatio": 0.1394295302,
    "incomeTaxExpense": 253000000,
    "netIncome": 561000000,
    "netIncomeRatio": 0.0941275168,
    "eps": 0.77,
    "epsdiluted": 0.77,
    "weightedAverageShsOut": 720500000,
    "weightedAverageShsOutDil": 725300000,
    "link": "https://www.sec.gov/Archives/edgar/data/32604/000003260413000016/0000032604-13-000016-index.htm",
    "finalLink": "https://www.sec.gov/Archives/edgar/data/32604/000003260413000016/emr-3312013x10q.htm"
  },
  {
    "date": "2012-12-31",
    "symbol": "EMR",
    "reportedCurrency": "USD",
    "cik": "0000032604",
    "fillingDate": "2013-02-06",
    "acceptedDate": "2013-02-06 15:37:06",
    "calendarYear": "2013",
    "period": "Q1",
    "revenue": 5553000000,
    "costOfRevenue": 3346000000,
    "grossProfit": 2207000000,
    "grossProfitRatio": 0.3974428237,
    "researchAndDevelopmentExpenses": 0,
    "generalAndAdministrativeExpenses": 1394000000,
    "sellingAndMarketingExpenses": 0,
    "sellingGeneralAndAdministrativeExpenses": 1394000000,
    "otherExpenses": 75000000,
    "operatingExpenses": 1469000000,
    "costAndExpenses": 4815000000,
    "interestIncome": 4000000,
    "interestExpense": 58000000,
    "depreciationAndAmortization": 206000000,
    "ebitda": 937000000,
    "ebitdaratio": 0.1687376193,
    "operatingIncome": 738000000,
    "operatingIncomeRatio": 0.1329011345,
    "totalOtherIncomeExpensesNet": -65000000,
    "incomeBeforeTax": 673000000,
    "incomeBeforeTaxRatio": 0.12119575,
    "incomeTaxExpense": 207000000,
    "netIncome": 454000000,
    "netIncomeRatio": 0.0817576085,
    "eps": 0.63,
    "epsdiluted": 0.62,
    "weightedAverageShsOut": 722300000,
    "weightedAverageShsOutDil": 726900000,
    "link": "https://www.sec.gov/Archives/edgar/data/32604/000003260413000003/0000032604-13-000003-index.htm",
    "finalLink": "https://www.sec.gov/Archives/edgar/data/32604/000003260413000003/emr-12312012x10q.htm"
  },
  {
    "date": "2012-09-30",
    "symbol": "EMR",
    "reportedCurrency": "USD",
    "cik": "0000032604",
    "fillingDate": "2012-11-20",
    "acceptedDate": "2012-11-20 11:55:46",
    "calendarYear": "2012",
    "period": "Q4",
    "revenue": 6700000000,
    "costOfRevenue": 3951000000,
    "grossProfit": 2749000000,
    "grossProfitRatio": 0.4102985075,
    "researchAndDevelopmentExpenses": 547000000,
    "generalAndAdministrativeExpenses": 0,
    "sellingAndMarketingExpenses": 0,
    "sellingGeneralAndAdministrativeExpenses": 1385000000,
    "otherExpenses": -547000000,
    "operatingExpenses": 1385000000,
    "costAndExpenses": 5336000000,
    "interestIncome": 0,
    "interestExpense": 57000000,
    "depreciationAndAmortization": 206000000,
    "ebitda": 856000000,
    "ebitdaratio": 0.127761194,
    "operatingIncome": 1364000000,
    "operatingIncomeRatio": 0.2035820896,
    "totalOtherIncomeExpensesNet": -771000000,
    "incomeBeforeTax": 593000000,
    "incomeBeforeTaxRatio": 0.0885074627,
    "incomeTaxExpense": 293000000,
    "netIncome": 282000000,
    "netIncomeRatio": 0.0420895522,
    "eps": 0.39,
    "epsdiluted": 0.38,
    "weightedAverageShsOut": 724113291,
    "weightedAverageShsOutDil": 734600000,
    "link": "https://www.sec.gov/Archives/edgar/data/32604/000003260412000012/0000032604-12-000012-index.htm",
    "finalLink": "https://www.sec.gov/Archives/edgar/data/32604/000003260412000012/emr930201210-k.htm"
  },
  {
    "date": "2012-06-30",
    "symbol": "EMR",
    "reportedCurrency": "USD",
    "cik": "0000032604",
    "fillingDate": "2012-08-08",
    "acceptedDate": "2012-08-08 13:16:08",
    "calendarYear": "2012",
    "period": "Q3",
    "revenue": 6484000000,
    "costOfRevenue": 3856000000,
    "grossProfit": 2628000000,
    "grossProfitRatio": 0.4053053671,
    "researchAndDevelopmentExpenses": 0,
    "generalAndAdministrativeExpenses": 0,
    "sellingAndMarketingExpenses": 0,
    "sellingGeneralAndAdministrativeExpenses": 1338000000,
    "otherExpenses": 0,
    "operatingExpenses": 1338000000,
    "costAndExpenses": 5194000000,
    "interestIncome": 0,
    "interestExpense": 51000000,
    "depreciationAndAmortization": 211000000,
    "ebitda": 1422000000,
    "ebitdaratio": 0.2193090685,
    "operatingIncome": 1290000000,
    "operatingIncomeRatio": 0.1989512647,
    "totalOtherIncomeExpensesNet": -135000000,
    "incomeBeforeTax": 1155000000,
    "incomeBeforeTaxRatio": 0.1781307835,
    "incomeTaxExpense": 368000000,
    "netIncome": 770000000,
    "netIncomeRatio": 0.1187538556,
    "eps": 1.05,
    "epsdiluted": 1.04,
    "weightedAverageShsOut": 730400000,
    "weightedAverageShsOutDil": 734300000,
    "link": "https://www.sec.gov/Archives/edgar/data/32604/000003260412000009/0000032604-12-000009-index.htm",
    "finalLink": "https://www.sec.gov/Archives/edgar/data/32604/000003260412000009/emr-06302012x10q.htm"
  },
  {
    "date": "2012-03-31",
    "symbol": "EMR",
    "reportedCurrency": "USD",
    "cik": "0000032604",
    "fillingDate": "2012-05-02",
    "acceptedDate": "2012-05-02 16:10:11",
    "calendarYear": "2012",
    "period": "Q2",
    "revenue": 5919000000,
    "costOfRevenue": 3583000000,
    "grossProfit": 2336000000,
    "grossProfitRatio": 0.3946612603,
    "researchAndDevelopmentExpenses": 0,
    "generalAndAdministrativeExpenses": 0,
    "sellingAndMarketingExpenses": 0,
    "sellingGeneralAndAdministrativeExpenses": 1359000000,
    "otherExpenses": 0,
    "operatingExpenses": 1359000000,
    "costAndExpenses": 4942000000,
    "interestIncome": 0,
    "interestExpense": 58000000,
    "depreciationAndAmortization": 202000000,
    "ebitda": 1079000000,
    "ebitdaratio": 0.1822943065,
    "operatingIncome": 889000000,
    "operatingIncomeRatio": 0.1501942896,
    "totalOtherIncomeExpensesNet": -75000000,
    "incomeBeforeTax": 814000000,
    "incomeBeforeTaxRatio": 0.1375232303,
    "incomeTaxExpense": 258000000,
    "netIncome": 545000000,
    "netIncomeRatio": 0.0920763643,
    "eps": 0.74,
    "epsdiluted": 0.74,
    "weightedAverageShsOut": 732700000,
    "weightedAverageShsOutDil": 736800000,
    "link": "https://www.sec.gov/Archives/edgar/data/32604/000003260412000006/0000032604-12-000006-index.htm",
    "finalLink": "https://www.sec.gov/Archives/edgar/data/32604/000003260412000006/emr-03312012x10q.htm"
  },
  {
    "date": "2011-12-31",
    "symbol": "EMR",
    "reportedCurrency": "USD",
    "cik": "0000032604",
    "fillingDate": "2012-02-08",
    "acceptedDate": "2012-02-08 12:34:53",
    "calendarYear": "2012",
    "period": "Q1",
    "revenue": 5309000000,
    "costOfRevenue": 3254000000,
    "grossProfit": 2055000000,
    "grossProfitRatio": 0.3870785459,
    "researchAndDevelopmentExpenses": 0,
    "generalAndAdministrativeExpenses": 0,
    "sellingAndMarketingExpenses": 0,
    "sellingGeneralAndAdministrativeExpenses": 1354000000,
    "otherExpenses": 0,
    "operatingExpenses": 1354000000,
    "costAndExpenses": 4608000000,
    "interestIncome": 0,
    "interestExpense": 58000000,
    "depreciationAndAmortization": 204000000,
    "ebitda": 819000000,
    "ebitdaratio": 0.1542663402,
    "operatingIncome": 620000000,
    "operatingIncomeRatio": 0.1167828216,
    "totalOtherIncomeExpensesNet": -67000000,
    "incomeBeforeTax": 553000000,
    "incomeBeforeTaxRatio": 0.1041627425,
    "incomeTaxExpense": 172000000,
    "netIncome": 371000000,
    "netIncomeRatio": 0.0698813336,
    "eps": 0.5,
    "epsdiluted": 0.5,
    "weightedAverageShsOut": 734300000,
    "weightedAverageShsOutDil": 738300000,
    "link": "https://www.sec.gov/Archives/edgar/data/32604/000114420412006547/0001144204-12-006547-index.htm",
    "finalLink": "https://www.sec.gov/Archives/edgar/data/32604/000114420412006547/v300635_10q.htm"
  },
  {
    "date": "2011-09-30",
    "symbol": "EMR",
    "reportedCurrency": "USD",
    "cik": "0000032604",
    "fillingDate": "2011-11-22",
    "acceptedDate": "2011-11-21 21:41:04",
    "calendarYear": "2011",
    "period": "Q4",
    "revenue": 6545000000,
    "costOfRevenue": 3955000000,
    "grossProfit": 2590000000,
    "grossProfitRatio": 0.3957219251,
    "researchAndDevelopmentExpenses": 0,
    "generalAndAdministrativeExpenses": 0,
    "sellingAndMarketingExpenses": 0,
    "sellingGeneralAndAdministrativeExpenses": 1322000000,
    "otherExpenses": -249000000,
    "operatingExpenses": 1073000000,
    "costAndExpenses": 5028000000,
    "interestIncome": -5000000,
    "interestExpense": 44000000,
    "depreciationAndAmortization": 217000000,
    "ebitda": 1354000000,
    "ebitdaratio": 0.2068754775,
    "operatingIncome": 1517000000,
    "operatingIncomeRatio": 0.2317799847,
    "totalOtherIncomeExpensesNet": -424000000,
    "incomeBeforeTax": 1093000000,
    "incomeBeforeTaxRatio": 0.1669977082,
    "incomeTaxExpense": 345000000,
    "netIncome": 761000000,
    "netIncomeRatio": 0.1162719633,
    "eps": 1.03,
    "epsdiluted": 1.01,
    "weightedAverageShsOut": 738877768,
    "weightedAverageShsOutDil": 753500000,
    "link": "https://www.sec.gov/Archives/edgar/data/32604/000114420411066373/0001144204-11-066373-index.htm",
    "finalLink": "https://www.sec.gov/Archives/edgar/data/32604/000114420411066373/v236587_10k.htm"
  },
  {
    "date": "2011-06-30",
    "symbol": "EMR",
    "reportedCurrency": "USD",
    "cik": "0000032604",
    "fillingDate": "2011-08-04",
    "acceptedDate": "2011-08-04 10:11:20",
    "calendarYear": "2011",
    "period": "Q3",
    "revenue": 6288000000,
    "costOfRevenue": 3790000000,
    "grossProfit": 2498000000,
    "grossProfitRatio": 0.397264631,
    "researchAndDevelopmentExpenses": 0,
    "generalAndAdministrativeExpenses": 0,
    "sellingAndMarketingExpenses": 0,
    "sellingGeneralAndAdministrativeExpenses": 1346000000,
    "otherExpenses": 104000000,
    "operatingExpenses": 1450000000,
    "costAndExpenses": 5240000000,
    "interestIncome": 14000000,
    "interestExpense": 70000000,
    "depreciationAndAmortization": 215000000,
    "ebitda": 1268000000,
    "ebitdaratio": 0.201653944,
    "operatingIncome": 1135000000,
    "operatingIncomeRatio": 0.1805025445,
    "totalOtherIncomeExpensesNet": -143000000,
    "incomeBeforeTax": 992000000,
    "incomeBeforeTaxRatio": 0.1577608142,
    "incomeTaxExpense": 294000000,
    "netIncome": 683000000,
    "netIncomeRatio": 0.1086195929,
    "eps": 0.91,
    "epsdiluted": 0.9,
    "weightedAverageShsOut": 748700000,
    "weightedAverageShsOutDil": 753300000,
    "link": "https://www.sec.gov/Archives/edgar/data/32604/000114420411043852/0001144204-11-043852-index.htm",
    "finalLink": "https://www.sec.gov/Archives/edgar/data/32604/000114420411043852/v229840_10q.htm"
  },
  {
    "date": "2011-03-31",
    "symbol": "EMR",
    "reportedCurrency": "USD",
    "cik": "0000032604",
    "fillingDate": "2011-05-04",
    "acceptedDate": "2011-05-04 17:26:51",
    "calendarYear": "2011",
    "period": "Q2",
    "revenue": 5854000000,
    "costOfRevenue": 3548000000,
    "grossProfit": 2306000000,
    "grossProfitRatio": 0.3939186881,
    "researchAndDevelopmentExpenses": 0,
    "generalAndAdministrativeExpenses": 0,
    "sellingAndMarketingExpenses": 0,
    "sellingGeneralAndAdministrativeExpenses": 1298000000,
    "otherExpenses": 118000000,
    "operatingExpenses": 1416000000,
    "costAndExpenses": 4964000000,
    "interestIncome": 6000000,
    "interestExpense": 63000000,
    "depreciationAndAmortization": 216000000,
    "ebitda": 1111000000,
    "ebitdaratio": 0.1897847626,
    "operatingIncome": 890000000,
    "operatingIncomeRatio": 0.1520327981,
    "totalOtherIncomeExpensesNet": -57000000,
    "incomeBeforeTax": 833000000,
    "incomeBeforeTaxRatio": 0.1422958661,
    "incomeTaxExpense": 266000000,
    "netIncome": 556000000,
    "netIncomeRatio": 0.094977793,
    "eps": 0.74,
    "epsdiluted": 0.73,
    "weightedAverageShsOut": 752100000,
    "weightedAverageShsOutDil": 757300000,
    "link": "https://www.sec.gov/Archives/edgar/data/32604/000114420411026205/0001144204-11-026205-index.htm",
    "finalLink": "https://www.sec.gov/Archives/edgar/data/32604/000114420411026205/v220474_10q.htm"
  },
  {
    "date": "2010-12-31",
    "symbol": "EMR",
    "reportedCurrency": "USD",
    "cik": "0000032604",
    "fillingDate": "2011-02-02",
    "acceptedDate": "2011-02-02 15:03:06",
    "calendarYear": "2011",
    "period": "Q1",
    "revenue": 5535000000,
    "costOfRevenue": 3372000000,
    "grossProfit": 2163000000,
    "grossProfitRatio": 0.3907859079,
    "researchAndDevelopmentExpenses": 0,
    "generalAndAdministrativeExpenses": 0,
    "sellingAndMarketingExpenses": 0,
    "sellingGeneralAndAdministrativeExpenses": 1311000000,
    "otherExpenses": 78000000,
    "operatingExpenses": 1389000000,
    "costAndExpenses": 4761000000,
    "interestIncome": 0,
    "interestExpense": 61000000,
    "depreciationAndAmortization": 219000000,
    "ebitda": 997000000,
    "ebitdaratio": 0.1801264679,
    "operatingIncome": 852000000,
    "operatingIncomeRatio": 0.1539295393,
    "totalOtherIncomeExpensesNet": -139000000,
    "incomeBeforeTax": 713000000,
    "incomeBeforeTaxRatio": 0.1288166215,
    "incomeTaxExpense": 222000000,
    "netIncome": 480000000,
    "netIncomeRatio": 0.0867208672,
    "eps": 0.63,
    "epsdiluted": 0.63,
    "weightedAverageShsOut": 752200000,
    "weightedAverageShsOutDil": 758100000,
    "link": "https://www.sec.gov/Archives/edgar/data/32604/000114420411005477/0001144204-11-005477-index.htm",
    "finalLink": "https://www.sec.gov/Archives/edgar/data/32604/000114420411005477/v209617_10q.htm"
  },
  {
    "date": "2010-09-30",
    "symbol": "EMR",
    "reportedCurrency": "USD",
    "cik": "0000032604",
    "fillingDate": "2010-11-23",
    "acceptedDate": "2010-11-23 17:12:24",
    "calendarYear": "2010",
    "period": "Q4",
    "revenue": 5243000000,
    "costOfRevenue": 3031000000,
    "grossProfit": 2212000000,
    "grossProfitRatio": 0.4218958611,
    "researchAndDevelopmentExpenses": 0,
    "generalAndAdministrativeExpenses": 0,
    "sellingAndMarketingExpenses": 0,
    "sellingGeneralAndAdministrativeExpenses": 1358000000,
    "otherExpenses": -12000000,
    "operatingExpenses": 1346000000,
    "costAndExpenses": 4377000000,
    "interestIncome": 19000000,
    "interestExpense": 84000000,
    "depreciationAndAmortization": 211000000,
    "ebitda": 1096000000,
    "ebitdaratio": 0.2090406256,
    "operatingIncome": 866000000,
    "operatingIncomeRatio": 0.1651726111,
    "totalOtherIncomeExpensesNet": -65000000,
    "incomeBeforeTax": 801000000,
    "incomeBeforeTaxRatio": 0.1527751287,
    "incomeTaxExpense": 241000000,
    "netIncome": 749000000,
    "netIncomeRatio": 0.1428571429,
    "eps": 1,
    "epsdiluted": 0.99,
    "weightedAverageShsOut": 752690806,
    "weightedAverageShsOutDil": 757000000,
    "link": "https://www.sec.gov/Archives/edgar/data/32604/000114420410063258/0001144204-10-063258-index.htm",
    "finalLink": "https://www.sec.gov/Archives/edgar/data/32604/000114420410063258/v203504_10k.htm"
  },
  {
    "date": "2010-06-30",
    "symbol": "EMR",
    "reportedCurrency": "USD",
    "cik": "0000032604",
    "fillingDate": "2010-08-04",
    "acceptedDate": "2010-08-04 11:34:39",
    "calendarYear": "2010",
    "period": "Q3",
    "revenue": 5641000000,
    "costOfRevenue": 3430000000,
    "grossProfit": 2211000000,
    "grossProfitRatio": 0.3919517816,
    "researchAndDevelopmentExpenses": 0,
    "generalAndAdministrativeExpenses": 0,
    "sellingAndMarketingExpenses": 0,
    "sellingGeneralAndAdministrativeExpenses": 1168000000,
    "otherExpenses": 96000000,
    "operatingExpenses": 1264000000,
    "costAndExpenses": 4694000000,
    "interestIncome": 17000000,
    "interestExpense": 81000000,
    "depreciationAndAmortization": 203000000,
    "ebitda": 1147000000,
    "ebitdaratio": 0.2033327424,
    "operatingIncome": 927000000,
    "operatingIncomeRatio": 0.1643325651,
    "totalOtherIncomeExpensesNet": -64000000,
    "incomeBeforeTax": 863000000,
    "incomeBeforeTaxRatio": 0.152987059,
    "incomeTaxExpense": 266000000,
    "netIncome": 585000000,
    "netIncomeRatio": 0.1037050168,
    "eps": 0.78,
    "epsdiluted": 0.77,
    "weightedAverageShsOut": 751100000,
    "weightedAverageShsOutDil": 757700000,
    "link": "https://www.sec.gov/Archives/edgar/data/32604/000114420410041096/0001144204-10-041096-index.htm",
    "finalLink": "https://www.sec.gov/Archives/edgar/data/32604/000114420410041096/v191417_10q.htm"
  },
  {
    "date": "2010-03-31",
    "symbol": "EMR",
    "reportedCurrency": "USD",
    "cik": "0000032604",
    "fillingDate": "2010-05-05",
    "acceptedDate": "2010-05-05 15:56:37",
    "calendarYear": "2010",
    "period": "Q2",
    "revenue": 5144000000,
    "costOfRevenue": 3144000000,
    "grossProfit": 2000000000,
    "grossProfitRatio": 0.3888024883,
    "researchAndDevelopmentExpenses": 0,
    "generalAndAdministrativeExpenses": 0,
    "sellingAndMarketingExpenses": 0,
    "sellingGeneralAndAdministrativeExpenses": 1203000000,
    "otherExpenses": 119000000,
    "operatingExpenses": 1322000000,
    "costAndExpenses": 4466000000,
    "interestIncome": 0,
    "interestExpense": 67000000,
    "depreciationAndAmortization": 206000000,
    "ebitda": 880000000,
    "ebitdaratio": 0.1710730949,
    "operatingIncome": 678000000,
    "operatingIncomeRatio": 0.1318040435,
    "totalOtherIncomeExpensesNet": -67000000,
    "incomeBeforeTax": 631000000,
    "incomeBeforeTaxRatio": 0.1226671851,
    "incomeTaxExpense": 184000000,
    "netIncome": 405000000,
    "netIncomeRatio": 0.0787325039,
    "eps": 0.54,
    "epsdiluted": 0.53,
    "weightedAverageShsOut": 751100000,
    "weightedAverageShsOutDil": 757400000,
    "link": "https://www.sec.gov/Archives/edgar/data/32604/000114420410024596/0001144204-10-024596-index.htm",
    "finalLink": "https://www.sec.gov/Archives/edgar/data/32604/000114420410024596/v183131_10q.htm"
  },
  {
    "date": "2009-12-31",
    "symbol": "EMR",
    "reportedCurrency": "USD",
    "cik": "0000032604",
    "fillingDate": "2010-02-03",
    "acceptedDate": "2010-02-03 16:50:21",
    "calendarYear": "2010",
    "period": "Q1",
    "revenue": 5011,
    "costOfRevenue": 3108,
    "grossProfit": 1903,
    "grossProfitRatio": 0.3797645181,
    "researchAndDevelopmentExpenses": 0,
    "generalAndAdministrativeExpenses": 0,
    "sellingAndMarketingExpenses": 0,
    "sellingGeneralAndAdministrativeExpenses": 1161,
    "otherExpenses": 0,
    "operatingExpenses": 1254,
    "costAndExpenses": 4362,
    "interestIncome": 0,
    "interestExpense": 65000000,
    "depreciationAndAmortization": 196000000,
    "ebitda": 841000000,
    "ebitdaratio": 167830.772300938,
    "operatingIncome": 649000000,
    "operatingIncomeRatio": 129515.0668529236,
    "totalOtherIncomeExpensesNet": 0,
    "incomeBeforeTax": 584000000,
    "incomeBeforeTaxRatio": 116543.6040710437,
    "incomeTaxExpense": 150000000,
    "netIncome": 425000000,
    "netIncomeRatio": 84813.4104969068,
    "eps": 0.56,
    "epsdiluted": 0.56,
    "weightedAverageShsOut": 750300000,
    "weightedAverageShsOutDil": 755500000,
    "link": "https://www.sec.gov/Archives/edgar/data/32604/000114420410005166/0001144204-10-005166-index.htm",
    "finalLink": "https://www.sec.gov/Archives/edgar/data/32604/000114420410005166/v172873_10q.htm"
  },
  {
    "date": "2009-09-30",
    "symbol": "EMR",
    "reportedCurrency": "USD",
    "cik": "0000032604",
    "fillingDate": "2009-11-23",
    "acceptedDate": "2009-11-23 16:52:34",
    "calendarYear": "2009",
    "period": "Q4",
    "revenue": 5322000000,
    "costOfRevenue": 3294000000,
    "grossProfit": 2028000000,
    "grossProfitRatio": 0.381059752,
    "researchAndDevelopmentExpenses": 0,
    "generalAndAdministrativeExpenses": 0,
    "sellingAndMarketingExpenses": 0,
    "sellingGeneralAndAdministrativeExpenses": 1131000000,
    "otherExpenses": 177000000,
    "operatingExpenses": 1308000000,
    "costAndExpenses": 4602000000,
    "interestIncome": 24000000,
    "interestExpense": 87000000,
    "depreciationAndAmortization": 185000000,
    "ebitda": 929000000,
    "ebitdaratio": 0.1745584367,
    "operatingIncome": 720000000,
    "operatingIncomeRatio": 0.1352874859,
    "totalOtherIncomeExpensesNet": -63000000,
    "incomeBeforeTax": 657000000,
    "incomeBeforeTaxRatio": 0.1234498309,
    "incomeTaxExpense": 151000000,
    "netIncome": 506000000,
    "netIncomeRatio": 0.0950770387,
    "eps": 0.67,
    "epsdiluted": 0.67,
    "weightedAverageShsOut": 755000000,
    "weightedAverageShsOutDil": 759471366,
    "link": "https://www.sec.gov/Archives/edgar/data/32604/000114420409061535/0001144204-09-061535-index.htm",
    "finalLink": "https://www.sec.gov/Archives/edgar/data/32604/000114420409061535/v166921_10k.htm"
  },
  {
    "date": "2009-06-30",
    "symbol": "EMR",
    "reportedCurrency": "USD",
    "cik": "0000032604",
    "fillingDate": "2009-08-05",
    "acceptedDate": "2009-08-05 13:26:47",
    "calendarYear": "2009",
    "period": "Q3",
    "revenue": 5091000000,
    "costOfRevenue": 3253000000,
    "grossProfit": 1838000000,
    "grossProfitRatio": 0.3610292673,
    "researchAndDevelopmentExpenses": 0,
    "generalAndAdministrativeExpenses": 0,
    "sellingAndMarketingExpenses": 0,
    "sellingGeneralAndAdministrativeExpenses": 794000000,
    "otherExpenses": 436000000,
    "operatingExpenses": 1230000000,
    "costAndExpenses": 4483000000,
    "interestIncome": 0,
    "interestExpense": 65000000,
    "depreciationAndAmortization": 184000000,
    "ebitda": 802000000,
    "ebitdaratio": 0.1575329012,
    "operatingIncome": 608000000,
    "operatingIncomeRatio": 0.1194264388,
    "totalOtherIncomeExpensesNet": -65000000,
    "incomeBeforeTax": 544000000,
    "incomeBeforeTaxRatio": 0.1068552347,
    "incomeTaxExpense": 155000000,
    "netIncome": 387000000,
    "netIncomeRatio": 0.0760164997,
    "eps": 0.52,
    "epsdiluted": 0.51,
    "weightedAverageShsOut": 749600000,
    "weightedAverageShsOutDil": 754700000,
    "link": "https://www.sec.gov/Archives/edgar/data/32604/000114420409040507/0001144204-09-040507-index.htm",
    "finalLink": "https://www.sec.gov/Archives/edgar/data/32604/000114420409040507/v156095_10q.htm"
  },
  {
    "date": "2009-03-31",
    "symbol": "EMR",
    "reportedCurrency": "USD",
    "cik": "0000032604",
    "fillingDate": "2009-05-05",
    "acceptedDate": "2009-05-05 16:17:15",
    "calendarYear": "2009",
    "period": "Q2",
    "revenue": 5087000000,
    "costOfRevenue": 3250000000,
    "grossProfit": 1837000000,
    "grossProfitRatio": 0.3611165717,
    "researchAndDevelopmentExpenses": 0,
    "generalAndAdministrativeExpenses": 0,
    "sellingAndMarketingExpenses": 0,
    "sellingGeneralAndAdministrativeExpenses": 824000000,
    "otherExpenses": 416000000,
    "operatingExpenses": 1240000000,
    "costAndExpenses": 4490000000,
    "interestIncome": 0,
    "interestExpense": 49000000,
    "depreciationAndAmortization": 182000000,
    "ebitda": 789000000,
    "ebitdaratio": 0.1551012385,
    "operatingIncome": 607000000,
    "operatingIncomeRatio": 0.1193237665,
    "totalOtherIncomeExpensesNet": -49000000,
    "incomeBeforeTax": 547000000,
    "incomeBeforeTaxRatio": 0.1075289955,
    "incomeTaxExpense": 174000000,
    "netIncome": 373000000,
    "netIncomeRatio": 0.0733241596,
    "eps": 0.5,
    "epsdiluted": 0.49,
    "weightedAverageShsOut": 752100000,
    "weightedAverageShsOutDil": 756900000,
    "link": "https://www.sec.gov/Archives/edgar/data/32604/000114420409024132/0001144204-09-024132-index.htm",
    "finalLink": "https://www.sec.gov/Archives/edgar/data/32604/000114420409024132/v147980_10q.htm"
  },
  {
    "date": "2008-12-31",
    "symbol": "EMR",
    "reportedCurrency": "USD",
    "cik": "0000032604",
    "fillingDate": "2009-02-04",
    "acceptedDate": "2009-02-04 17:03:07",
    "calendarYear": "2009",
    "period": "Q1",
    "revenue": 5415000000,
    "costOfRevenue": 3419000000,
    "grossProfit": 1996000000,
    "grossProfitRatio": 0.3686057248,
    "researchAndDevelopmentExpenses": 0,
    "generalAndAdministrativeExpenses": 0,
    "sellingAndMarketingExpenses": 0,
    "sellingGeneralAndAdministrativeExpenses": 898000000,
    "otherExpenses": 318000000,
    "operatingExpenses": 1216000000,
    "costAndExpenses": 4635000000,
    "interestIncome": 0,
    "interestExpense": 43000000,
    "depreciationAndAmortization": 176000000,
    "ebitda": 900000000,
    "ebitdaratio": 0.1662049861,
    "operatingIncome": 458000000,
    "operatingIncomeRatio": 0.0845798707,
    "totalOtherIncomeExpensesNet": -43000000,
    "incomeBeforeTax": 669000000,
    "incomeBeforeTaxRatio": 0.1235457064,
    "incomeTaxExpense": 211000000,
    "netIncome": 458000000,
    "netIncomeRatio": 0.0845798707,
    "eps": 0.6,
    "epsdiluted": 0.6,
    "weightedAverageShsOut": 763200000,
    "weightedAverageShsOutDil": 767900000,
    "link": "https://www.sec.gov/Archives/edgar/data/32604/000114420409005268/0001144204-09-005268-index.htm",
    "finalLink": "https://www.sec.gov/Archives/edgar/data/32604/000114420409005268/v138523_10q.htm"
  },
  {
    "date": "2008-09-30",
    "symbol": "EMR",
    "reportedCurrency": "USD",
    "cik": "0000032604",
    "fillingDate": "2008-11-25",
    "acceptedDate": "2008-11-24 18:41:32",
    "calendarYear": "2008",
    "period": "Q4",
    "revenue": 6696000000,
    "costOfRevenue": 4222000000,
    "grossProfit": 2474000000,
    "grossProfitRatio": 0.369474313,
    "researchAndDevelopmentExpenses": 0,
    "generalAndAdministrativeExpenses": 0,
    "sellingAndMarketingExpenses": 0,
    "sellingGeneralAndAdministrativeExpenses": 1300000000,
    "otherExpenses": 22000000,
    "operatingExpenses": 1322000000,
    "costAndExpenses": 5544000000,
    "interestIncome": 0,
    "interestExpense": 0,
    "depreciationAndAmortization": 177000000,
    "ebitda": 1329000000,
    "ebitdaratio": 0.1984767025,
    "operatingIncome": 1152000000,
    "operatingIncomeRatio": 0.1720430108,
    "totalOtherIncomeExpensesNet": -152000000,
    "incomeBeforeTax": 1000000000,
    "incomeBeforeTaxRatio": 0.1493428913,
    "incomeTaxExpense": 310000000,
    "netIncome": 688000000,
    "netIncomeRatio": 0.1027479092,
    "eps": 0.88,
    "epsdiluted": 0.87,
    "weightedAverageShsOut": 780300000,
    "weightedAverageShsOutDil": 789400000,
    "link": "https://www.sec.gov/Archives/edgar/data/32604/000114420408066523/0001144204-08-066523-index.htm",
    "finalLink": "https://www.sec.gov/Archives/edgar/data/32604/000114420408066523/v132847_10k.htm"
  },
  {
    "date": "2008-06-30",
    "symbol": "EMR",
    "reportedCurrency": "USD",
    "cik": "0000032604",
    "fillingDate": "2008-08-06",
    "acceptedDate": "2008-08-06 11:48:37",
    "calendarYear": "2008",
    "period": "Q3",
    "revenue": 6568000000,
    "costOfRevenue": 4155000000,
    "grossProfit": 2413000000,
    "grossProfitRatio": 0.3673873325,
    "researchAndDevelopmentExpenses": 0,
    "generalAndAdministrativeExpenses": 0,
    "sellingAndMarketingExpenses": 0,
    "sellingGeneralAndAdministrativeExpenses": 1321000000,
    "otherExpenses": 20000000,
    "operatingExpenses": 1341000000,
    "costAndExpenses": 5496000000,
    "interestIncome": 0,
    "interestExpense": 0,
    "depreciationAndAmortization": 180000000,
    "ebitda": 1252000000,
    "ebitdaratio": 0.1906211937,
    "operatingIncome": 1072000000,
    "operatingIncomeRatio": 0.1632155907,
    "totalOtherIncomeExpensesNet": -126000000,
    "incomeBeforeTax": 946000000,
    "incomeBeforeTaxRatio": 0.1440316687,
    "incomeTaxExpense": 299000000,
    "netIncome": 612000000,
    "netIncomeRatio": 0.0931790499,
    "eps": 0.79,
    "epsdiluted": 0.78,
    "weightedAverageShsOut": 778600000,
    "weightedAverageShsOutDil": 787800000,
    "link": "https://www.sec.gov/Archives/edgar/data/32604/000114420408044085/0001144204-08-044085-index.htm",
    "finalLink": "https://www.sec.gov/Archives/edgar/data/32604/000114420408044085/v121762_10q.htm"
  },
  {
    "date": "2008-03-31",
    "symbol": "EMR",
    "reportedCurrency": "USD",
    "cik": "0000032604",
    "fillingDate": "2008-05-07",
    "acceptedDate": "2008-05-07 12:21:54",
    "calendarYear": "2008",
    "period": "Q2",
    "revenue": 6023000000,
    "costOfRevenue": 3781000000,
    "grossProfit": 2242000000,
    "grossProfitRatio": 0.3722397476,
    "researchAndDevelopmentExpenses": 0,
    "generalAndAdministrativeExpenses": 0,
    "sellingAndMarketingExpenses": 0,
    "sellingGeneralAndAdministrativeExpenses": 1252000000,
    "otherExpenses": 22000000,
    "operatingExpenses": 1274000000,
    "costAndExpenses": 5055000000,
    "interestIncome": 0,
    "interestExpense": 0,
    "depreciationAndAmortization": 179000000,
    "ebitda": 1147000000,
    "ebitdaratio": 0.1904366595,
    "operatingIncome": 968000000,
    "operatingIncomeRatio": 0.1607172505,
    "totalOtherIncomeExpensesNet": -96000000,
    "incomeBeforeTax": 872000000,
    "incomeBeforeTaxRatio": 0.1447783497,
    "incomeTaxExpense": 274000000,
    "netIncome": 547000000,
    "netIncomeRatio": 0.090818529,
    "eps": 0.7,
    "epsdiluted": 0.69,
    "weightedAverageShsOut": 781428571,
    "weightedAverageShsOutDil": 792753623,
    "link": "https://www.sec.gov/Archives/edgar/data/32604/000114420408026482/0001144204-08-026482-index.htm",
    "finalLink": "https://www.sec.gov/Archives/edgar/data/32604/000114420408026482/v112540_10q.htm"
  },
  {
    "date": "2007-12-31",
    "symbol": "EMR",
    "reportedCurrency": "USD",
    "cik": "0000032604",
    "fillingDate": "2008-02-06",
    "acceptedDate": "2008-02-06 11:31:55",
    "calendarYear": "2008",
    "period": "Q1",
    "revenue": 5637000000,
    "costOfRevenue": 3615000000,
    "grossProfit": 2022000000,
    "grossProfitRatio": 0.3587014369,
    "researchAndDevelopmentExpenses": 0,
    "generalAndAdministrativeExpenses": 0,
    "sellingAndMarketingExpenses": 0,
    "sellingGeneralAndAdministrativeExpenses": 1184000000,
    "otherExpenses": 23000000,
    "operatingExpenses": 1207000000,
    "costAndExpenses": 4822000000,
    "interestIncome": 0,
    "interestExpense": 49000000,
    "depreciationAndAmortization": 171000000,
    "ebitda": 997000000,
    "ebitdaratio": 0.1768671279,
    "operatingIncome": 826000000,
    "operatingIncomeRatio": 0.1465318432,
    "totalOtherIncomeExpensesNet": -53000000,
    "incomeBeforeTax": 778000000,
    "incomeBeforeTaxRatio": 0.1380166755,
    "incomeTaxExpense": 254000000,
    "netIncome": 565000000,
    "netIncomeRatio": 0.1002306191,
    "eps": 0.72,
    "epsdiluted": 0.71,
    "weightedAverageShsOut": 784722222,
    "weightedAverageShsOutDil": 795774648,
    "link": "https://www.sec.gov/Archives/edgar/data/32604/000114420408006396/0001144204-08-006396-index.htm",
    "finalLink": "https://www.sec.gov/Archives/edgar/data/32604/000114420408006396/v101641_10q.htm"
  },
  {
    "date": "2007-09-30",
    "symbol": "EMR",
    "reportedCurrency": "USD",
    "cik": "0000032604",
    "fillingDate": "2007-11-19",
    "acceptedDate": "2007-11-19 15:34:09",
    "calendarYear": "2007",
    "period": "Q4",
    "revenue": 6134000000,
    "costOfRevenue": 3875000000,
    "grossProfit": 2259000000,
    "grossProfitRatio": 0.3682751875,
    "researchAndDevelopmentExpenses": 0,
    "generalAndAdministrativeExpenses": 0,
    "sellingAndMarketingExpenses": 0,
    "sellingGeneralAndAdministrativeExpenses": 1240000000,
    "otherExpenses": 17000000,
    "operatingExpenses": 1257000000,
    "costAndExpenses": 5132000000,
    "interestIncome": 0,
    "interestExpense": 0,
    "depreciationAndAmortization": 165000000,
    "ebitda": 1167000000,
    "ebitdaratio": 0.1902510597,
    "operatingIncome": 1002000000,
    "operatingIncomeRatio": 0.1633518096,
    "totalOtherIncomeExpensesNet": -95000000,
    "incomeBeforeTax": 907000000,
    "incomeBeforeTaxRatio": 0.1478643626,
    "incomeTaxExpense": 284000000,
    "netIncome": 623000000,
    "netIncomeRatio": 0.1015650473,
    "eps": 0.78,
    "epsdiluted": 0.78,
    "weightedAverageShsOut": 794052045,
    "weightedAverageShsOutDil": 803007519,
    "link": "https://www.sec.gov/Archives/edgar/data/32604/000114420407063041/0001144204-07-063041-index.htm",
    "finalLink": "https://www.sec.gov/Archives/edgar/data/32604/000114420407063041/v094142_10k.htm"
  },
  {
    "date": "2007-06-30",
    "symbol": "EMR",
    "reportedCurrency": "USD",
    "cik": "0000032604",
    "fillingDate": "2007-08-08",
    "acceptedDate": "2007-08-08 13:39:49",
    "calendarYear": "2007",
    "period": "Q3",
    "revenue": 5874000000,
    "costOfRevenue": 3769000000,
    "grossProfit": 2105000000,
    "grossProfitRatio": 0.3583588696,
    "researchAndDevelopmentExpenses": 0,
    "generalAndAdministrativeExpenses": 0,
    "sellingAndMarketingExpenses": 0,
    "sellingGeneralAndAdministrativeExpenses": 1160000000,
    "otherExpenses": 16000000,
    "operatingExpenses": 1176000000,
    "costAndExpenses": 4945000000,
    "interestIncome": 0,
    "interestExpense": 0,
    "depreciationAndAmortization": 163000000,
    "ebitda": 1092000000,
    "ebitdaratio": 0.1859039837,
    "operatingIncome": 929000000,
    "operatingIncomeRatio": 0.1581545795,
    "totalOtherIncomeExpensesNet": -105000000,
    "incomeBeforeTax": 824000000,
    "incomeBeforeTaxRatio": 0.1402791965,
    "incomeTaxExpense": 250000000,
    "netIncome": 574000000,
    "netIncomeRatio": 0.0977187606,
    "eps": 0.72,
    "epsdiluted": 0.72,
    "weightedAverageShsOut": 797222222,
    "weightedAverageShsOutDil": 797222222,
    "link": "https://www.sec.gov/Archives/edgar/data/32604/000114420407041045/0001144204-07-041045-index.htm",
    "finalLink": "https://www.sec.gov/Archives/edgar/data/32604/000114420407041045/v082875_10q.htm"
  },
  {
    "date": "2007-03-31",
    "symbol": "EMR",
    "reportedCurrency": "USD",
    "cik": "0000032604",
    "fillingDate": "2007-05-03",
    "acceptedDate": "2007-05-03 13:56:08",
    "calendarYear": "2007",
    "period": "Q2",
    "revenue": 5513000000,
    "costOfRevenue": 3561000000,
    "grossProfit": 1952000000,
    "grossProfitRatio": 0.354072193,
    "researchAndDevelopmentExpenses": 0,
    "generalAndAdministrativeExpenses": 0,
    "sellingAndMarketingExpenses": 0,
    "sellingGeneralAndAdministrativeExpenses": 1109000000,
    "otherExpenses": 6000000,
    "operatingExpenses": 1115000000,
    "costAndExpenses": 4676000000,
    "interestIncome": 0,
    "interestExpense": 0,
    "depreciationAndAmortization": 167000000,
    "ebitda": 981000000,
    "ebitdaratio": 0.1779430437,
    "operatingIncome": 814000000,
    "operatingIncomeRatio": 0.1476510067,
    "totalOtherIncomeExpensesNet": -78000000,
    "incomeBeforeTax": 736000000,
    "incomeBeforeTaxRatio": 0.1335026301,
    "incomeTaxExpense": 242000000,
    "netIncome": 494000000,
    "netIncomeRatio": 0.0896063849,
    "eps": 0.62,
    "epsdiluted": 0.61,
    "weightedAverageShsOut": 796774194,
    "weightedAverageShsOutDil": 809836066,
    "link": "https://www.sec.gov/Archives/edgar/data/32604/000114420407022464/0001144204-07-022464-index.htm",
    "finalLink": "https://www.sec.gov/Archives/edgar/data/32604/000114420407022464/v073007_10q.htm"
  },
  {
    "date": "2006-12-31",
    "symbol": "EMR",
    "reportedCurrency": "USD",
    "cik": "0000032604",
    "fillingDate": "2007-02-07",
    "acceptedDate": "2007-02-07 14:10:45",
    "calendarYear": "2007",
    "period": "Q1",
    "revenue": 5051000000,
    "costOfRevenue": 3256000000,
    "grossProfit": 1795000000,
    "grossProfitRatio": 0.3553751732,
    "researchAndDevelopmentExpenses": 0,
    "generalAndAdministrativeExpenses": 0,
    "sellingAndMarketingExpenses": 0,
    "sellingGeneralAndAdministrativeExpenses": 1078000000,
    "otherExpenses": 14000000,
    "operatingExpenses": 1092000000,
    "costAndExpenses": 4348000000,
    "interestIncome": 0,
    "interestExpense": 58000000,
    "depreciationAndAmortization": 161000000,
    "ebitda": 864000000,
    "ebitdaratio": 0.1710552366,
    "operatingIncome": 703000000,
    "operatingIncomeRatio": 0.1391803603,
    "totalOtherIncomeExpensesNet": -63000000,
    "incomeBeforeTax": 640000000,
    "incomeBeforeTaxRatio": 0.1267075827,
    "incomeTaxExpense": 195000000,
    "netIncome": 445000000,
    "netIncomeRatio": 0.0881013661,
    "eps": 0.56,
    "epsdiluted": 0.55,
    "weightedAverageShsOut": 794642857,
    "weightedAverageShsOutDil": 809090909,
    "link": "https://www.sec.gov/Archives/edgar/data/32604/000114420407005631/0001144204-07-005631-index.htm",
    "finalLink": "https://www.sec.gov/Archives/edgar/data/32604/000114420407005631/v064267_10q.htm"
  },
  {
    "date": "2006-09-30",
    "symbol": "EMR",
    "reportedCurrency": "USD",
    "cik": "0000032604",
    "fillingDate": "2006-11-21",
    "acceptedDate": "2006-11-20 17:35:15",
    "calendarYear": "2006",
    "period": "Q4",
    "revenue": 5516000000,
    "costOfRevenue": 3531000000,
    "grossProfit": 1985000000,
    "grossProfitRatio": 0.359862219,
    "researchAndDevelopmentExpenses": 0,
    "generalAndAdministrativeExpenses": 0,
    "sellingAndMarketingExpenses": 0,
    "sellingGeneralAndAdministrativeExpenses": 1107000000,
    "otherExpenses": 15000000,
    "operatingExpenses": 1122000000,
    "costAndExpenses": 4653000000,
    "interestIncome": 0,
    "interestExpense": 0,
    "depreciationAndAmortization": 153000000,
    "ebitda": 1016000000,
    "ebitdaratio": 0.1841914431,
    "operatingIncome": 863000000,
    "operatingIncomeRatio": 0.1564539521,
    "totalOtherIncomeExpensesNet": -88000000,
    "incomeBeforeTax": 775000000,
    "incomeBeforeTaxRatio": 0.1405003626,
    "incomeTaxExpense": 249000000,
    "netIncome": 526000000,
    "netIncomeRatio": 0.0953589558,
    "eps": 0.64,
    "epsdiluted": 0.64,
    "weightedAverageShsOut": 816371681,
    "weightedAverageShsOutDil": 823660714,
    "link": "https://www.sec.gov/Archives/edgar/data/32604/000119312506239412/0001193125-06-239412-index.htm",
    "finalLink": "https://www.sec.gov/Archives/edgar/data/32604/000119312506239412/d10k.htm"
  },
  {
    "date": "2006-06-30",
    "symbol": "EMR",
    "reportedCurrency": "USD",
    "cik": "0000032604",
    "fillingDate": "2006-08-02",
    "acceptedDate": "2006-08-02 17:23:38",
    "calendarYear": "2006",
    "period": "Q3",
    "revenue": 5217000000,
    "costOfRevenue": 3361000000,
    "grossProfit": 1856000000,
    "grossProfitRatio": 0.3557600153,
    "researchAndDevelopmentExpenses": 0,
    "generalAndAdministrativeExpenses": 0,
    "sellingAndMarketingExpenses": 0,
    "sellingGeneralAndAdministrativeExpenses": 1037000000,
    "otherExpenses": 13000000,
    "operatingExpenses": 1050000000,
    "costAndExpenses": 4411000000,
    "interestIncome": 0,
    "interestExpense": 0,
    "depreciationAndAmortization": 160000000,
    "ebitda": 966000000,
    "ebitdaratio": 0.1851638873,
    "operatingIncome": 806000000,
    "operatingIncomeRatio": 0.1544949205,
    "totalOtherIncomeExpensesNet": -92000000,
    "incomeBeforeTax": 714000000,
    "incomeBeforeTaxRatio": 0.1368602645,
    "incomeTaxExpense": 228000000,
    "netIncome": 486000000,
    "netIncomeRatio": 0.0931569868,
    "eps": 0.59,
    "epsdiluted": 0.59,
    "weightedAverageShsOut": 823728814,
    "weightedAverageShsOutDil": 823728814,
    "link": "https://www.sec.gov/Archives/edgar/data/32604/000114420406030793/0001144204-06-030793-index.htm",
    "finalLink": "https://www.sec.gov/Archives/edgar/data/32604/000114420406030793/v048675_10q.htm"
  },
  {
    "date": "2006-03-31",
    "symbol": "EMR",
    "reportedCurrency": "USD",
    "cik": "0000032604",
    "fillingDate": "2006-05-04",
    "acceptedDate": "2006-05-04 11:20:01",
    "calendarYear": "2006",
    "period": "Q2",
    "revenue": 4852000000,
    "costOfRevenue": 3118000000,
    "grossProfit": 1734000000,
    "grossProfitRatio": 0.3573784007,
    "researchAndDevelopmentExpenses": 0,
    "generalAndAdministrativeExpenses": 0,
    "sellingAndMarketingExpenses": 0,
    "sellingGeneralAndAdministrativeExpenses": 1005000000,
    "otherExpenses": 0,
    "operatingExpenses": 1005000000,
    "costAndExpenses": 4123000000,
    "interestIncome": 0,
    "interestExpense": 50000000,
    "depreciationAndAmortization": 153000000,
    "ebitda": 882000000,
    "ebitdaratio": 0.181780709,
    "operatingIncome": 729000000,
    "operatingIncomeRatio": 0.1502473207,
    "totalOtherIncomeExpensesNet": -104000000,
    "incomeBeforeTax": 625000000,
    "incomeBeforeTaxRatio": 0.1288128607,
    "incomeTaxExpense": 191000000,
    "netIncome": 434000000,
    "netIncomeRatio": 0.0894476505,
    "eps": 0.53,
    "epsdiluted": 0.52,
    "weightedAverageShsOut": 818867925,
    "weightedAverageShsOutDil": 834615385,
    "link": "https://www.sec.gov/Archives/edgar/data/32604/000114420406018380/0001144204-06-018380-index.htm",
    "finalLink": "https://www.sec.gov/Archives/edgar/data/32604/000114420406018380/v041879_10-q.htm"
  },
  {
    "date": "2005-12-31",
    "symbol": "EMR",
    "reportedCurrency": "USD",
    "cik": "0000032604",
    "fillingDate": "2006-02-07",
    "acceptedDate": "2006-02-07 17:12:48",
    "calendarYear": "2006",
    "period": "Q1",
    "revenue": 4548000000,
    "costOfRevenue": 2955000000,
    "grossProfit": 1593000000,
    "grossProfitRatio": 0.3502638522,
    "researchAndDevelopmentExpenses": 0,
    "generalAndAdministrativeExpenses": 0,
    "sellingAndMarketingExpenses": 0,
    "sellingGeneralAndAdministrativeExpenses": 950000000,
    "otherExpenses": 0,
    "operatingExpenses": 950000000,
    "costAndExpenses": 3905000000,
    "interestIncome": 0,
    "interestExpense": 0,
    "depreciationAndAmortization": 141000000,
    "ebitda": 784000000,
    "ebitdaratio": 0.1723834653,
    "operatingIncome": 643000000,
    "operatingIncomeRatio": 0.1413808267,
    "totalOtherIncomeExpensesNet": -73000000,
    "incomeBeforeTax": 570000000,
    "incomeBeforeTaxRatio": 0.1253298153,
    "incomeTaxExpense": 171000000,
    "netIncome": 399000000,
    "netIncomeRatio": 0.0877308707,
    "eps": 0.49,
    "epsdiluted": 0.48,
    "weightedAverageShsOut": 814285714,
    "weightedAverageShsOutDil": 831250000,
    "link": "https://www.sec.gov/Archives/edgar/data/32604/000119312506022315/0001193125-06-022315-index.htm",
    "finalLink": "https://www.sec.gov/Archives/edgar/data/32604/000119312506022315/d10q.htm"
  },
  {
    "date": "2005-09-30",
    "symbol": "EMR",
    "reportedCurrency": "USD",
    "cik": "0000032604",
    "fillingDate": "2005-11-22",
    "acceptedDate": "2005-11-22 11:23:20",
    "calendarYear": "2005",
    "period": "Q4",
    "revenue": 4643000000,
    "costOfRevenue": 2974000000,
    "grossProfit": 1669000000,
    "grossProfitRatio": 0.3594658626,
    "researchAndDevelopmentExpenses": 0,
    "generalAndAdministrativeExpenses": 0,
    "sellingAndMarketingExpenses": 0,
    "sellingGeneralAndAdministrativeExpenses": 923000000,
    "otherExpenses": 28000000,
    "operatingExpenses": 951000000,
    "costAndExpenses": 3925000000,
    "interestIncome": 0,
    "interestExpense": 0,
    "depreciationAndAmortization": 142000000,
    "ebitda": 860000000,
    "ebitdaratio": 0.18522507,
    "operatingIncome": 718000000,
    "operatingIncomeRatio": 0.1546413956,
    "totalOtherIncomeExpensesNet": -99000000,
    "incomeBeforeTax": 619000000,
    "incomeBeforeTaxRatio": 0.1333189748,
    "incomeTaxExpense": 200000000,
    "netIncome": 419000000,
    "netIncomeRatio": 0.0902433771,
    "eps": 0.51,
    "epsdiluted": 0.5,
    "weightedAverageShsOut": 829154519,
    "weightedAverageShsOutDil": 836470588,
    "link": "https://www.sec.gov/Archives/edgar/data/32604/000119312505230745/0001193125-05-230745-index.htm",
    "finalLink": "https://www.sec.gov/Archives/edgar/data/32604/000119312505230745/d10k.htm"
  },
  {
    "date": "2005-06-30",
    "symbol": "EMR",
    "reportedCurrency": "USD",
    "cik": "0000032604",
    "fillingDate": "2005-08-05",
    "acceptedDate": "2005-08-05 16:07:28",
    "calendarYear": "2005",
    "period": "Q3",
    "revenue": 4465000000,
    "costOfRevenue": 2865000000,
    "grossProfit": 1600000000,
    "grossProfitRatio": 0.3583426652,
    "researchAndDevelopmentExpenses": 0,
    "generalAndAdministrativeExpenses": 0,
    "sellingAndMarketingExpenses": 0,
    "sellingGeneralAndAdministrativeExpenses": 907000000,
    "otherExpenses": 0,
    "operatingExpenses": 907000000,
    "costAndExpenses": 3772000000,
    "interestIncome": 0,
    "interestExpense": 52000000,
    "depreciationAndAmortization": 144000000,
    "ebitda": 829000000,
    "ebitdaratio": 0.1856662934,
    "operatingIncome": 693000000,
    "operatingIncomeRatio": 0.1552071669,
    "totalOtherIncomeExpensesNet": -87000000,
    "incomeBeforeTax": 598000000,
    "incomeBeforeTaxRatio": 0.1339305711,
    "incomeTaxExpense": 240000000,
    "netIncome": 358000000,
    "netIncomeRatio": 0.0801791713,
    "eps": 0.43,
    "epsdiluted": 0.43,
    "weightedAverageShsOut": 832558140,
    "weightedAverageShsOutDil": 832558140,
    "link": "https://www.sec.gov/Archives/edgar/data/32604/000110465905036857/0001104659-05-036857-index.htm",
    "finalLink": "https://www.sec.gov/Archives/edgar/data/32604/000110465905036857/a05-14000_110q.htm"
  },
  {
    "date": "2005-03-31",
    "symbol": "EMR",
    "reportedCurrency": "USD",
    "cik": "0000032604",
    "fillingDate": "2005-05-05",
    "acceptedDate": "2005-05-05 17:28:47",
    "calendarYear": "2005",
    "period": "Q2",
    "revenue": 4227000000,
    "costOfRevenue": 2725000000,
    "grossProfit": 1502000000,
    "grossProfitRatio": 0.3553347528,
    "researchAndDevelopmentExpenses": 0,
    "generalAndAdministrativeExpenses": 0,
    "sellingAndMarketingExpenses": 0,
    "sellingGeneralAndAdministrativeExpenses": 893000000,
    "otherExpenses": 0,
    "operatingExpenses": 893000000,
    "costAndExpenses": 3618000000,
    "interestIncome": 0,
    "interestExpense": 0,
    "depreciationAndAmortization": 139000000,
    "ebitda": 748000000,
    "ebitdaratio": 0.1769576532,
    "operatingIncome": 609000000,
    "operatingIncomeRatio": 0.1440738112,
    "totalOtherIncomeExpensesNet": -111000000,
    "incomeBeforeTax": 498000000,
    "incomeBeforeTaxRatio": 0.1178140525,
    "incomeTaxExpense": 150000000,
    "netIncome": 348000000,
    "netIncomeRatio": 0.0823278921,
    "eps": 0.42,
    "epsdiluted": 0.42,
    "weightedAverageShsOut": 828571429,
    "weightedAverageShsOutDil": 838554217,
    "link": "https://www.sec.gov/Archives/edgar/data/32604/000095013705005461/0000950137-05-005461-index.htm",
    "finalLink": "https://www.sec.gov/Archives/edgar/data/32604/000095013705005461/c94964e10vq.htm"
  },
  {
    "date": "2004-12-31",
    "symbol": "EMR",
    "reportedCurrency": "USD",
    "cik": "0000032604",
    "fillingDate": "2005-02-07",
    "acceptedDate": "2005-02-07 14:28:44",
    "calendarYear": "2005",
    "period": "Q1",
    "revenue": 3970000000,
    "costOfRevenue": 2558000000,
    "grossProfit": 1412000000,
    "grossProfitRatio": 0.3556675063,
    "researchAndDevelopmentExpenses": 0,
    "generalAndAdministrativeExpenses": 0,
    "sellingAndMarketingExpenses": 0,
    "sellingGeneralAndAdministrativeExpenses": 872000000,
    "otherExpenses": 0,
    "operatingExpenses": 872000000,
    "costAndExpenses": 3430000000,
    "interestIncome": 0,
    "interestExpense": 54000000,
    "depreciationAndAmortization": 137000000,
    "ebitda": 677000000,
    "ebitdaratio": 0.1705289673,
    "operatingIncome": 540000000,
    "operatingIncomeRatio": 0.1360201511,
    "totalOtherIncomeExpensesNet": -106000000,
    "incomeBeforeTax": 434000000,
    "incomeBeforeTaxRatio": 0.1093198992,
    "incomeTaxExpense": 137000000,
    "netIncome": 297000000,
    "netIncomeRatio": 0.0748110831,
    "eps": 0.36,
    "epsdiluted": 0.35,
    "weightedAverageShsOut": 836619718,
    "weightedAverageShsOutDil": 848571429,
    "link": "https://www.sec.gov/Archives/edgar/data/32604/000003260405000007/0000032604-05-000007-index.htm",
    "finalLink": "https://www.sec.gov/Archives/edgar/data/32604/000003260405000007/form10q1q05.htm"
  },
  {
    "date": "2004-09-30",
    "symbol": "EMR",
    "reportedCurrency": "USD",
    "cik": "0000032604",
    "fillingDate": "2004-11-18",
    "acceptedDate": "2004-11-18 16:42:56",
    "calendarYear": "2004",
    "period": "Q4",
    "revenue": 4120000000,
    "costOfRevenue": 2631000000,
    "grossProfit": 1489000000,
    "grossProfitRatio": 0.361407767,
    "researchAndDevelopmentExpenses": 0,
    "generalAndAdministrativeExpenses": 0,
    "sellingAndMarketingExpenses": 0,
    "sellingGeneralAndAdministrativeExpenses": 860000000,
    "otherExpenses": 21000000,
    "operatingExpenses": 881000000,
    "costAndExpenses": 3512000000,
    "interestIncome": 0,
    "interestExpense": 0,
    "depreciationAndAmortization": 147000000,
    "ebitda": 755000000,
    "ebitdaratio": 0.1832524272,
    "operatingIncome": 608000000,
    "operatingIncomeRatio": 0.1475728155,
    "totalOtherIncomeExpensesNet": -78000000,
    "incomeBeforeTax": 530000000,
    "incomeBeforeTaxRatio": 0.1286407767,
    "incomeTaxExpense": 176000000,
    "netIncome": 354000000,
    "netIncomeRatio": 0.0859223301,
    "eps": 0.42,
    "epsdiluted": 0.42,
    "weightedAverageShsOut": 838000000,
    "weightedAverageShsOutDil": 843624161,
    "link": "https://www.sec.gov/Archives/edgar/data/32604/000003260404000033/0000032604-04-000033-index.htm",
    "finalLink": "https://www.sec.gov/Archives/edgar/data/32604/000003260404000033/form10kemerson2004.htm"
  },
  {
    "date": "2004-06-30",
    "symbol": "EMR",
    "reportedCurrency": "USD",
    "cik": "0000032604",
    "fillingDate": "2004-08-12",
    "acceptedDate": "2004-08-11 17:54:11",
    "calendarYear": "2004",
    "period": "Q3",
    "revenue": 4036000000,
    "costOfRevenue": 2597000000,
    "grossProfit": 1439000000,
    "grossProfitRatio": 0.3565411298,
    "researchAndDevelopmentExpenses": 0,
    "generalAndAdministrativeExpenses": 0,
    "sellingAndMarketingExpenses": 0,
    "sellingGeneralAndAdministrativeExpenses": 824000000,
    "otherExpenses": 0,
    "operatingExpenses": 824000000,
    "costAndExpenses": 3421000000,
    "interestIncome": 0,
    "interestExpense": 0,
    "depreciationAndAmortization": 140000000,
    "ebitda": 755000000,
    "ebitdaratio": 0.1870664024,
    "operatingIncome": 615000000,
    "operatingIncomeRatio": 0.1523785927,
    "totalOtherIncomeExpensesNet": -116000000,
    "incomeBeforeTax": 499000000,
    "incomeBeforeTaxRatio": 0.1236372646,
    "incomeTaxExpense": 158000000,
    "netIncome": 341000000,
    "netIncomeRatio": 0.0844895937,
    "eps": 0.41,
    "epsdiluted": 0.41,
    "weightedAverageShsOut": 841975309,
    "weightedAverageShsOutDil": 841975309,
    "link": "https://www.sec.gov/Archives/edgar/data/32604/000003260404000013/0000032604-04-000013-index.htm",
    "finalLink": "https://www.sec.gov/Archives/edgar/data/32604/000003260404000013/form10q3q04.htm"
  },
  {
    "date": "2004-03-31",
    "symbol": "EMR",
    "reportedCurrency": "USD",
    "cik": "0000032604",
    "fillingDate": "2004-03-31",
    "acceptedDate": "2004-03-30 19:00:00",
    "calendarYear": "2004",
    "period": "Q2",
    "revenue": 3859000000,
    "costOfRevenue": 2503000000,
    "grossProfit": 1356000000,
    "grossProfitRatio": 0.3513863695,
    "researchAndDevelopmentExpenses": 0,
    "generalAndAdministrativeExpenses": 0,
    "sellingAndMarketingExpenses": 0,
    "sellingGeneralAndAdministrativeExpenses": 807000000,
    "otherExpenses": 0,
    "operatingExpenses": 807000000,
    "costAndExpenses": 3310000000,
    "interestIncome": 0,
    "interestExpense": 0,
    "depreciationAndAmortization": 139000000,
    "ebitda": 688000000,
    "ebitdaratio": 0.1782845297,
    "operatingIncome": 549000000,
    "operatingIncomeRatio": 0.1422648354,
    "totalOtherIncomeExpensesNet": -83000000,
    "incomeBeforeTax": 466000000,
    "incomeBeforeTaxRatio": 0.1207566727,
    "incomeTaxExpense": 148000000,
    "netIncome": 318000000,
    "netIncomeRatio": 0.0824047681,
    "eps": 0.38,
    "epsdiluted": 0.38,
    "weightedAverageShsOut": 836842105,
    "weightedAverageShsOutDil": 848000000,
    "link": null,
    "finalLink": null
  },
  {
    "date": "2003-12-31",
    "symbol": "EMR",
    "reportedCurrency": "USD",
    "cik": "0000032604",
    "fillingDate": "2004-02-03",
    "acceptedDate": "2004-02-03 07:46:12",
    "calendarYear": "2004",
    "period": "Q1",
    "revenue": 3600000000,
    "costOfRevenue": 2318000000,
    "grossProfit": 1282000000,
    "grossProfitRatio": 0.3561111111,
    "researchAndDevelopmentExpenses": 0,
    "generalAndAdministrativeExpenses": 0,
    "sellingAndMarketingExpenses": 0,
    "sellingGeneralAndAdministrativeExpenses": 790000000,
    "otherExpenses": 414000000,
    "operatingExpenses": 1204000000,
    "costAndExpenses": 3522000000,
    "interestIncome": 0,
    "interestExpense": 0,
    "depreciationAndAmortization": 131000000,
    "ebitda": 623000000,
    "ebitdaratio": 0.1730555556,
    "operatingIncome": 492000000,
    "operatingIncomeRatio": 0.1366666667,
    "totalOtherIncomeExpensesNet": -135000000,
    "incomeBeforeTax": 357000000,
    "incomeBeforeTaxRatio": 0.0991666667,
    "incomeTaxExpense": 113000000,
    "netIncome": 244000000,
    "netIncomeRatio": 0.0677777778,
    "eps": 0.29,
    "epsdiluted": 0.29,
    "weightedAverageShsOut": 841379310,
    "weightedAverageShsOutDil": 841379310,
    "link": "https://www.sec.gov/Archives/edgar/data/32604/000095013804000059/0000950138-04-000059-index.htm",
    "finalLink": "https://www.sec.gov/Archives/edgar/data/32604/000095013804000059/form8k_020304.htm"
  },
  {
    "date": "2003-09-30",
    "symbol": "EMR",
    "reportedCurrency": "USD",
    "cik": "0000032604",
    "fillingDate": "2003-11-04",
    "acceptedDate": "2003-11-04 08:33:00",
    "calendarYear": "2003",
    "period": "Q4",
    "revenue": 3694000000,
    "costOfRevenue": 2400000000,
    "grossProfit": 1294000000,
    "grossProfitRatio": 0.3502977802,
    "researchAndDevelopmentExpenses": 0,
    "generalAndAdministrativeExpenses": 0,
    "sellingAndMarketingExpenses": 0,
    "sellingGeneralAndAdministrativeExpenses": 747000000,
    "otherExpenses": 6000000,
    "operatingExpenses": 753000000,
    "costAndExpenses": 3153000000,
    "interestIncome": 0,
    "interestExpense": 0,
    "depreciationAndAmortization": 128000000,
    "ebitda": 669000000,
    "ebitdaratio": 0.1811044938,
    "operatingIncome": 541000000,
    "operatingIncomeRatio": 0.1464537087,
    "totalOtherIncomeExpensesNet": -135000000,
    "incomeBeforeTax": 406000000,
    "incomeBeforeTaxRatio": 0.1099079589,
    "incomeTaxExpense": 130000000,
    "netIncome": 276000000,
    "netIncomeRatio": 0.0747157553,
    "eps": 0.33,
    "epsdiluted": 0.33,
    "weightedAverageShsOut": 837692308,
    "weightedAverageShsOutDil": 840926641,
    "link": "https://www.sec.gov/Archives/edgar/data/32604/000095013803000597/0000950138-03-000597-index.htm",
    "finalLink": "https://www.sec.gov/Archives/edgar/data/32604/000095013803000597/form8k_110403.htm"
  },
  {
    "date": "2003-06-30",
    "symbol": "EMR",
    "reportedCurrency": "USD",
    "cik": "0000032604",
    "fillingDate": "2003-06-30",
    "acceptedDate": "2003-06-30 00:00:00",
    "calendarYear": "2003",
    "period": "Q3",
    "revenue": 3573000000,
    "costOfRevenue": 2323000000,
    "grossProfit": 1250000000,
    "grossProfitRatio": 0.3498460677,
    "researchAndDevelopmentExpenses": 0,
    "generalAndAdministrativeExpenses": 0,
    "sellingAndMarketingExpenses": 0,
    "sellingGeneralAndAdministrativeExpenses": 728000000,
    "otherExpenses": 6000000,
    "operatingExpenses": 734000000,
    "costAndExpenses": 3057000000,
    "interestIncome": 0,
    "interestExpense": 0,
    "depreciationAndAmortization": 142000000,
    "ebitda": 658000000,
    "ebitdaratio": 0.1841589701,
    "operatingIncome": 516000000,
    "operatingIncomeRatio": 0.1444164568,
    "totalOtherIncomeExpensesNet": -187000000,
    "incomeBeforeTax": 329000000,
    "incomeBeforeTaxRatio": 0.092079485,
    "incomeTaxExpense": 51000000,
    "netIncome": 360000000,
    "netIncomeRatio": 0.1007556675,
    "eps": 0.43,
    "epsdiluted": 0.43,
    "weightedAverageShsOut": 837209302,
    "weightedAverageShsOutDil": 847058824,
    "link": null,
    "finalLink": null
  },
  {
    "date": "2003-03-31",
    "symbol": "EMR",
    "reportedCurrency": "USD",
    "cik": "0000032604",
    "fillingDate": "2003-05-12",
    "acceptedDate": "2003-05-12 16:36:16",
    "calendarYear": "2003",
    "period": "Q2",
    "revenue": 3478000000,
    "costOfRevenue": 2265000000,
    "grossProfit": 1213000000,
    "grossProfitRatio": 0.3487636573,
    "researchAndDevelopmentExpenses": 0,
    "generalAndAdministrativeExpenses": 0,
    "sellingAndMarketingExpenses": 0,
    "sellingGeneralAndAdministrativeExpenses": 728000000,
    "otherExpenses": 10000000,
    "operatingExpenses": 738000000,
    "costAndExpenses": 3003000000,
    "interestIncome": 0,
    "interestExpense": 0,
    "depreciationAndAmortization": 137000000,
    "ebitda": 617000000,
    "ebitdaratio": 0.1774008051,
    "operatingIncome": 480000000,
    "operatingIncomeRatio": 0.1380103508,
    "totalOtherIncomeExpensesNet": -124000000,
    "incomeBeforeTax": 356000000,
    "incomeBeforeTaxRatio": 0.1023576768,
    "incomeTaxExpense": 115000000,
    "netIncome": 246000000,
    "netIncomeRatio": 0.0707303048,
    "eps": 0.28,
    "epsdiluted": 0.28,
    "weightedAverageShsOut": 878571429,
    "weightedAverageShsOutDil": 878571429,
    "link": "https://www.sec.gov/Archives/edgar/data/32604/000003260403000008/0000032604-03-000008-index.htm",
    "finalLink": "https://www.sec.gov/Archives/edgar/data/32604/000003260403000008/form10q2q03.htm"
  },
  {
    "date": "2002-12-31",
    "symbol": "EMR",
    "reportedCurrency": "USD",
    "cik": "0000032604",
    "fillingDate": "2003-02-10",
    "acceptedDate": "2003-02-10 17:05:28",
    "calendarYear": "2003",
    "period": "Q1",
    "revenue": 3241000000,
    "costOfRevenue": 2095000000,
    "grossProfit": 1146000000,
    "grossProfitRatio": 0.3535945696,
    "researchAndDevelopmentExpenses": 0,
    "generalAndAdministrativeExpenses": 0,
    "sellingAndMarketingExpenses": 0,
    "sellingGeneralAndAdministrativeExpenses": 714000000,
    "otherExpenses": 11000000,
    "operatingExpenses": 725000000,
    "costAndExpenses": 2820000000,
    "interestIncome": 0,
    "interestExpense": 0,
    "depreciationAndAmortization": 127000000,
    "ebitda": 553000000,
    "ebitdaratio": 0.1706263499,
    "operatingIncome": 426000000,
    "operatingIncomeRatio": 0.1314409133,
    "totalOtherIncomeExpensesNet": -103000000,
    "incomeBeforeTax": 323000000,
    "incomeBeforeTaxRatio": 0.0996605986,
    "incomeTaxExpense": 105000000,
    "netIncome": 217000000,
    "netIncomeRatio": 0.0669546436,
    "eps": 0.26,
    "epsdiluted": 0.26,
    "weightedAverageShsOut": 838000000,
    "weightedAverageShsOutDil": 841200000,
    "link": "https://www.sec.gov/Archives/edgar/data/32604/000003260403000003/0000032604-03-000003-index.htm",
    "finalLink": "https://www.sec.gov/Archives/edgar/data/32604/000003260403000003/form10q1q03.htm"
  },
  {
    "date": "2002-09-30",
    "symbol": "EMR",
    "reportedCurrency": "USD",
    "cik": "0000032604",
    "fillingDate": "2002-12-23",
    "acceptedDate": "2002-12-23 17:00:21",
    "calendarYear": "2002",
    "period": "Q4",
    "revenue": 3537700000,
    "costOfRevenue": 2303000000,
    "grossProfit": 1234700000,
    "grossProfitRatio": 0.34901207,
    "researchAndDevelopmentExpenses": 0,
    "generalAndAdministrativeExpenses": 0,
    "sellingAndMarketingExpenses": 0,
    "sellingGeneralAndAdministrativeExpenses": 733300000,
    "otherExpenses": 28000000,
    "operatingExpenses": 761300000,
    "costAndExpenses": 3064300000,
    "interestIncome": 0,
    "interestExpense": 0,
    "depreciationAndAmortization": 131600000,
    "ebitda": 605000000,
    "ebitdaratio": 0.1710150663,
    "operatingIncome": 473400000,
    "operatingIncomeRatio": 0.133815756,
    "totalOtherIncomeExpensesNet": -102100000,
    "incomeBeforeTax": 371300000,
    "incomeBeforeTaxRatio": 0.1049551969,
    "incomeTaxExpense": 122300000,
    "netIncome": 248700000,
    "netIncomeRatio": 0.0702999124,
    "eps": 0.3,
    "epsdiluted": 0.3,
    "weightedAverageShsOut": 831517241,
    "weightedAverageShsOutDil": 841379310,
    "link": "https://www.sec.gov/Archives/edgar/data/32604/000003260402000022/0000032604-02-000022-index.htm",
    "finalLink": "https://www.sec.gov/Archives/edgar/data/32604/000003260402000022/ye02-10k.htm"
  },
  {
    "date": "2002-06-30",
    "symbol": "EMR",
    "reportedCurrency": "USD",
    "cik": "0000032604",
    "fillingDate": "2002-08-07",
    "acceptedDate": "2002-08-07 10:18:30",
    "calendarYear": "2002",
    "period": "Q3",
    "revenue": 3570700000,
    "costOfRevenue": 2340200000,
    "grossProfit": 1230500000,
    "grossProfitRatio": 0.3446103005,
    "researchAndDevelopmentExpenses": 0,
    "generalAndAdministrativeExpenses": 0,
    "sellingAndMarketingExpenses": 0,
    "sellingGeneralAndAdministrativeExpenses": 716500000,
    "otherExpenses": 0,
    "operatingExpenses": 716500000,
    "costAndExpenses": 3056700000,
    "interestIncome": 0,
    "interestExpense": 0,
    "depreciationAndAmortization": 140500000,
    "ebitda": 654500000,
    "ebitdaratio": 0.1832973927,
    "operatingIncome": 514000000,
    "operatingIncomeRatio": 0.1439493657,
    "totalOtherIncomeExpensesNet": -93100000,
    "incomeBeforeTax": 420900000,
    "incomeBeforeTaxRatio": 0.1178760467,
    "incomeTaxExpense": 139300000,
    "netIncome": 281600000,
    "netIncomeRatio": 0.0788640883,
    "eps": 0.34,
    "epsdiluted": 0.34,
    "weightedAverageShsOut": 828235294,
    "weightedAverageShsOutDil": 840597015,
    "link": "https://www.sec.gov/Archives/edgar/data/32604/000003260402000014/0000032604-02-000014-index.htm",
    "finalLink": "https://www.sec.gov/Archives/edgar/data/32604/000003260402000014/final3q02-10q.htm"
  },
  {
    "date": "2002-03-31",
    "symbol": "EMR",
    "reportedCurrency": "USD",
    "cik": "0000032604",
    "fillingDate": "2002-05-14",
    "acceptedDate": "2002-05-14 14:51:49",
    "calendarYear": "2002",
    "period": "Q2",
    "revenue": 3420800000,
    "costOfRevenue": 2232100000,
    "grossProfit": 1188700000,
    "grossProfitRatio": 0.3474918148,
    "researchAndDevelopmentExpenses": 0,
    "generalAndAdministrativeExpenses": 0,
    "sellingAndMarketingExpenses": 0,
    "sellingGeneralAndAdministrativeExpenses": 724300000,
    "otherExpenses": 0,
    "operatingExpenses": 724300000,
    "costAndExpenses": 2956400000,
    "interestIncome": 0,
    "interestExpense": 0,
    "depreciationAndAmortization": 138200000,
    "ebitda": 602300000,
    "ebitdaratio": 0.1760699252,
    "operatingIncome": 464400000,
    "operatingIncomeRatio": 0.1357577175,
    "totalOtherIncomeExpensesNet": -59800000,
    "incomeBeforeTax": 404600000,
    "incomeBeforeTaxRatio": 0.1182764266,
    "incomeTaxExpense": 129900000,
    "netIncome": 274700000,
    "netIncomeRatio": 0.0803028531,
    "eps": 0.33,
    "epsdiluted": 0.33,
    "weightedAverageShsOut": 845230769,
    "weightedAverageShsOutDil": 845230769,
    "link": "https://www.sec.gov/Archives/edgar/data/32604/000003260402000009/0000032604-02-000009-index.htm",
    "finalLink": "https://www.sec.gov/Archives/edgar/data/32604/000003260402000009/q2final.htm"
  },
  {
    "date": "2001-12-31",
    "symbol": "EMR",
    "reportedCurrency": "USD",
    "cik": "0000032604",
    "fillingDate": "2002-02-14",
    "acceptedDate": "2002-02-14 00:00:00",
    "calendarYear": "2002",
    "period": "Q1",
    "revenue": 3294800000,
    "costOfRevenue": 2124700000,
    "grossProfit": 1170100000,
    "grossProfitRatio": 0.3551353648,
    "researchAndDevelopmentExpenses": 0,
    "generalAndAdministrativeExpenses": 0,
    "sellingAndMarketingExpenses": 0,
    "sellingGeneralAndAdministrativeExpenses": 747900000,
    "otherExpenses": 0,
    "operatingExpenses": 747900000,
    "costAndExpenses": 2872600000,
    "interestIncome": 0,
    "interestExpense": 0,
    "depreciationAndAmortization": 130700000,
    "ebitda": 553000000,
    "ebitdaratio": 0.1678402331,
    "operatingIncome": 422200000,
    "operatingIncomeRatio": 0.1281413136,
    "totalOtherIncomeExpensesNet": -54000000,
    "incomeBeforeTax": 368200000,
    "incomeBeforeTaxRatio": 0.1117518514,
    "incomeTaxExpense": 113500000,
    "netIncome": -683000000,
    "netIncomeRatio": -0.2072963458,
    "eps": -0.81,
    "epsdiluted": -0.81,
    "weightedAverageShsOut": 836800000,
    "weightedAverageShsOutDil": 840800000,
    "link": "https://www.sec.gov/Archives/edgar/data/32604/000003260402000003/0000032604-02-000003-index.htm",
    "finalLink": "https://www.sec.gov/Archives/edgar/data/32604/000003260402000003/q-1q02.htm"
  },
  {
    "date": "2001-09-30",
    "symbol": "EMR",
    "reportedCurrency": "USD",
    "cik": "0000032604",
    "fillingDate": "2001-12-21",
    "acceptedDate": "2001-12-21 00:00:00",
    "calendarYear": "2001",
    "period": "Q4",
    "revenue": 3551900000,
    "costOfRevenue": 2394200000,
    "grossProfit": 1157700000,
    "grossProfitRatio": 0.3259382302,
    "researchAndDevelopmentExpenses": 0,
    "generalAndAdministrativeExpenses": 0,
    "sellingAndMarketingExpenses": 0,
    "sellingGeneralAndAdministrativeExpenses": 786700000,
    "otherExpenses": 690600000,
    "operatingExpenses": 1477300000,
    "costAndExpenses": 3871500000,
    "interestIncome": 0,
    "interestExpense": 0,
    "depreciationAndAmortization": 172300000,
    "ebitda": -147300000,
    "ebitdaratio": -0.0414707621,
    "operatingIncome": -319600000,
    "operatingIncomeRatio": -0.0899800107,
    "totalOtherIncomeExpensesNet": 315500000,
    "incomeBeforeTax": -4100000,
    "incomeBeforeTaxRatio": -0.0011543118,
    "incomeTaxExpense": 10600000,
    "netIncome": -14700000,
    "netIncomeRatio": -0.00413863,
    "eps": -0.0173,
    "epsdiluted": -0.0171,
    "weightedAverageShsOut": 849218107,
    "weightedAverageShsOutDil": 859833333,
    "link": "https://www.sec.gov/Archives/edgar/data/32604/000003260401500032/0000032604-01-500032-index.htm",
    "finalLink": "https://www.sec.gov/Archives/edgar/data/32604/000003260401500032/ye0110k.htm"
  },
  {
    "date": "2001-06-30",
    "symbol": "EMR",
    "reportedCurrency": "USD",
    "cik": "0000032604",
    "fillingDate": "2001-08-13",
    "acceptedDate": "2001-08-13 00:00:00",
    "calendarYear": "2001",
    "period": "Q3",
    "revenue": 3904900000,
    "costOfRevenue": 2540300000,
    "grossProfit": 1364600000,
    "grossProfitRatio": 0.3494583728,
    "researchAndDevelopmentExpenses": 0,
    "generalAndAdministrativeExpenses": 0,
    "sellingAndMarketingExpenses": 0,
    "sellingGeneralAndAdministrativeExpenses": 731200000,
    "otherExpenses": 0,
    "operatingExpenses": 731200000,
    "costAndExpenses": 3271500000,
    "interestIncome": 0,
    "interestExpense": 0,
    "depreciationAndAmortization": 184000000,
    "ebitda": 817400000,
    "ebitdaratio": 0.2093267433,
    "operatingIncome": 633400000,
    "operatingIncomeRatio": 0.1622064586,
    "totalOtherIncomeExpensesNet": -130200000,
    "incomeBeforeTax": 503200000,
    "incomeBeforeTaxRatio": 0.1288637353,
    "incomeTaxExpense": 172800000,
    "netIncome": 330400000,
    "netIncomeRatio": 0.0846116418,
    "eps": 0.39,
    "epsdiluted": 0.39,
    "weightedAverageShsOut": 858181818,
    "weightedAverageShsOutDil": 858181818,
    "link": "https://www.sec.gov/Archives/edgar/data/32604/000003260401500024/0000032604-01-500024-index.htm",
    "finalLink": "https://www.sec.gov/Archives/edgar/data/32604/000003260401500024/q32001final.htm"
  },
  {
    "date": "2001-03-31",
    "symbol": "EMR",
    "reportedCurrency": "USD",
    "cik": "0000032604",
    "fillingDate": "2001-05-11",
    "acceptedDate": "2001-05-11 00:00:00",
    "calendarYear": "2001",
    "period": "Q2",
    "revenue": 4103300000,
    "costOfRevenue": 2652500000,
    "grossProfit": 1450800000,
    "grossProfitRatio": 0.3535690785,
    "researchAndDevelopmentExpenses": 0,
    "generalAndAdministrativeExpenses": 0,
    "sellingAndMarketingExpenses": 0,
    "sellingGeneralAndAdministrativeExpenses": 790000000,
    "otherExpenses": 0,
    "operatingExpenses": 790000000,
    "costAndExpenses": 3442500000,
    "interestIncome": 0,
    "interestExpense": 0,
    "depreciationAndAmortization": 180800000,
    "ebitda": 841600000,
    "ebitdaratio": 0.2051032096,
    "operatingIncome": 660800000,
    "operatingIncomeRatio": 0.1610411133,
    "totalOtherIncomeExpensesNet": -115400000,
    "incomeBeforeTax": 545400000,
    "incomeBeforeTaxRatio": 0.1329174079,
    "incomeTaxExpense": 186700000,
    "netIncome": 358700000,
    "netIncomeRatio": 0.0874174445,
    "eps": 0.42,
    "epsdiluted": 0.42,
    "weightedAverageShsOut": 854047619,
    "weightedAverageShsOutDil": 864337349,
    "link": "https://www.sec.gov/Archives/edgar/data/32604/000003260401500011/0000032604-01-500011-index.htm",
    "finalLink": "https://www.sec.gov/Archives/edgar/data/32604/000003260401500011/q2-2001.htm"
  },
  {
    "date": "2000-12-31",
    "symbol": "EMR",
    "reportedCurrency": "USD",
    "cik": "0000032604",
    "fillingDate": "2001-02-13",
    "acceptedDate": "2001-02-13 00:00:00",
    "calendarYear": "2001",
    "period": "Q1",
    "revenue": 3919500000,
    "costOfRevenue": 2531500000,
    "grossProfit": 1388000000,
    "grossProfitRatio": 0.3541268019,
    "researchAndDevelopmentExpenses": 0,
    "generalAndAdministrativeExpenses": 0,
    "sellingAndMarketingExpenses": 0,
    "sellingGeneralAndAdministrativeExpenses": 774000000,
    "otherExpenses": 0,
    "operatingExpenses": 774000000,
    "costAndExpenses": 3305500000,
    "interestIncome": 0,
    "interestExpense": 0,
    "depreciationAndAmortization": 171400000,
    "ebitda": 785400000,
    "ebitdaratio": 0.2003827019,
    "operatingIncome": 614000000,
    "operatingIncomeRatio": 0.1566526343,
    "totalOtherIncomeExpensesNet": -69900000,
    "incomeBeforeTax": 544100000,
    "incomeBeforeTaxRatio": 0.1388187269,
    "incomeTaxExpense": 186700000,
    "netIncome": 357400000,
    "netIncomeRatio": 0.0911851001,
    "eps": 0.42,
    "epsdiluted": 0.42,
    "weightedAverageShsOut": 850952381,
    "weightedAverageShsOutDil": 861204819,
    "link": "https://www.sec.gov/Archives/edgar/data/32604/000003260401000002/0000032604-01-000002-index.htm",
    "finalLink": "https://www.sec.gov/Archives/edgar/data/32604/000003260401000002/0000032604-01-000002-0001.txt"
  },
  {
    "date": "2000-09-30",
    "symbol": "EMR",
    "reportedCurrency": "USD",
    "cik": "0000032604",
    "fillingDate": "2000-12-22",
    "acceptedDate": "2000-12-22 00:00:00",
    "calendarYear": "2000",
    "period": "Q4",
    "revenue": 4065000000,
    "costOfRevenue": 2607800000,
    "grossProfit": 1457200000,
    "grossProfitRatio": 0.3584747847,
    "researchAndDevelopmentExpenses": 0,
    "generalAndAdministrativeExpenses": 0,
    "sellingAndMarketingExpenses": 0,
    "sellingGeneralAndAdministrativeExpenses": 775400000,
    "otherExpenses": 0,
    "operatingExpenses": 775400000,
    "costAndExpenses": 3383200000,
    "interestIncome": 0,
    "interestExpense": 0,
    "depreciationAndAmortization": 172000000,
    "ebitda": 853800000,
    "ebitdaratio": 0.2100369004,
    "operatingIncome": 681800000,
    "operatingIncomeRatio": 0.1677244772,
    "totalOtherIncomeExpensesNet": -112200000,
    "incomeBeforeTax": 569600000,
    "incomeBeforeTaxRatio": 0.1401230012,
    "incomeTaxExpense": 198600000,
    "netIncome": 371000000,
    "netIncomeRatio": 0.0912669127,
    "eps": 0.43,
    "epsdiluted": 0.43,
    "weightedAverageShsOut": 854294294,
    "weightedAverageShsOutDil": 862060606,
    "link": "https://www.sec.gov/Archives/edgar/data/32604/000003260400000030/0000032604-00-000030-index.htm",
    "finalLink": "https://www.sec.gov/Archives/edgar/data/32604/000003260400000030/0000032604-00-000030-0001.txt"
  },
  {
    "date": "2000-06-30",
    "symbol": "EMR",
    "reportedCurrency": "USD",
    "cik": "0000032604",
    "fillingDate": "2000-08-14",
    "acceptedDate": "2000-08-14 00:00:00",
    "calendarYear": "2000",
    "period": "Q3",
    "revenue": 4041800000,
    "costOfRevenue": 2605100000,
    "grossProfit": 1436700000,
    "grossProfitRatio": 0.3554604384,
    "researchAndDevelopmentExpenses": 0,
    "generalAndAdministrativeExpenses": 0,
    "sellingAndMarketingExpenses": 0,
    "sellingGeneralAndAdministrativeExpenses": 767300000,
    "otherExpenses": 0,
    "operatingExpenses": 767300000,
    "costAndExpenses": 3372400000,
    "interestIncome": 0,
    "interestExpense": 0,
    "depreciationAndAmortization": 170900000,
    "ebitda": 840300000,
    "ebitdaratio": 0.2079024197,
    "operatingIncome": 669400000,
    "operatingIncomeRatio": 0.1656192785,
    "totalOtherIncomeExpensesNet": -95300000,
    "incomeBeforeTax": 574100000,
    "incomeBeforeTaxRatio": 0.1420406749,
    "incomeTaxExpense": 200400000,
    "netIncome": 373700000,
    "netIncomeRatio": 0.0924588055,
    "eps": 0.44,
    "epsdiluted": 0.44,
    "weightedAverageShsOut": 849318182,
    "weightedAverageShsOutDil": 859080460,
    "link": "https://www.sec.gov/Archives/edgar/data/32604/000003260400000015/0000032604-00-000015-index.htm",
    "finalLink": "https://www.sec.gov/Archives/edgar/data/32604/000003260400000015/0000032604-00-000015-0001.txt"
  },
  {
    "date": "2000-03-31",
    "symbol": "EMR",
    "reportedCurrency": "USD",
    "cik": "0000032604",
    "fillingDate": "2000-05-12",
    "acceptedDate": "2000-05-12 00:00:00",
    "calendarYear": "2000",
    "period": "Q2",
    "revenue": 3894700000,
    "costOfRevenue": 2514300000,
    "grossProfit": 1380400000,
    "grossProfitRatio": 0.3544303797,
    "researchAndDevelopmentExpenses": 0,
    "generalAndAdministrativeExpenses": 0,
    "sellingAndMarketingExpenses": 0,
    "sellingGeneralAndAdministrativeExpenses": 743300000,
    "otherExpenses": 0,
    "operatingExpenses": 743300000,
    "costAndExpenses": 3257600000,
    "interestIncome": 0,
    "interestExpense": 0,
    "depreciationAndAmortization": 172100000,
    "ebitda": 809200000,
    "ebitdaratio": 0.207769533,
    "operatingIncome": 637100000,
    "operatingIncomeRatio": 0.1635812771,
    "totalOtherIncomeExpensesNet": -98500000,
    "incomeBeforeTax": 538600000,
    "incomeBeforeTaxRatio": 0.1382904973,
    "incomeTaxExpense": 185800000,
    "netIncome": 352800000,
    "netIncomeRatio": 0.0905846407,
    "eps": 0.42,
    "epsdiluted": 0.41,
    "weightedAverageShsOut": 854400000,
    "weightedAverageShsOutDil": 861400000,
    "link": "https://www.sec.gov/Archives/edgar/data/32604/000003260400000005/0000032604-00-000005-index.html",
    "finalLink": "https://www.sec.gov/Archives/edgar/data/32604/000003260400000005/"
  },
  {
    "date": "1999-12-31",
    "symbol": "EMR",
    "reportedCurrency": "USD",
    "cik": "0000032604",
    "fillingDate": "2000-02-14",
    "acceptedDate": "2000-02-14 00:00:00",
    "calendarYear": "2000",
    "period": "Q1",
    "revenue": 3543300000,
    "costOfRevenue": 2288800000,
    "grossProfit": 1254500000,
    "grossProfitRatio": 0.3540484859,
    "researchAndDevelopmentExpenses": 0,
    "generalAndAdministrativeExpenses": 0,
    "sellingAndMarketingExpenses": 0,
    "sellingGeneralAndAdministrativeExpenses": 701900000,
    "otherExpenses": 0,
    "operatingExpenses": 701900000,
    "costAndExpenses": 2990700000,
    "interestIncome": 0,
    "interestExpense": 0,
    "depreciationAndAmortization": 163500000,
    "ebitda": 716100000,
    "ebitdaratio": 0.2020997375,
    "operatingIncome": 552600000,
    "operatingIncomeRatio": 0.1559563119,
    "totalOtherIncomeExpensesNet": -56600000,
    "incomeBeforeTax": 496000000,
    "incomeBeforeTaxRatio": 0.1399825022,
    "incomeTaxExpense": 171100000,
    "netIncome": 324900000,
    "netIncomeRatio": 0.0916941834,
    "eps": 0.38,
    "epsdiluted": 0.38,
    "weightedAverageShsOut": 866400000,
    "weightedAverageShsOutDil": 866400000,
    "link": "https://www.sec.gov/Archives/edgar/data/32604/000003260400000002/0000032604-00-000002-index.html",
    "finalLink": "https://www.sec.gov/Archives/edgar/data/32604/000003260400000002/"
  },
  {
    "date": "1999-09-30",
    "symbol": "EMR",
    "reportedCurrency": "USD",
    "cik": "0000032604",
    "fillingDate": "1999-12-20",
    "acceptedDate": "1999-12-20 00:00:00",
    "calendarYear": "1999",
    "period": "Q4",
    "revenue": 3620100000,
    "costOfRevenue": 2332400000,
    "grossProfit": 1287700000,
    "grossProfitRatio": 0.3557084058,
    "researchAndDevelopmentExpenses": 0,
    "generalAndAdministrativeExpenses": 0,
    "sellingAndMarketingExpenses": 0,
    "sellingGeneralAndAdministrativeExpenses": 684600000,
    "otherExpenses": 0,
    "operatingExpenses": 684600000,
    "costAndExpenses": 3017000000,
    "interestIncome": 0,
    "interestExpense": 0,
    "depreciationAndAmortization": 156300000,
    "ebitda": 759400000,
    "ebitdaratio": 0.2097732107,
    "operatingIncome": 603100000,
    "operatingIncomeRatio": 0.1665976078,
    "totalOtherIncomeExpensesNet": -93100000,
    "incomeBeforeTax": 510000000,
    "incomeBeforeTaxRatio": 0.1408800862,
    "incomeTaxExpense": 169800000,
    "netIncome": 340200000,
    "netIncomeRatio": 0.0939753045,
    "eps": 0.39,
    "epsdiluted": 0.39,
    "weightedAverageShsOut": 867062706,
    "weightedAverageShsOutDil": 875733333,
    "link": "https://www.sec.gov/Archives/edgar/data/32604/000003260499000014/0000032604-99-000014-index.html",
    "finalLink": "https://www.sec.gov/Archives/edgar/data/32604/000003260499000014/"
  },
  {
    "date": "1999-06-30",
    "symbol": "EMR",
    "reportedCurrency": "USD",
    "cik": "0000032604",
    "fillingDate": "1999-08-13",
    "acceptedDate": "1999-08-13 00:00:00",
    "calendarYear": "1999",
    "period": "Q3",
    "revenue": 3634000000,
    "costOfRevenue": 2340000000,
    "grossProfit": 1294000000,
    "grossProfitRatio": 0.3560814529,
    "researchAndDevelopmentExpenses": 0,
    "generalAndAdministrativeExpenses": 0,
    "sellingAndMarketingExpenses": 0,
    "sellingGeneralAndAdministrativeExpenses": 695500000,
    "otherExpenses": 0,
    "operatingExpenses": 695500000,
    "costAndExpenses": 3035500000,
    "interestIncome": 0,
    "interestExpense": 0,
    "depreciationAndAmortization": 164000000,
    "ebitda": 762500000,
    "ebitdaratio": 0.2098238855,
    "operatingIncome": 598500000,
    "operatingIncomeRatio": 0.1646945515,
    "totalOtherIncomeExpensesNet": -64300000,
    "incomeBeforeTax": 534200000,
    "incomeBeforeTaxRatio": 0.1470005504,
    "incomeTaxExpense": 189100000,
    "netIncome": 345100000,
    "netIncomeRatio": 0.0949642267,
    "eps": 0.4,
    "epsdiluted": 0.4,
    "weightedAverageShsOut": 862750000,
    "weightedAverageShsOutDil": 873670886,
    "link": "https://www.sec.gov/Archives/edgar/data/32604/000003260499000010/0000032604-99-000010-index.html",
    "finalLink": "https://www.sec.gov/Archives/edgar/data/32604/000003260499000010/"
  },
  {
    "date": "1999-03-31",
    "symbol": "EMR",
    "reportedCurrency": "USD",
    "cik": "0000032604",
    "fillingDate": "1999-05-14",
    "acceptedDate": "1999-05-14 00:00:00",
    "calendarYear": "1999",
    "period": "Q2",
    "revenue": 3588700000,
    "costOfRevenue": 2309800000,
    "grossProfit": 1278900000,
    "grossProfitRatio": 0.3563686014,
    "researchAndDevelopmentExpenses": 0,
    "generalAndAdministrativeExpenses": 0,
    "sellingAndMarketingExpenses": 0,
    "sellingGeneralAndAdministrativeExpenses": 698700000,
    "otherExpenses": 0,
    "operatingExpenses": 698700000,
    "costAndExpenses": 3008500000,
    "interestIncome": 0,
    "interestExpense": 0,
    "depreciationAndAmortization": 31100000,
    "ebitda": 611300000,
    "ebitdaratio": 0.1703402346,
    "operatingIncome": 580200000,
    "operatingIncomeRatio": 0.1616741438,
    "totalOtherIncomeExpensesNet": -75900000,
    "incomeBeforeTax": 504300000,
    "incomeBeforeTaxRatio": 0.1405244239,
    "incomeTaxExpense": 178400000,
    "netIncome": 325900000,
    "netIncomeRatio": 0.0908128292,
    "eps": 0.38,
    "epsdiluted": 0.37,
    "weightedAverageShsOut": 869066000,
    "weightedAverageShsOutDil": 880810000,
    "link": "https://www.sec.gov/Archives/edgar/data/32604/000003260499000007/0000032604-99-000007-index.html",
    "finalLink": "https://www.sec.gov/Archives/edgar/data/32604/"
  },
  {
    "date": "1998-12-31",
    "symbol": "EMR",
    "reportedCurrency": "USD",
    "cik": "0000032604",
    "fillingDate": "1999-02-16",
    "acceptedDate": "1999-02-16 00:00:00",
    "calendarYear": "1999",
    "period": "Q1",
    "revenue": 3426700000,
    "costOfRevenue": 2211600000,
    "grossProfit": 1215100000,
    "grossProfitRatio": 0.3545977179,
    "researchAndDevelopmentExpenses": 0,
    "generalAndAdministrativeExpenses": 0,
    "sellingAndMarketingExpenses": 0,
    "sellingGeneralAndAdministrativeExpenses": 691400000,
    "otherExpenses": 0,
    "operatingExpenses": 691400000,
    "costAndExpenses": 2903000000,
    "interestIncome": 0,
    "interestExpense": 0,
    "depreciationAndAmortization": 6400000,
    "ebitda": 523700000,
    "ebitdaratio": 0.1528292526,
    "operatingIncome": 523700000,
    "operatingIncomeRatio": 0.1528292526,
    "totalOtherIncomeExpensesNet": -51300000,
    "incomeBeforeTax": 472400000,
    "incomeBeforeTaxRatio": 0.1378585811,
    "incomeTaxExpense": 170000000,
    "netIncome": 302400000,
    "netIncomeRatio": 0.0882481688,
    "eps": 0.35,
    "epsdiluted": 0.35,
    "weightedAverageShsOut": 872000000,
    "weightedAverageShsOutDil": 881200000,
    "link": "https://www.sec.gov/Archives/edgar/data/32604/000003260499000004/0000032604-99-000004-index.html",
    "finalLink": "https://www.sec.gov/Archives/edgar/data/32604/"
  },
  {
    "date": "1998-09-30",
    "symbol": "EMR",
    "reportedCurrency": "USD",
    "cik": "0000032604",
    "fillingDate": "1998-12-23",
    "acceptedDate": "1998-12-23 00:00:00",
    "calendarYear": "1998",
    "period": "Q4",
    "revenue": 3428100000,
    "costOfRevenue": 2195000000,
    "grossProfit": 1233100000,
    "grossProfitRatio": 0.3597036259,
    "researchAndDevelopmentExpenses": 0,
    "generalAndAdministrativeExpenses": 0,
    "sellingAndMarketingExpenses": 0,
    "sellingGeneralAndAdministrativeExpenses": 672200000,
    "otherExpenses": 0,
    "operatingExpenses": 672200000,
    "costAndExpenses": 2867200000,
    "interestIncome": 0,
    "interestExpense": 0,
    "depreciationAndAmortization": 27700000,
    "ebitda": 560900000,
    "ebitdaratio": 0.1636183309,
    "operatingIncome": 560900000,
    "operatingIncomeRatio": 0.1636183309,
    "totalOtherIncomeExpensesNet": -66600000,
    "incomeBeforeTax": 494300000,
    "incomeBeforeTaxRatio": 0.1441906595,
    "incomeTaxExpense": 180400000,
    "netIncome": 313900000,
    "netIncomeRatio": 0.0915667571,
    "eps": 0.36,
    "epsdiluted": 0.35,
    "weightedAverageShsOut": 877571429,
    "weightedAverageShsOutDil": 887075812,
    "link": "https://www.sec.gov/Archives/edgar/data/32604/000003260498000016/0000032604-98-000016-index.html",
    "finalLink": "https://www.sec.gov/Archives/edgar/data/32604/"
  },
  {
    "date": "1998-06-30",
    "symbol": "EMR",
    "reportedCurrency": "USD",
    "cik": "0000032604",
    "fillingDate": "1998-08-14",
    "acceptedDate": "1998-08-14 00:00:00",
    "calendarYear": "1998",
    "period": "Q3",
    "revenue": 3465200000,
    "costOfRevenue": 2211100000,
    "grossProfit": 1254100000,
    "grossProfitRatio": 0.3619127323,
    "researchAndDevelopmentExpenses": 0,
    "generalAndAdministrativeExpenses": 0,
    "sellingAndMarketingExpenses": 0,
    "sellingGeneralAndAdministrativeExpenses": 684800000,
    "otherExpenses": 0,
    "operatingExpenses": 684800000,
    "costAndExpenses": 2895900000,
    "interestIncome": 0,
    "interestExpense": 0,
    "depreciationAndAmortization": 24500000,
    "ebitda": 569300000,
    "ebitdaratio": 0.1642906614,
    "operatingIncome": 569300000,
    "operatingIncomeRatio": 0.1642906614,
    "totalOtherIncomeExpensesNet": -61800000,
    "incomeBeforeTax": 507500000,
    "incomeBeforeTaxRatio": 0.146456193,
    "incomeTaxExpense": 182700000,
    "netIncome": 324800000,
    "netIncomeRatio": 0.0937319635,
    "eps": 0.37,
    "epsdiluted": 0.37,
    "weightedAverageShsOut": 878800000,
    "weightedAverageShsOutDil": 889000000,
    "link": "https://www.sec.gov/Archives/edgar/data/32604/000003260498000013/0000032604-98-000013-index.html",
    "finalLink": "https://www.sec.gov/Archives/edgar/data/32604/"
  },
  {
    "date": "1998-03-31",
    "symbol": "EMR",
    "reportedCurrency": "USD",
    "cik": "0000032604",
    "fillingDate": "1998-05-13",
    "acceptedDate": "1998-05-13 00:00:00",
    "calendarYear": "1998",
    "period": "Q2",
    "revenue": 3382400000,
    "costOfRevenue": 2159700000,
    "grossProfit": 1222700000,
    "grossProfitRatio": 0.3614888836,
    "researchAndDevelopmentExpenses": 0,
    "generalAndAdministrativeExpenses": 0,
    "sellingAndMarketingExpenses": 0,
    "sellingGeneralAndAdministrativeExpenses": 673300000,
    "otherExpenses": 0,
    "operatingExpenses": 673300000,
    "costAndExpenses": 2833000000,
    "interestIncome": 0,
    "interestExpense": 0,
    "depreciationAndAmortization": 0,
    "ebitda": 549400000,
    "ebitdaratio": 0.1624290445,
    "operatingIncome": 549400000,
    "operatingIncomeRatio": 0.1624290445,
    "totalOtherIncomeExpensesNet": -68800000,
    "incomeBeforeTax": 480600000,
    "incomeBeforeTaxRatio": 0.1420884579,
    "incomeTaxExpense": 173000000,
    "netIncome": 307600000,
    "netIncomeRatio": 0.0909413434,
    "eps": 0.35,
    "epsdiluted": 0.35,
    "weightedAverageShsOut": 881600000,
    "weightedAverageShsOutDil": 892400000,
    "link": "https://www.sec.gov/Archives/edgar/data/32604/000003260498000005/0000032604-98-000005-index.html",
    "finalLink": "https://www.sec.gov/Archives/edgar/data/32604/"
  },
  {
    "date": "1997-12-31",
    "symbol": "EMR",
    "reportedCurrency": "USD",
    "cik": "0000032604",
    "fillingDate": "1998-02-17",
    "acceptedDate": "1998-02-17 00:00:00",
    "calendarYear": "1998",
    "period": "Q1",
    "revenue": 3171500000,
    "costOfRevenue": 2029800000,
    "grossProfit": 1141700000,
    "grossProfitRatio": 0.3599873877,
    "researchAndDevelopmentExpenses": 0,
    "generalAndAdministrativeExpenses": 0,
    "sellingAndMarketingExpenses": 0,
    "sellingGeneralAndAdministrativeExpenses": 646400000,
    "otherExpenses": 0,
    "operatingExpenses": 646400000,
    "costAndExpenses": 2676200000,
    "interestIncome": 0,
    "interestExpense": 0,
    "depreciationAndAmortization": 0,
    "ebitda": 495300000,
    "ebitdaratio": 0.1561721583,
    "operatingIncome": 495300000,
    "operatingIncomeRatio": 0.1561721583,
    "totalOtherIncomeExpensesNet": -54200000,
    "incomeBeforeTax": 441100000,
    "incomeBeforeTaxRatio": 0.1390824531,
    "incomeTaxExpense": 158800000,
    "netIncome": 282300000,
    "netIncomeRatio": 0.0890115087,
    "eps": 0.32,
    "epsdiluted": 0.32,
    "weightedAverageShsOut": 878400000,
    "weightedAverageShsOutDil": 887800000,
    "link": "https://www.sec.gov/Archives/edgar/data/32604/000003260498000002/0000032604-98-000002-index.html",
    "finalLink": "https://www.sec.gov/Archives/edgar/data/32604/"
  },
  {
    "date": "1997-09-30",
    "symbol": "EMR",
    "reportedCurrency": "USD",
    "cik": "0000032604",
    "fillingDate": "1997-12-19",
    "acceptedDate": "1997-12-19 00:00:00",
    "calendarYear": "1997",
    "period": "Q4",
    "revenue": 3156100000,
    "costOfRevenue": 2005800000,
    "grossProfit": 1150300000,
    "grossProfitRatio": 0.3644688064,
    "researchAndDevelopmentExpenses": 0,
    "generalAndAdministrativeExpenses": 0,
    "sellingAndMarketingExpenses": 0,
    "sellingGeneralAndAdministrativeExpenses": 633600000,
    "otherExpenses": 0,
    "operatingExpenses": 633600000,
    "costAndExpenses": 2639400000,
    "interestIncome": 0,
    "interestExpense": 0,
    "depreciationAndAmortization": 0,
    "ebitda": 516700000,
    "ebitdaratio": 0.1637147112,
    "operatingIncome": 516700000,
    "operatingIncomeRatio": 0.1637147112,
    "totalOtherIncomeExpensesNet": -55700000,
    "incomeBeforeTax": 461000000,
    "incomeBeforeTaxRatio": 0.1460663477,
    "incomeTaxExpense": 171000000,
    "netIncome": 290000000,
    "netIncomeRatio": 0.091885555,
    "eps": 0.33,
    "epsdiluted": 0.33,
    "weightedAverageShsOut": 890396825,
    "weightedAverageShsOutDil": 891514000,
    "link": "https://www.sec.gov/Archives/edgar/data/32604/000003260497000015/0000032604-97-000015-index.html",
    "finalLink": "https://www.sec.gov/Archives/edgar/data/32604/"
  },
  {
    "date": "1997-06-30",
    "symbol": "EMR",
    "reportedCurrency": "USD",
    "cik": "0000032604",
    "fillingDate": "1997-08-14",
    "acceptedDate": "1997-08-14 00:00:00",
    "calendarYear": "1997",
    "period": "Q3",
    "revenue": 3208400000,
    "costOfRevenue": 2067000000,
    "grossProfit": 1141400000,
    "grossProfitRatio": 0.3557536467,
    "researchAndDevelopmentExpenses": 0,
    "generalAndAdministrativeExpenses": 0,
    "sellingAndMarketingExpenses": 0,
    "sellingGeneralAndAdministrativeExpenses": 621800000,
    "otherExpenses": 0,
    "operatingExpenses": 621800000,
    "costAndExpenses": 2688800000,
    "interestIncome": 0,
    "interestExpense": 0,
    "depreciationAndAmortization": 0,
    "ebitda": 519600000,
    "ebitdaratio": 0.1619498816,
    "operatingIncome": 519600000,
    "operatingIncomeRatio": 0.1619498816,
    "totalOtherIncomeExpensesNet": -48000000,
    "incomeBeforeTax": 471600000,
    "incomeBeforeTaxRatio": 0.1469891535,
    "incomeTaxExpense": 175000000,
    "netIncome": 296600000,
    "netIncomeRatio": 0.0924448323,
    "eps": 0.34,
    "epsdiluted": 0.33,
    "weightedAverageShsOut": 887500000,
    "weightedAverageShsOutDil": 887500000,
    "link": "https://www.sec.gov/Archives/edgar/data/32604/000003260497000010/0000032604-97-000010-index.html",
    "finalLink": "https://www.sec.gov/Archives/edgar/data/32604/"
  },
  {
    "date": "1997-03-31",
    "symbol": "EMR",
    "reportedCurrency": "USD",
    "cik": "0000032604",
    "fillingDate": "1997-05-15",
    "acceptedDate": "1997-05-15 00:00:00",
    "calendarYear": "1997",
    "period": "Q2",
    "revenue": 3103500000,
    "costOfRevenue": 1987400000,
    "grossProfit": 1116100000,
    "grossProfitRatio": 0.3596262285,
    "researchAndDevelopmentExpenses": 0,
    "generalAndAdministrativeExpenses": 0,
    "sellingAndMarketingExpenses": 0,
    "sellingGeneralAndAdministrativeExpenses": 612200000,
    "otherExpenses": 0,
    "operatingExpenses": 612200000,
    "costAndExpenses": 2599600000,
    "interestIncome": 0,
    "interestExpense": 0,
    "depreciationAndAmortization": 0,
    "ebitda": 503900000,
    "ebitdaratio": 0.1623650717,
    "operatingIncome": 503900000,
    "operatingIncomeRatio": 0.1623650717,
    "totalOtherIncomeExpensesNet": -58200000,
    "incomeBeforeTax": 445700000,
    "incomeBeforeTaxRatio": 0.1436120509,
    "incomeTaxExpense": 165300000,
    "netIncome": 280400000,
    "netIncomeRatio": 0.0903496053,
    "eps": 0.32,
    "epsdiluted": 0.31,
    "weightedAverageShsOut": 892224000,
    "weightedAverageShsOutDil": 892224000,
    "link": "https://www.sec.gov/Archives/edgar/data/32604/000003260497000006/0000032604-97-000006-index.html",
    "finalLink": "https://www.sec.gov/Archives/edgar/data/32604/"
  },
  {
    "date": "1996-12-31",
    "symbol": "EMR",
    "reportedCurrency": "USD",
    "cik": "0000032604",
    "fillingDate": "1997-02-13",
    "acceptedDate": "1997-02-13 00:00:00",
    "calendarYear": "1997",
    "period": "Q1",
    "revenue": 2830600000,
    "costOfRevenue": 1805400000,
    "grossProfit": 1025200000,
    "grossProfitRatio": 0.3621846958,
    "researchAndDevelopmentExpenses": 0,
    "generalAndAdministrativeExpenses": 0,
    "sellingAndMarketingExpenses": 0,
    "sellingGeneralAndAdministrativeExpenses": 583300000,
    "otherExpenses": 0,
    "operatingExpenses": 583300000,
    "costAndExpenses": 2388700000,
    "interestIncome": 0,
    "interestExpense": 0,
    "depreciationAndAmortization": 0,
    "ebitda": 441900000,
    "ebitdaratio": 0.1561153112,
    "operatingIncome": 441900000,
    "operatingIncomeRatio": 0.1561153112,
    "totalOtherIncomeExpensesNet": -36600000,
    "incomeBeforeTax": 405300000,
    "incomeBeforeTaxRatio": 0.1431851904,
    "incomeTaxExpense": 150400000,
    "netIncome": 254900000,
    "netIncomeRatio": 0.0900515792,
    "eps": 0.28,
    "epsdiluted": 0.28,
    "weightedAverageShsOut": 894816000,
    "weightedAverageShsOutDil": 894816000,
    "link": "https://www.sec.gov/Archives/edgar/data/32604/000003260497000002/0000032604-97-000002-index.html",
    "finalLink": "https://www.sec.gov/Archives/edgar/data/32604/"
  },
  {
    "date": "1996-09-30",
    "symbol": "EMR",
    "reportedCurrency": "USD",
    "cik": "0000032604",
    "fillingDate": "1996-12-19",
    "acceptedDate": "1996-12-19 00:00:00",
    "calendarYear": "1996",
    "period": "Q4",
    "revenue": 2867500000,
    "costOfRevenue": 1833700000,
    "grossProfit": 1033800000,
    "grossProfitRatio": 0.3605231037,
    "researchAndDevelopmentExpenses": 0,
    "generalAndAdministrativeExpenses": 0,
    "sellingAndMarketingExpenses": 0,
    "sellingGeneralAndAdministrativeExpenses": 563900000,
    "otherExpenses": 0,
    "operatingExpenses": 563900000,
    "costAndExpenses": 2397600000,
    "interestIncome": 0,
    "interestExpense": 0,
    "depreciationAndAmortization": 0,
    "ebitda": 469900000,
    "ebitdaratio": 0.1638709677,
    "operatingIncome": 469900000,
    "operatingIncomeRatio": 0.1638709677,
    "totalOtherIncomeExpensesNet": -47000000,
    "incomeBeforeTax": 422900000,
    "incomeBeforeTaxRatio": 0.1474803836,
    "incomeTaxExpense": 156700000,
    "netIncome": 266200000,
    "netIncomeRatio": 0.0928334786,
    "eps": 0.3,
    "epsdiluted": 0.3,
    "weightedAverageShsOut": 895384615,
    "weightedAverageShsOutDil": 896284000,
    "link": "https://www.sec.gov/Archives/edgar/data/32604/000003260496000015/0000032604-96-000015-index.html",
    "finalLink": "https://www.sec.gov/Archives/edgar/data/32604/"
  },
  {
    "date": "1996-06-30",
    "symbol": "EMR",
    "reportedCurrency": "USD",
    "cik": "0000032604",
    "fillingDate": "1996-08-14",
    "acceptedDate": "1996-08-14 00:00:00",
    "calendarYear": "1996",
    "period": "Q3",
    "revenue": 2896800000,
    "costOfRevenue": 1859800000,
    "grossProfit": 1037000000,
    "grossProfitRatio": 0.3579812207,
    "researchAndDevelopmentExpenses": 0,
    "generalAndAdministrativeExpenses": 0,
    "sellingAndMarketingExpenses": 0,
    "sellingGeneralAndAdministrativeExpenses": 567100000,
    "otherExpenses": 0,
    "operatingExpenses": 567100000,
    "costAndExpenses": 2426900000,
    "interestIncome": 0,
    "interestExpense": 0,
    "depreciationAndAmortization": 0,
    "ebitda": 469900000,
    "ebitdaratio": 0.1622134769,
    "operatingIncome": 469900000,
    "operatingIncomeRatio": 0.1622134769,
    "totalOtherIncomeExpensesNet": -48100000,
    "incomeBeforeTax": 421800000,
    "incomeBeforeTaxRatio": 0.1456089478,
    "incomeTaxExpense": 154900000,
    "netIncome": 266900000,
    "netIncomeRatio": 0.0921361502,
    "eps": 0.3,
    "epsdiluted": 0.3,
    "weightedAverageShsOut": 889666667,
    "weightedAverageShsOutDil": 889666667,
    "link": "https://www.sec.gov/Archives/edgar/data/32604/000003260496000010/0000032604-96-000010-index.html",
    "finalLink": "https://www.sec.gov/Archives/edgar/data/32604/"
  },
  {
    "date": "1996-03-31",
    "symbol": "EMR",
    "reportedCurrency": "USD",
    "cik": "0000032604",
    "fillingDate": "1996-05-14",
    "acceptedDate": "1996-05-14 00:00:00",
    "calendarYear": "1996",
    "period": "Q2",
    "revenue": 2819800000,
    "costOfRevenue": 1821100000,
    "grossProfit": 998700000,
    "grossProfitRatio": 0.3541740549,
    "researchAndDevelopmentExpenses": 0,
    "generalAndAdministrativeExpenses": 0,
    "sellingAndMarketingExpenses": 0,
    "sellingGeneralAndAdministrativeExpenses": 544000000,
    "otherExpenses": 0,
    "operatingExpenses": 544000000,
    "costAndExpenses": 2365100000,
    "interestIncome": 0,
    "interestExpense": 0,
    "depreciationAndAmortization": 0,
    "ebitda": 454700000,
    "ebitdaratio": 0.1612525711,
    "operatingIncome": 454700000,
    "operatingIncomeRatio": 0.1612525711,
    "totalOtherIncomeExpensesNet": -52300000,
    "incomeBeforeTax": 402400000,
    "incomeBeforeTaxRatio": 0.1427051564,
    "incomeTaxExpense": 147500000,
    "netIncome": 254900000,
    "netIncomeRatio": 0.090396482,
    "eps": 0.28,
    "epsdiluted": 0.28,
    "weightedAverageShsOut": 894385965,
    "weightedAverageShsOutDil": 894385965,
    "link": "https://www.sec.gov/Archives/edgar/data/32604/000003260496000005/0000032604-96-000005-index.html",
    "finalLink": "https://www.sec.gov/Archives/edgar/data/32604/"
  },
  {
    "date": "1995-12-31",
    "symbol": "EMR",
    "reportedCurrency": "USD",
    "cik": "0000032604",
    "fillingDate": "1996-02-14",
    "acceptedDate": "1996-02-14 00:00:00",
    "calendarYear": "1996",
    "period": "Q1",
    "revenue": 2565800000,
    "costOfRevenue": 1650400000,
    "grossProfit": 915400000,
    "grossProfitRatio": 0.3567698184,
    "researchAndDevelopmentExpenses": 0,
    "generalAndAdministrativeExpenses": 0,
    "sellingAndMarketingExpenses": 0,
    "sellingGeneralAndAdministrativeExpenses": 517000000,
    "otherExpenses": 0,
    "operatingExpenses": 517000000,
    "costAndExpenses": 2167400000,
    "interestIncome": 0,
    "interestExpense": 0,
    "depreciationAndAmortization": 0,
    "ebitda": 398400000,
    "ebitdaratio": 0.1552732091,
    "operatingIncome": 398400000,
    "operatingIncomeRatio": 0.1552732091,
    "totalOtherIncomeExpensesNet": -36500000,
    "incomeBeforeTax": 361900000,
    "incomeBeforeTaxRatio": 0.1410476265,
    "incomeTaxExpense": 131400000,
    "netIncome": 230500000,
    "netIncomeRatio": 0.0898355289,
    "eps": 0.26,
    "epsdiluted": 0.26,
    "weightedAverageShsOut": 896212000,
    "weightedAverageShsOutDil": 896212000,
    "link": "https://www.sec.gov/Archives/edgar/data/32604/000003260496000003/0000032604-96-000003-index.html",
    "finalLink": "https://www.sec.gov/Archives/edgar/data/32604/"
  },
  {
    "date": "1995-09-30",
    "symbol": "EMR",
    "reportedCurrency": "USD",
    "cik": "0000032604",
    "fillingDate": "1995-12-21",
    "acceptedDate": "1995-12-21 00:00:00",
    "calendarYear": "1995",
    "period": "Q4",
    "revenue": 2584500000,
    "costOfRevenue": 1645600000,
    "grossProfit": 938900000,
    "grossProfitRatio": 0.3632810989,
    "researchAndDevelopmentExpenses": 0,
    "generalAndAdministrativeExpenses": 0,
    "sellingAndMarketingExpenses": 0,
    "sellingGeneralAndAdministrativeExpenses": 517200000,
    "otherExpenses": 0,
    "operatingExpenses": 517200000,
    "costAndExpenses": 2162800000,
    "interestIncome": 0,
    "interestExpense": 0,
    "depreciationAndAmortization": 0,
    "ebitda": 421700000,
    "ebitdaratio": 0.1631650222,
    "operatingIncome": 421700000,
    "operatingIncomeRatio": 0.1631650222,
    "totalOtherIncomeExpensesNet": -48700000,
    "incomeBeforeTax": 373000000,
    "incomeBeforeTaxRatio": 0.1443219191,
    "incomeTaxExpense": 135300000,
    "netIncome": 237700000,
    "netIncomeRatio": 0.0919713678,
    "eps": 0.27,
    "epsdiluted": 0.27,
    "weightedAverageShsOut": 894285714,
    "weightedAverageShsOutDil": 894285714,
    "link": "https://www.sec.gov/Archives/edgar/data/32604/000003260495000011/0000032604-95-000011-index.html",
    "finalLink": "https://www.sec.gov/Archives/edgar/data/32604/"
  }
]