[
  {
    "date": "2024-09-30",
    "symbol": "EMR",
    "reportedCurrency": "USD",
    "cik": "0000032604",
    "fillingDate": "2024-11-12",
    "acceptedDate": "2024-11-12 07:01:57",
    "calendarYear": "2024",
    "period": "FY",
    "revenue": 17492000000,
    "costOfRevenue": 9694000000,
    "grossProfit": 7798000000,
    "grossProfitRatio": 0.445803796,
    "researchAndDevelopmentExpenses": 781000000,
    "generalAndAdministrativeExpenses": 0,
    "sellingAndMarketingExpenses": 0,
    "sellingGeneralAndAdministrativeExpenses": 4361000000,
    "otherExpenses": 0,
    "operatingExpenses": 5142000000,
    "costAndExpenses": 14836000000,
    "interestIncome": 234000000,
    "interestExpense": 323000000,
    "depreciationAndAmortization": 1689000000,
    "ebitda": 4032000000,
    "ebitdaratio": 0.2305053739,
    "operatingIncome": 2656000000,
    "operatingIncomeRatio": 0.1518408415,
    "totalOtherIncomeExpensesNet": -636000000,
    "incomeBeforeTax": 2020000000,
    "incomeBeforeTaxRatio": 0.1154813629,
    "incomeTaxExpense": 415000000,
    "netIncome": 1968000000,
    "netIncomeRatio": 0.1125085753,
    "eps": 3.4448,
    "epsdiluted": 3.4286,
    "weightedAverageShsOut": 571300000,
    "weightedAverageShsOutDil": 574000000,
    "link": "https://www.sec.gov/Archives/edgar/data/32604/000003260424000041/0000032604-24-000041-index.htm",
    "finalLink": "https://www.sec.gov/Archives/edgar/data/32604/000003260424000041/emr-20240930.htm"
  },
  {
    "date": "2023-09-30",
    "symbol": "EMR",
    "reportedCurrency": "USD",
    "cik": "0000032604",
    "fillingDate": "2023-11-13",
    "acceptedDate": "2023-11-13 16:43:08",
    "calendarYear": "2023",
    "period": "FY",
    "revenue": 15168000000,
    "costOfRevenue": 8266000000,
    "grossProfit": 6902000000,
    "grossProfitRatio": 0.4550369198,
    "researchAndDevelopmentExpenses": 523000000,
    "generalAndAdministrativeExpenses": 0,
    "sellingAndMarketingExpenses": 0,
    "sellingGeneralAndAdministrativeExpenses": 3663000000,
    "otherExpenses": 0,
    "operatingExpenses": 4186000000,
    "costAndExpenses": 12452000000,
    "interestIncome": 268000000,
    "interestExpense": 261000000,
    "depreciationAndAmortization": 1051000000,
    "ebitda": 4038000000,
    "ebitdaratio": 0.2662183544,
    "operatingIncome": 2716000000,
    "operatingIncomeRatio": 0.1790611814,
    "totalOtherIncomeExpensesNet": 10000000,
    "incomeBeforeTax": 2726000000,
    "incomeBeforeTaxRatio": 0.1797204641,
    "incomeTaxExpense": 599000000,
    "netIncome": 2152000000,
    "netIncomeRatio": 0.1418776371,
    "eps": 3.7478,
    "epsdiluted": 3.7277,
    "weightedAverageShsOut": 574200000,
    "weightedAverageShsOutDil": 577300000,
    "link": "https://www.sec.gov/Archives/edgar/data/32604/000003260423000044/0000032604-23-000044-index.htm",
    "finalLink": "https://www.sec.gov/Archives/edgar/data/32604/000003260423000044/emr-20230930.htm"
  },
  {
    "date": "2022-09-30",
    "symbol": "EMR",
    "reportedCurrency": "USD",
    "cik": "0000032604",
    "fillingDate": "2022-11-14",
    "acceptedDate": "2022-11-14 16:50:53",
    "calendarYear": "2022",
    "period": "FY",
    "revenue": 13806000000,
    "costOfRevenue": 7877000000,
    "grossProfit": 5929000000,
    "grossProfitRatio": 0.4294509633,
    "researchAndDevelopmentExpenses": 385000000,
    "generalAndAdministrativeExpenses": 0,
    "sellingAndMarketingExpenses": 0,
    "sellingGeneralAndAdministrativeExpenses": 3229000000,
    "otherExpenses": 0,
    "operatingExpenses": 3614000000,
    "costAndExpenses": 11491000000,
    "interestIncome": 34000000,
    "interestExpense": 228000000,
    "depreciationAndAmortization": 842000000,
    "ebitda": 3502000000,
    "ebitdaratio": 0.2536578299,
    "operatingIncome": 2315000000,
    "operatingIncomeRatio": 0.1676807185,
    "totalOtherIncomeExpensesNet": 117000000,
    "incomeBeforeTax": 2432000000,
    "incomeBeforeTaxRatio": 0.1761552948,
    "incomeTaxExpense": 549000000,
    "netIncome": 2745000000,
    "netIncomeRatio": 0.1988265971,
    "eps": 4.6298,
    "epsdiluted": 4.6034,
    "weightedAverageShsOut": 592900000,
    "weightedAverageShsOutDil": 592900000,
    "link": "https://www.sec.gov/Archives/edgar/data/32604/000003260422000041/0000032604-22-000041-index.htm",
    "finalLink": "https://www.sec.gov/Archives/edgar/data/32604/000003260422000041/emr-20220930.htm"
  },
  {
    "date": "2021-09-30",
    "symbol": "EMR",
    "reportedCurrency": "USD",
    "cik": "0000032604",
    "fillingDate": "2021-11-15",
    "acceptedDate": "2021-11-15 17:02:43",
    "calendarYear": "2021",
    "period": "FY",
    "revenue": 18233000000,
    "costOfRevenue": 11014000000,
    "grossProfit": 7219000000,
    "grossProfitRatio": 0.3959304558,
    "researchAndDevelopmentExpenses": 485000000,
    "generalAndAdministrativeExpenses": 0,
    "sellingAndMarketingExpenses": 0,
    "sellingGeneralAndAdministrativeExpenses": 3694000000,
    "otherExpenses": 0,
    "operatingExpenses": 4179000000,
    "costAndExpenses": 15193000000,
    "interestIncome": 12000000,
    "interestExpense": 166000000,
    "depreciationAndAmortization": 969000000,
    "ebitda": 4047000000,
    "ebitdaratio": 0.2219601821,
    "operatingIncome": 3040000000,
    "operatingIncomeRatio": 0.1667306532,
    "totalOtherIncomeExpensesNet": -128000000,
    "incomeBeforeTax": 2912000000,
    "incomeBeforeTaxRatio": 0.1597104152,
    "incomeTaxExpense": 585000000,
    "netIncome": 2303000000,
    "netIncomeRatio": 0.1263094389,
    "eps": 3.8505,
    "epsdiluted": 3.8268,
    "weightedAverageShsOut": 598100000,
    "weightedAverageShsOutDil": 601800000,
    "link": "https://www.sec.gov/Archives/edgar/data/32604/000003260421000038/0000032604-21-000038-index.htm",
    "finalLink": "https://www.sec.gov/Archives/edgar/data/32604/000003260421000038/emr-20210930.htm"
  },
  {
    "date": "2020-09-30",
    "symbol": "EMR",
    "reportedCurrency": "USD",
    "cik": "0000032604",
    "fillingDate": "2020-11-16",
    "acceptedDate": "2020-11-16 13:16:45",
    "calendarYear": "2020",
    "period": "FY",
    "revenue": 16790000000,
    "costOfRevenue": 10011000000,
    "grossProfit": 6779000000,
    "grossProfitRatio": 0.4037522335,
    "researchAndDevelopmentExpenses": 439000000,
    "generalAndAdministrativeExpenses": 0,
    "sellingAndMarketingExpenses": 0,
    "sellingGeneralAndAdministrativeExpenses": 3547000000,
    "otherExpenses": 0,
    "operatingExpenses": 3986000000,
    "costAndExpenses": 13997000000,
    "interestIncome": 19000000,
    "interestExpense": 175000000,
    "depreciationAndAmortization": 854000000,
    "ebitda": 3364000000,
    "ebitdaratio": 0.2003573556,
    "operatingIncome": 2793000000,
    "operatingIncomeRatio": 0.1663490173,
    "totalOtherIncomeExpensesNet": -458000000,
    "incomeBeforeTax": 2335000000,
    "incomeBeforeTaxRatio": 0.1390708755,
    "incomeTaxExpense": 345000000,
    "netIncome": 1965000000,
    "netIncomeRatio": 0.1170339488,
    "eps": 3.2593,
    "epsdiluted": 3.2394,
    "weightedAverageShsOut": 602900000,
    "weightedAverageShsOutDil": 606600000,
    "link": "https://www.sec.gov/Archives/edgar/data/32604/000003260420000041/0000032604-20-000041-index.htm",
    "finalLink": "https://www.sec.gov/Archives/edgar/data/32604/000003260420000041/emr-20200930.htm"
  },
  {
    "date": "2019-09-30",
    "symbol": "EMR",
    "reportedCurrency": "USD",
    "cik": "0000032604",
    "fillingDate": "2019-11-18",
    "acceptedDate": "2019-11-18 16:01:51",
    "calendarYear": "2019",
    "period": "FY",
    "revenue": 18372000000,
    "costOfRevenue": 10784000000,
    "grossProfit": 7588000000,
    "grossProfitRatio": 0.4130198128,
    "researchAndDevelopmentExpenses": 454000000,
    "generalAndAdministrativeExpenses": 0,
    "sellingAndMarketingExpenses": 0,
    "sellingGeneralAndAdministrativeExpenses": 4003000000,
    "otherExpenses": 0,
    "operatingExpenses": 4457000000,
    "costAndExpenses": 15241000000,
    "interestIncome": 27000000,
    "interestExpense": 201000000,
    "depreciationAndAmortization": 822000000,
    "ebitda": 3882000000,
    "ebitdaratio": 0.211299804,
    "operatingIncome": 3131000000,
    "operatingIncomeRatio": 0.1704223819,
    "totalOtherIncomeExpensesNet": -272000000,
    "incomeBeforeTax": 2859000000,
    "incomeBeforeTaxRatio": 0.1556172436,
    "incomeTaxExpense": 531000000,
    "netIncome": 2306000000,
    "netIncomeRatio": 0.1255170912,
    "eps": 3.7423,
    "epsdiluted": 3.7158,
    "weightedAverageShsOut": 616200000,
    "weightedAverageShsOutDil": 620600000,
    "link": "https://www.sec.gov/Archives/edgar/data/32604/000003260419000048/0000032604-19-000048-index.htm",
    "finalLink": "https://www.sec.gov/Archives/edgar/data/32604/000003260419000048/emr-09302019x10xk.htm"
  },
  {
    "date": "2018-09-30",
    "symbol": "EMR",
    "reportedCurrency": "USD",
    "cik": "0000032604",
    "fillingDate": "2018-11-19",
    "acceptedDate": "2018-11-19 14:49:23",
    "calendarYear": "2018",
    "period": "FY",
    "revenue": 17408000000,
    "costOfRevenue": 10200000000,
    "grossProfit": 7208000000,
    "grossProfitRatio": 0.4140625,
    "researchAndDevelopmentExpenses": 436000000,
    "generalAndAdministrativeExpenses": 0,
    "sellingAndMarketingExpenses": 0,
    "sellingGeneralAndAdministrativeExpenses": 3833000000,
    "otherExpenses": 0,
    "operatingExpenses": 4269000000,
    "costAndExpenses": 14469000000,
    "interestIncome": 43000000,
    "interestExpense": 202000000,
    "depreciationAndAmortization": 758000000,
    "ebitda": 3627000000,
    "ebitdaratio": 0.2083524816,
    "operatingIncome": 2939000000,
    "operatingIncomeRatio": 0.1688304228,
    "totalOtherIncomeExpensesNet": -272000000,
    "incomeBeforeTax": 2667000000,
    "incomeBeforeTaxRatio": 0.1532054228,
    "incomeTaxExpense": 443000000,
    "netIncome": 2203000000,
    "netIncomeRatio": 0.126551011,
    "eps": 3.4858,
    "epsdiluted": 3.4676,
    "weightedAverageShsOut": 632000000,
    "weightedAverageShsOutDil": 635300000,
    "link": "https://www.sec.gov/Archives/edgar/data/32604/000003260418000044/0000032604-18-000044-index.htm",
    "finalLink": "https://www.sec.gov/Archives/edgar/data/32604/000003260418000044/emr-09302018x10xk.htm"
  },
  {
    "date": "2017-09-30",
    "symbol": "EMR",
    "reportedCurrency": "USD",
    "cik": "0000032604",
    "fillingDate": "2017-11-20",
    "acceptedDate": "2017-11-20 13:57:46",
    "calendarYear": "2017",
    "period": "FY",
    "revenue": 15264000000,
    "costOfRevenue": 9006000000,
    "grossProfit": 6258000000,
    "grossProfitRatio": 0.4099842767,
    "researchAndDevelopmentExpenses": 340000000,
    "generalAndAdministrativeExpenses": 0,
    "sellingAndMarketingExpenses": 0,
    "sellingGeneralAndAdministrativeExpenses": 3278000000,
    "otherExpenses": 0,
    "operatingExpenses": 3618000000,
    "costAndExpenses": 12624000000,
    "interestIncome": 36000000,
    "interestExpense": 201000000,
    "depreciationAndAmortization": 636000000,
    "ebitda": 3172000000,
    "ebitdaratio": 0.2078092243,
    "operatingIncome": 2640000000,
    "operatingIncomeRatio": 0.1729559748,
    "totalOtherIncomeExpensesNet": -305000000,
    "incomeBeforeTax": 2335000000,
    "incomeBeforeTaxRatio": 0.1529743187,
    "incomeTaxExpense": 660000000,
    "netIncome": 1518000000,
    "netIncomeRatio": 0.0994496855,
    "eps": 2.3641,
    "epsdiluted": 2.3593,
    "weightedAverageShsOut": 642100000,
    "weightedAverageShsOutDil": 643400000,
    "link": "https://www.sec.gov/Archives/edgar/data/32604/000003260417000046/0000032604-17-000046-index.htm",
    "finalLink": "https://www.sec.gov/Archives/edgar/data/32604/000003260417000046/emr-09302017x10xk.htm"
  },
  {
    "date": "2016-09-30",
    "symbol": "EMR",
    "reportedCurrency": "USD",
    "cik": "0000032604",
    "fillingDate": "2016-11-16",
    "acceptedDate": "2016-11-16 17:15:14",
    "calendarYear": "2016",
    "period": "FY",
    "revenue": 14522000000,
    "costOfRevenue": 8309000000,
    "grossProfit": 6213000000,
    "grossProfitRatio": 0.4278336317,
    "researchAndDevelopmentExpenses": 320000000,
    "generalAndAdministrativeExpenses": 0,
    "sellingAndMarketingExpenses": 0,
    "sellingGeneralAndAdministrativeExpenses": 3144000000,
    "otherExpenses": 0,
    "operatingExpenses": 3464000000,
    "costAndExpenses": 11773000000,
    "interestIncome": 27000000,
    "interestExpense": 215000000,
    "depreciationAndAmortization": 568000000,
    "ebitda": 3099000000,
    "ebitdaratio": 0.2134003581,
    "operatingIncome": 2749000000,
    "operatingIncomeRatio": 0.1892989946,
    "totalOtherIncomeExpensesNet": -433000000,
    "incomeBeforeTax": 2316000000,
    "incomeBeforeTaxRatio": 0.159482165,
    "incomeTaxExpense": 697000000,
    "netIncome": 1635000000,
    "netIncomeRatio": 0.1125877978,
    "eps": 2.5388,
    "epsdiluted": 2.5278,
    "weightedAverageShsOut": 644000000,
    "weightedAverageShsOutDil": 646800000,
    "link": "https://www.sec.gov/Archives/edgar/data/32604/000003260416000105/0000032604-16-000105-index.htm",
    "finalLink": "https://www.sec.gov/Archives/edgar/data/32604/000003260416000105/emr930201610-k.htm"
  },
  {
    "date": "2015-09-30",
    "symbol": "EMR",
    "reportedCurrency": "USD",
    "cik": "0000032604",
    "fillingDate": "2015-11-18",
    "acceptedDate": "2015-11-18 17:24:04",
    "calendarYear": "2015",
    "period": "FY",
    "revenue": 16249000000,
    "costOfRevenue": 9311000000,
    "grossProfit": 6938000000,
    "grossProfitRatio": 0.4269801219,
    "researchAndDevelopmentExpenses": 336000000,
    "generalAndAdministrativeExpenses": 0,
    "sellingAndMarketingExpenses": 0,
    "sellingGeneralAndAdministrativeExpenses": 3399000000,
    "otherExpenses": 0,
    "operatingExpenses": 3735000000,
    "costAndExpenses": 13046000000,
    "interestIncome": 23000000,
    "interestExpense": 198000000,
    "depreciationAndAmortization": 573000000,
    "ebitda": 4578000000,
    "ebitdaratio": 0.2817404148,
    "operatingIncome": 3203000000,
    "operatingIncomeRatio": 0.1971198228,
    "totalOtherIncomeExpensesNet": 604000000,
    "incomeBeforeTax": 3807000000,
    "incomeBeforeTaxRatio": 0.234291341,
    "incomeTaxExpense": 1267000000,
    "netIncome": 2710000000,
    "netIncomeRatio": 0.1667794941,
    "eps": 4.0249,
    "epsdiluted": 4.0059,
    "weightedAverageShsOut": 673300000,
    "weightedAverageShsOutDil": 676500000,
    "link": "https://www.sec.gov/Archives/edgar/data/32604/000003260415000051/0000032604-15-000051-index.htm",
    "finalLink": "https://www.sec.gov/Archives/edgar/data/32604/000003260415000051/emr930201510-k.htm"
  },
  {
    "date": "2014-09-30",
    "symbol": "EMR",
    "reportedCurrency": "USD",
    "cik": "0000032604",
    "fillingDate": "2014-11-19",
    "acceptedDate": "2014-11-19 14:26:00",
    "calendarYear": "2014",
    "period": "FY",
    "revenue": 24537000000,
    "costOfRevenue": 14592000000,
    "grossProfit": 9945000000,
    "grossProfitRatio": 0.4053062722,
    "researchAndDevelopmentExpenses": 541000000,
    "generalAndAdministrativeExpenses": 0,
    "sellingAndMarketingExpenses": 0,
    "sellingGeneralAndAdministrativeExpenses": 5174000000,
    "otherExpenses": 0,
    "operatingExpenses": 5715000000,
    "costAndExpenses": 20307000000,
    "interestIncome": 24000000,
    "interestExpense": 218000000,
    "depreciationAndAmortization": 831000000,
    "ebitda": 4397000000,
    "ebitdaratio": 0.1791987611,
    "operatingIncome": 4230000000,
    "operatingIncomeRatio": 0.172392713,
    "totalOtherIncomeExpensesNet": -882000000,
    "incomeBeforeTax": 3348000000,
    "incomeBeforeTaxRatio": 0.1364469984,
    "incomeTaxExpense": 1164000000,
    "netIncome": 2147000000,
    "netIncomeRatio": 0.0875005094,
    "eps": 3.0663,
    "epsdiluted": 3.0493,
    "weightedAverageShsOut": 700200000,
    "weightedAverageShsOutDil": 704100000,
    "link": "https://www.sec.gov/Archives/edgar/data/32604/000003260414000048/0000032604-14-000048-index.htm",
    "finalLink": "https://www.sec.gov/Archives/edgar/data/32604/000003260414000048/emr930201410-k.htm"
  },
  {
    "date": "2013-09-30",
    "symbol": "EMR",
    "reportedCurrency": "USD",
    "cik": "0000032604",
    "fillingDate": "2013-11-19",
    "acceptedDate": "2013-11-19 12:06:10",
    "calendarYear": "2013",
    "period": "FY",
    "revenue": 24669000000,
    "costOfRevenue": 14922000000,
    "grossProfit": 9747000000,
    "grossProfitRatio": 0.3951112733,
    "researchAndDevelopmentExpenses": 576000000,
    "generalAndAdministrativeExpenses": 0,
    "sellingAndMarketingExpenses": 0,
    "sellingGeneralAndAdministrativeExpenses": 5072000000,
    "otherExpenses": 0,
    "operatingExpenses": 5648000000,
    "costAndExpenses": 20570000000,
    "interestIncome": 16000000,
    "interestExpense": 234000000,
    "depreciationAndAmortization": 819000000,
    "ebitda": 4249000000,
    "ebitdaratio": 0.1722404637,
    "operatingIncome": 4099000000,
    "operatingIncomeRatio": 0.1661599578,
    "totalOtherIncomeExpensesNet": -903000000,
    "incomeBeforeTax": 3196000000,
    "incomeBeforeTaxRatio": 0.1295553123,
    "incomeTaxExpense": 1130000000,
    "netIncome": 2004000000,
    "netIncomeRatio": 0.0812355588,
    "eps": 2.7922,
    "epsdiluted": 2.7722,
    "weightedAverageShsOut": 717700000,
    "weightedAverageShsOutDil": 722900000,
    "link": "https://www.sec.gov/Archives/edgar/data/32604/000003260413000044/0000032604-13-000044-index.htm",
    "finalLink": "https://www.sec.gov/Archives/edgar/data/32604/000003260413000044/emr930201310-k.htm"
  },
  {
    "date": "2012-09-30",
    "symbol": "EMR",
    "reportedCurrency": "USD",
    "cik": "0000032604",
    "fillingDate": "2012-11-20",
    "acceptedDate": "2012-11-20 11:55:46",
    "calendarYear": "2012",
    "period": "FY",
    "revenue": 24409000000,
    "costOfRevenue": 14848000000,
    "grossProfit": 9561000000,
    "grossProfitRatio": 0.3916997829,
    "researchAndDevelopmentExpenses": 547000000,
    "generalAndAdministrativeExpenses": 0,
    "sellingAndMarketingExpenses": 0,
    "sellingGeneralAndAdministrativeExpenses": 4889000000,
    "otherExpenses": 0,
    "operatingExpenses": 5436000000,
    "costAndExpenses": 20284000000,
    "interestIncome": 17000000,
    "interestExpense": 241000000,
    "depreciationAndAmortization": 823000000,
    "ebitda": 4179000000,
    "ebitdaratio": 0.1712073416,
    "operatingIncome": 4125000000,
    "operatingIncomeRatio": 0.1689950428,
    "totalOtherIncomeExpensesNet": -1010000000,
    "incomeBeforeTax": 3115000000,
    "incomeBeforeTaxRatio": 0.1276168626,
    "incomeTaxExpense": 1091000000,
    "netIncome": 1968000000,
    "netIncomeRatio": 0.0806259986,
    "eps": 2.6937,
    "epsdiluted": 2.679,
    "weightedAverageShsOut": 730600000,
    "weightedAverageShsOutDil": 734600000,
    "link": "https://www.sec.gov/Archives/edgar/data/32604/000003260412000012/0000032604-12-000012-index.htm",
    "finalLink": "https://www.sec.gov/Archives/edgar/data/32604/000003260412000012/emr930201210-k.htm"
  },
  {
    "date": "2011-09-30",
    "symbol": "EMR",
    "reportedCurrency": "USD",
    "cik": "0000032604",
    "fillingDate": "2011-11-22",
    "acceptedDate": "2011-11-21 21:41:04",
    "calendarYear": "2011",
    "period": "FY",
    "revenue": 24211000000,
    "costOfRevenue": 14999000000,
    "grossProfit": 9212000000,
    "grossProfitRatio": 0.3804882078,
    "researchAndDevelopmentExpenses": 555000000,
    "generalAndAdministrativeExpenses": 0,
    "sellingAndMarketingExpenses": 0,
    "sellingGeneralAndAdministrativeExpenses": 4773000000,
    "otherExpenses": 0,
    "operatingExpenses": 5328000000,
    "costAndExpenses": 20327000000,
    "interestIncome": 23000000,
    "interestExpense": 246000000,
    "depreciationAndAmortization": 867000000,
    "ebitda": 4744000000,
    "ebitdaratio": 0.1959439924,
    "operatingIncome": 3884000000,
    "operatingIncomeRatio": 0.1604229482,
    "totalOtherIncomeExpensesNet": -253000000,
    "incomeBeforeTax": 3631000000,
    "incomeBeforeTaxRatio": 0.1499731527,
    "incomeTaxExpense": 1127000000,
    "netIncome": 2480000000,
    "netIncomeRatio": 0.1024327785,
    "eps": 3.3133,
    "epsdiluted": 3.2913,
    "weightedAverageShsOut": 748500000,
    "weightedAverageShsOutDil": 753500000,
    "link": "https://www.sec.gov/Archives/edgar/data/32604/000114420411066373/0001144204-11-066373-index.htm",
    "finalLink": "https://www.sec.gov/Archives/edgar/data/32604/000114420411066373/v236587_10k.htm"
  },
  {
    "date": "2010-09-30",
    "symbol": "EMR",
    "reportedCurrency": "USD",
    "cik": "0000032604",
    "fillingDate": "2010-11-23",
    "acceptedDate": "2010-11-23 17:12:24",
    "calendarYear": "2010",
    "period": "FY",
    "revenue": 21044000000,
    "costOfRevenue": 12937000000,
    "grossProfit": 8107000000,
    "grossProfitRatio": 0.3852404486,
    "researchAndDevelopmentExpenses": 473000000,
    "generalAndAdministrativeExpenses": 0,
    "sellingAndMarketingExpenses": 0,
    "sellingGeneralAndAdministrativeExpenses": 4344000000,
    "otherExpenses": 0,
    "operatingExpenses": 4817000000,
    "costAndExpenses": 17754000000,
    "interestIncome": 19000000,
    "interestExpense": 280000000,
    "depreciationAndAmortization": 816000000,
    "ebitda": 3975000000,
    "ebitdaratio": 0.1888899449,
    "operatingIncome": 3290000000,
    "operatingIncomeRatio": 0.156339099,
    "totalOtherIncomeExpensesNet": -411000000,
    "incomeBeforeTax": 2879000000,
    "incomeBeforeTaxRatio": 0.1368085915,
    "incomeTaxExpense": 848000000,
    "netIncome": 2164000000,
    "netIncomeRatio": 0.1028321612,
    "eps": 2.8826,
    "epsdiluted": 2.8586,
    "weightedAverageShsOut": 750700000,
    "weightedAverageShsOutDil": 757000000,
    "link": "https://www.sec.gov/Archives/edgar/data/32604/000114420410063258/0001144204-10-063258-index.htm",
    "finalLink": "https://www.sec.gov/Archives/edgar/data/32604/000114420410063258/v203504_10k.htm"
  },
  {
    "date": "2009-09-30",
    "symbol": "EMR",
    "reportedCurrency": "USD",
    "cik": "0000032604",
    "fillingDate": "2009-11-23",
    "acceptedDate": "2009-11-23 16:52:34",
    "calendarYear": "2009",
    "period": "FY",
    "revenue": 20939000000,
    "costOfRevenue": 13185000000,
    "grossProfit": 7754000000,
    "grossProfitRatio": 0.3703137686,
    "researchAndDevelopmentExpenses": 460000000,
    "generalAndAdministrativeExpenses": 0,
    "sellingAndMarketingExpenses": 0,
    "sellingGeneralAndAdministrativeExpenses": 4072000000,
    "otherExpenses": 0,
    "operatingExpenses": 4532000000,
    "costAndExpenses": 17717000000,
    "interestIncome": 24000000,
    "interestExpense": 244000000,
    "depreciationAndAmortization": 727000000,
    "ebitda": 3388000000,
    "ebitdaratio": 0.1618033335,
    "operatingIncome": 3222000000,
    "operatingIncomeRatio": 0.1538755432,
    "totalOtherIncomeExpensesNet": -805000000,
    "incomeBeforeTax": 2417000000,
    "incomeBeforeTaxRatio": 0.1154305363,
    "incomeTaxExpense": 693000000,
    "netIncome": 1724000000,
    "netIncomeRatio": 0.0823343999,
    "eps": 2.29,
    "epsdiluted": 2.27,
    "weightedAverageShsOut": 753700000,
    "weightedAverageShsOutDil": 758700000,
    "link": "https://www.sec.gov/Archives/edgar/data/32604/000114420409061535/0001144204-09-061535-index.htm",
    "finalLink": "https://www.sec.gov/Archives/edgar/data/32604/000114420409061535/v166921_10k.htm"
  },
  {
    "date": "2008-09-30",
    "symbol": "EMR",
    "reportedCurrency": "USD",
    "cik": "0000032604",
    "fillingDate": "2008-11-25",
    "acceptedDate": "2008-11-24 18:41:32",
    "calendarYear": "2008",
    "period": "FY",
    "revenue": 24807000000,
    "costOfRevenue": 15749000000,
    "grossProfit": 9058000000,
    "grossProfitRatio": 0.3651388721,
    "researchAndDevelopmentExpenses": 458000000,
    "generalAndAdministrativeExpenses": 0,
    "sellingAndMarketingExpenses": 0,
    "sellingGeneralAndAdministrativeExpenses": 4599000000,
    "otherExpenses": 0,
    "operatingExpenses": 5057000000,
    "costAndExpenses": 20806000000,
    "interestIncome": 56000000,
    "interestExpense": 244000000,
    "depreciationAndAmortization": 707000000,
    "ebitda": 4542000000,
    "ebitdaratio": 0.1830934817,
    "operatingIncome": 4001000000,
    "operatingIncomeRatio": 0.1612851211,
    "totalOtherIncomeExpensesNet": -410000000,
    "incomeBeforeTax": 3591000000,
    "incomeBeforeTaxRatio": 0.1447575281,
    "incomeTaxExpense": 1137000000,
    "netIncome": 2412000000,
    "netIncomeRatio": 0.0972306204,
    "eps": 3.09,
    "epsdiluted": 3.06,
    "weightedAverageShsOut": 780300000,
    "weightedAverageShsOutDil": 789400000,
    "link": "https://www.sec.gov/Archives/edgar/data/32604/000114420408066523/0001144204-08-066523-index.htm",
    "finalLink": "https://www.sec.gov/Archives/edgar/data/32604/000114420408066523/v132847_10k.htm"
  },
  {
    "date": "2007-09-30",
    "symbol": "EMR",
    "reportedCurrency": "USD",
    "cik": "0000032604",
    "fillingDate": "2007-11-19",
    "acceptedDate": "2007-11-19 15:34:09",
    "calendarYear": "2007",
    "period": "FY",
    "revenue": 22131000000,
    "costOfRevenue": 14129000000,
    "grossProfit": 8002000000,
    "grossProfitRatio": 0.3615742623,
    "researchAndDevelopmentExpenses": 397000000,
    "generalAndAdministrativeExpenses": 0,
    "sellingAndMarketingExpenses": 0,
    "sellingGeneralAndAdministrativeExpenses": 4172000000,
    "otherExpenses": 0,
    "operatingExpenses": 4569000000,
    "costAndExpenses": 18698000000,
    "interestIncome": 228000000,
    "interestExpense": 456000000,
    "depreciationAndAmortization": 656000000,
    "ebitda": 4205000000,
    "ebitdaratio": 0.1900049704,
    "operatingIncome": 3433000000,
    "operatingIncomeRatio": 0.1551217749,
    "totalOtherIncomeExpensesNet": -340000000,
    "incomeBeforeTax": 3093000000,
    "incomeBeforeTaxRatio": 0.1397587095,
    "incomeTaxExpense": 964000000,
    "netIncome": 2136000000,
    "netIncomeRatio": 0.096516199,
    "eps": 2.69,
    "epsdiluted": 2.66,
    "weightedAverageShsOut": 793800000,
    "weightedAverageShsOutDil": 803900000,
    "link": "https://www.sec.gov/Archives/edgar/data/32604/000114420407063041/0001144204-07-063041-index.htm",
    "finalLink": "https://www.sec.gov/Archives/edgar/data/32604/000114420407063041/v094142_10k.htm"
  },
  {
    "date": "2006-09-30",
    "symbol": "EMR",
    "reportedCurrency": "USD",
    "cik": "0000032604",
    "fillingDate": "2006-11-21",
    "acceptedDate": "2006-11-20 17:35:15",
    "calendarYear": "2006",
    "period": "FY",
    "revenue": 20133000000,
    "costOfRevenue": 13012000000,
    "grossProfit": 7121000000,
    "grossProfitRatio": 0.3536979089,
    "researchAndDevelopmentExpenses": 356000000,
    "generalAndAdministrativeExpenses": 0,
    "sellingAndMarketingExpenses": 0,
    "sellingGeneralAndAdministrativeExpenses": 3743000000,
    "otherExpenses": 0,
    "operatingExpenses": 4099000000,
    "costAndExpenses": 17111000000,
    "interestIncome": 18000000,
    "interestExpense": 225000000,
    "depreciationAndAmortization": 607000000,
    "ebitda": 3516000000,
    "ebitdaratio": 0.174638653,
    "operatingIncome": 3022000000,
    "operatingIncomeRatio": 0.1501018229,
    "totalOtherIncomeExpensesNet": -338000000,
    "incomeBeforeTax": 2684000000,
    "incomeBeforeTaxRatio": 0.1333134655,
    "incomeTaxExpense": 839000000,
    "netIncome": 1845000000,
    "netIncomeRatio": 0.0916405901,
    "eps": 2.26,
    "epsdiluted": 2.24,
    "weightedAverageShsOut": 816371681,
    "weightedAverageShsOutDil": 823660714,
    "link": "https://www.sec.gov/Archives/edgar/data/32604/000119312506239412/0001193125-06-239412-index.htm",
    "finalLink": "https://www.sec.gov/Archives/edgar/data/32604/000119312506239412/d10k.htm"
  },
  {
    "date": "2005-09-30",
    "symbol": "EMR",
    "reportedCurrency": "USD",
    "cik": "0000032604",
    "fillingDate": "2005-11-22",
    "acceptedDate": "2005-11-22 11:23:20",
    "calendarYear": "2005",
    "period": "FY",
    "revenue": 17305000000,
    "costOfRevenue": 11150000000,
    "grossProfit": 6155000000,
    "grossProfitRatio": 0.3556775498,
    "researchAndDevelopmentExpenses": 303000000,
    "generalAndAdministrativeExpenses": 0,
    "sellingAndMarketingExpenses": 0,
    "sellingGeneralAndAdministrativeExpenses": 3292000000,
    "otherExpenses": 0,
    "operatingExpenses": 3595000000,
    "costAndExpenses": 14745000000,
    "interestIncome": 34000000,
    "interestExpense": 243000000,
    "depreciationAndAmortization": 562000000,
    "ebitda": 2954000000,
    "ebitdaratio": 0.1707021092,
    "operatingIncome": 2560000000,
    "operatingIncomeRatio": 0.1479341231,
    "totalOtherIncomeExpensesNet": -411000000,
    "incomeBeforeTax": 2149000000,
    "incomeBeforeTaxRatio": 0.1241837619,
    "incomeTaxExpense": 727000000,
    "netIncome": 1422000000,
    "netIncomeRatio": 0.0821727824,
    "eps": 1.715,
    "epsdiluted": 1.6973,
    "weightedAverageShsOut": 829154519,
    "weightedAverageShsOutDil": 836470588,
    "link": "https://www.sec.gov/Archives/edgar/data/32604/000119312505230745/0001193125-05-230745-index.htm",
    "finalLink": "https://www.sec.gov/Archives/edgar/data/32604/000119312505230745/d10k.htm"
  },
  {
    "date": "2004-09-30",
    "symbol": "EMR",
    "reportedCurrency": "USD",
    "cik": "0000032604",
    "fillingDate": "2004-11-18",
    "acceptedDate": "2004-11-18 16:42:56",
    "calendarYear": "2004",
    "period": "FY",
    "revenue": 15615000000,
    "costOfRevenue": 10070000000,
    "grossProfit": 5545000000,
    "grossProfitRatio": 0.3551072687,
    "researchAndDevelopmentExpenses": 486000000,
    "generalAndAdministrativeExpenses": 0,
    "sellingAndMarketingExpenses": 0,
    "sellingGeneralAndAdministrativeExpenses": 2795000000,
    "otherExpenses": -226000000,
    "operatingExpenses": 3507000000,
    "costAndExpenses": 13577000000,
    "interestIncome": 24000000,
    "interestExpense": 234000000,
    "depreciationAndAmortization": 557000000,
    "ebitda": 2643000000,
    "ebitdaratio": 0.1692603266,
    "operatingIncome": 2038000000,
    "operatingIncomeRatio": 0.1305155299,
    "totalOtherIncomeExpensesNet": -186000000,
    "incomeBeforeTax": 1852000000,
    "incomeBeforeTaxRatio": 0.1186039065,
    "incomeTaxExpense": 595000000,
    "netIncome": 1257000000,
    "netIncomeRatio": 0.0804995197,
    "eps": 1.5,
    "epsdiluted": 1.49,
    "weightedAverageShsOut": 838000000,
    "weightedAverageShsOutDil": 843624161,
    "link": "https://www.sec.gov/Archives/edgar/data/32604/000003260404000033/0000032604-04-000033-index.htm",
    "finalLink": "https://www.sec.gov/Archives/edgar/data/32604/000003260404000033/form10kemerson2004.htm"
  },
  {
    "date": "2003-09-30",
    "symbol": "EMR",
    "reportedCurrency": "USD",
    "cik": "0000032604",
    "fillingDate": "2003-09-30",
    "acceptedDate": "2003-09-30 00:00:00",
    "calendarYear": "2003",
    "period": "FY",
    "revenue": 13958000000,
    "costOfRevenue": 9060000000,
    "grossProfit": 4898000000,
    "grossProfitRatio": 0.3509098725,
    "researchAndDevelopmentExpenses": 0,
    "generalAndAdministrativeExpenses": 0,
    "sellingAndMarketingExpenses": 0,
    "sellingGeneralAndAdministrativeExpenses": 2935000000,
    "otherExpenses": 0,
    "operatingExpenses": 2935000000,
    "costAndExpenses": 11995000000,
    "interestIncome": 0,
    "interestExpense": 0,
    "depreciationAndAmortization": 534000000,
    "ebitda": 2497000000,
    "ebitdaratio": 0.1788938243,
    "operatingIncome": 1963000000,
    "operatingIncomeRatio": 0.1406361943,
    "totalOtherIncomeExpensesNet": -549000000,
    "incomeBeforeTax": 1414000000,
    "incomeBeforeTaxRatio": 0.1013039117,
    "incomeTaxExpense": 401000000,
    "netIncome": 1089000000,
    "netIncomeRatio": 0.0780197736,
    "eps": 1.3,
    "epsdiluted": 1.3,
    "weightedAverageShsOut": 837692308,
    "weightedAverageShsOutDil": 840926641,
    "link": null,
    "finalLink": null
  },
  {
    "date": "2002-09-30",
    "symbol": "EMR",
    "reportedCurrency": "USD",
    "cik": "0000032604",
    "fillingDate": "2002-12-23",
    "acceptedDate": "2002-12-23 17:00:21",
    "calendarYear": "2002",
    "period": "FY",
    "revenue": 13824000000,
    "costOfRevenue": 9000000000,
    "grossProfit": 4824000000,
    "grossProfitRatio": 0.3489583333,
    "researchAndDevelopmentExpenses": 0,
    "generalAndAdministrativeExpenses": 0,
    "sellingAndMarketingExpenses": 0,
    "sellingGeneralAndAdministrativeExpenses": 2904000000,
    "otherExpenses": 46000000,
    "operatingExpenses": 2950000000,
    "costAndExpenses": 11950000000,
    "interestIncome": 0,
    "interestExpense": 0,
    "depreciationAndAmortization": 541000000,
    "ebitda": 2446000000,
    "ebitdaratio": 0.1769386574,
    "operatingIncome": 1905000000,
    "operatingIncomeRatio": 0.1378038194,
    "totalOtherIncomeExpensesNet": -315000000,
    "incomeBeforeTax": 1590000000,
    "incomeBeforeTaxRatio": 0.1150173611,
    "incomeTaxExpense": 514000000,
    "netIncome": 122000000,
    "netIncomeRatio": 0.0088252315,
    "eps": 0.14,
    "epsdiluted": 0.14,
    "weightedAverageShsOut": 841379310,
    "weightedAverageShsOutDil": 841379310,
    "link": "https://www.sec.gov/Archives/edgar/data/32604/000003260402000022/0000032604-02-000022-index.htm",
    "finalLink": "https://www.sec.gov/Archives/edgar/data/32604/000003260402000022/ye02-10k.htm"
  },
  {
    "date": "2001-09-30",
    "symbol": "EMR",
    "reportedCurrency": "USD",
    "cik": "0000032604",
    "fillingDate": "2001-12-21",
    "acceptedDate": "2001-12-21 00:00:00",
    "calendarYear": "2001",
    "period": "FY",
    "revenue": 15479600000,
    "costOfRevenue": 10118500000,
    "grossProfit": 5361100000,
    "grossProfitRatio": 0.3463332386,
    "researchAndDevelopmentExpenses": 0,
    "generalAndAdministrativeExpenses": 0,
    "sellingAndMarketingExpenses": 0,
    "sellingGeneralAndAdministrativeExpenses": 3051000000,
    "otherExpenses": 721500000,
    "operatingExpenses": 3772500000,
    "costAndExpenses": 13891000000,
    "interestIncome": 0,
    "interestExpense": 0,
    "depreciationAndAmortization": 708500000,
    "ebitda": 2982000000,
    "ebitdaratio": 0.1926406367,
    "operatingIncome": 2273000000,
    "operatingIncomeRatio": 0.1468384196,
    "totalOtherIncomeExpensesNet": -659000000,
    "incomeBeforeTax": 1614000000,
    "incomeBeforeTaxRatio": 0.1042662601,
    "incomeTaxExpense": 556800000,
    "netIncome": 1031800000,
    "netIncomeRatio": 0.0666554691,
    "eps": 1.22,
    "epsdiluted": 1.2,
    "weightedAverageShsOut": 850800000,
    "weightedAverageShsOutDil": 859000000,
    "link": "https://www.sec.gov/Archives/edgar/data/32604/000003260401500032/0000032604-01-500032-index.htm",
    "finalLink": "https://www.sec.gov/Archives/edgar/data/32604/000003260401500032/ye0110k.htm"
  },
  {
    "date": "2000-09-30",
    "symbol": "EMR",
    "reportedCurrency": "USD",
    "cik": "0000032604",
    "fillingDate": "2000-12-22",
    "acceptedDate": "2000-12-22 00:00:00",
    "calendarYear": "2000",
    "period": "FY",
    "revenue": 15544800000,
    "costOfRevenue": 10016000000,
    "grossProfit": 5528800000,
    "grossProfitRatio": 0.3556687767,
    "researchAndDevelopmentExpenses": 0,
    "generalAndAdministrativeExpenses": 0,
    "sellingAndMarketingExpenses": 0,
    "sellingGeneralAndAdministrativeExpenses": 2987900000,
    "otherExpenses": 0,
    "operatingExpenses": 2987900000,
    "costAndExpenses": 13003900000,
    "interestIncome": 0,
    "interestExpense": 0,
    "depreciationAndAmortization": 678500000,
    "ebitda": 3219400000,
    "ebitdaratio": 0.2071046266,
    "operatingIncome": 2540900000,
    "operatingIncomeRatio": 0.16345659,
    "totalOtherIncomeExpensesNet": -362600000,
    "incomeBeforeTax": 2178300000,
    "incomeBeforeTaxRatio": 0.1401304616,
    "incomeTaxExpense": 755900000,
    "netIncome": 1422400000,
    "netIncomeRatio": 0.091503268,
    "eps": 1.67,
    "epsdiluted": 1.65,
    "weightedAverageShsOut": 854800000,
    "weightedAverageShsOutDil": 862800000,
    "link": "https://www.sec.gov/Archives/edgar/data/32604/000003260400000030/0000032604-00-000030-index.htm",
    "finalLink": "https://www.sec.gov/Archives/edgar/data/32604/000003260400000030/0000032604-00-000030-0001.txt"
  },
  {
    "date": "1999-09-30",
    "symbol": "EMR",
    "reportedCurrency": "USD",
    "cik": "0000032604",
    "fillingDate": "1999-12-20",
    "acceptedDate": "1999-12-20 00:00:00",
    "calendarYear": "1999",
    "period": "FY",
    "revenue": 14269500000,
    "costOfRevenue": 9193800000,
    "grossProfit": 5075700000,
    "grossProfitRatio": 0.3557027226,
    "researchAndDevelopmentExpenses": 0,
    "generalAndAdministrativeExpenses": 0,
    "sellingAndMarketingExpenses": 0,
    "sellingGeneralAndAdministrativeExpenses": 2770200000,
    "otherExpenses": 0,
    "operatingExpenses": 2770200000,
    "costAndExpenses": 11964000000,
    "interestIncome": 0,
    "interestExpense": 0,
    "depreciationAndAmortization": 637500000,
    "ebitda": 2943000000,
    "ebitdaratio": 0.206244087,
    "operatingIncome": 2305500000,
    "operatingIncomeRatio": 0.1615683801,
    "totalOtherIncomeExpensesNet": -284600000,
    "incomeBeforeTax": 2020900000,
    "incomeBeforeTaxRatio": 0.1416237429,
    "incomeTaxExpense": 707300000,
    "netIncome": 1313600000,
    "netIncomeRatio": 0.0920564841,
    "eps": 1.52,
    "epsdiluted": 1.5,
    "weightedAverageShsOut": 867062706,
    "weightedAverageShsOutDil": 875733333,
    "link": "https://www.sec.gov/Archives/edgar/data/32604/000003260499000014/0000032604-99-000014-index.html",
    "finalLink": "https://www.sec.gov/Archives/edgar/data/32604/000003260499000014/"
  },
  {
    "date": "1998-09-30",
    "symbol": "EMR",
    "reportedCurrency": "USD",
    "cik": "0000032604",
    "fillingDate": "1998-12-23",
    "acceptedDate": "1998-12-23 00:00:00",
    "calendarYear": "1998",
    "period": "FY",
    "revenue": 13447200000,
    "costOfRevenue": 8595600000,
    "grossProfit": 4851600000,
    "grossProfitRatio": 0.3607888631,
    "researchAndDevelopmentExpenses": 0,
    "generalAndAdministrativeExpenses": 0,
    "sellingAndMarketingExpenses": 0,
    "sellingGeneralAndAdministrativeExpenses": 2676700000,
    "otherExpenses": 0,
    "operatingExpenses": 2676700000,
    "costAndExpenses": 11272300000,
    "interestIncome": 0,
    "interestExpense": 0,
    "depreciationAndAmortization": 562500000,
    "ebitda": 2737400000,
    "ebitdaratio": 0.2035665417,
    "operatingIncome": 2174900000,
    "operatingIncomeRatio": 0.1617362722,
    "totalOtherIncomeExpensesNet": -251400000,
    "incomeBeforeTax": 1923500000,
    "incomeBeforeTaxRatio": 0.1430409305,
    "incomeTaxExpense": 694900000,
    "netIncome": 1228600000,
    "netIncomeRatio": 0.0913647451,
    "eps": 1.4,
    "epsdiluted": 1.39,
    "weightedAverageShsOut": 877571429,
    "weightedAverageShsOutDil": 887075812,
    "link": "https://www.sec.gov/Archives/edgar/data/32604/000003260498000016/0000032604-98-000016-index.html",
    "finalLink": "https://www.sec.gov/Archives/edgar/data/32604/"
  },
  {
    "date": "1997-09-30",
    "symbol": "EMR",
    "reportedCurrency": "USD",
    "cik": "0000032604",
    "fillingDate": "1997-12-19",
    "acceptedDate": "1997-12-19 00:00:00",
    "calendarYear": "1997",
    "period": "FY",
    "revenue": 12298600000,
    "costOfRevenue": 7865600000,
    "grossProfit": 4433000000,
    "grossProfitRatio": 0.3604475306,
    "researchAndDevelopmentExpenses": 0,
    "generalAndAdministrativeExpenses": 0,
    "sellingAndMarketingExpenses": 0,
    "sellingGeneralAndAdministrativeExpenses": 2450900000,
    "otherExpenses": 0,
    "operatingExpenses": 2450900000,
    "costAndExpenses": 10316500000,
    "interestIncome": 0,
    "interestExpense": 0,
    "depreciationAndAmortization": 511600000,
    "ebitda": 2493700000,
    "ebitdaratio": 0.2027629161,
    "operatingIncome": 1982100000,
    "operatingIncomeRatio": 0.1611646854,
    "totalOtherIncomeExpensesNet": -198500000,
    "incomeBeforeTax": 1783600000,
    "incomeBeforeTaxRatio": 0.145024637,
    "incomeTaxExpense": 661700000,
    "netIncome": 1121900000,
    "netIncomeRatio": 0.0912217651,
    "eps": 1.26,
    "epsdiluted": 1.26,
    "weightedAverageShsOut": 890396825,
    "weightedAverageShsOutDil": 891514000,
    "link": "https://www.sec.gov/Archives/edgar/data/32604/000003260497000015/0000032604-97-000015-index.html",
    "finalLink": "https://www.sec.gov/Archives/edgar/data/32604/"
  },
  {
    "date": "1996-09-30",
    "symbol": "EMR",
    "reportedCurrency": "USD",
    "cik": "0000032604",
    "fillingDate": "1996-12-19",
    "acceptedDate": "1996-12-19 00:00:00",
    "calendarYear": "1996",
    "period": "FY",
    "revenue": 11149900000,
    "costOfRevenue": 7165000000,
    "grossProfit": 3984900000,
    "grossProfitRatio": 0.3573933399,
    "researchAndDevelopmentExpenses": 0,
    "generalAndAdministrativeExpenses": 0,
    "sellingAndMarketingExpenses": 0,
    "sellingGeneralAndAdministrativeExpenses": 2192000000,
    "otherExpenses": 0,
    "operatingExpenses": 2192000000,
    "costAndExpenses": 9357000000,
    "interestIncome": 0,
    "interestExpense": 0,
    "depreciationAndAmortization": 464600000,
    "ebitda": 2257500000,
    "ebitdaratio": 0.2024681836,
    "operatingIncome": 1792900000,
    "operatingIncomeRatio": 0.1607996484,
    "totalOtherIncomeExpensesNet": -183900000,
    "incomeBeforeTax": 1609000000,
    "incomeBeforeTaxRatio": 0.144306227,
    "incomeTaxExpense": 590500000,
    "netIncome": 1018500000,
    "netIncomeRatio": 0.0913461107,
    "eps": 1.14,
    "epsdiluted": 1.14,
    "weightedAverageShsOut": 897356828,
    "weightedAverageShsOutDil": 897356828,
    "link": "https://www.sec.gov/Archives/edgar/data/32604/000003260496000015/0000032604-96-000015-index.html",
    "finalLink": "https://www.sec.gov/Archives/edgar/data/32604/"
  },
  {
    "date": "1995-09-30",
    "symbol": "EMR",
    "reportedCurrency": "USD",
    "cik": "0000032604",
    "fillingDate": "1995-12-21",
    "acceptedDate": "1995-12-21 00:00:00",
    "calendarYear": "1995",
    "period": "FY",
    "revenue": 10012900000,
    "costOfRevenue": 6480400000,
    "grossProfit": 3532500000,
    "grossProfitRatio": 0.3527948946,
    "researchAndDevelopmentExpenses": 0,
    "generalAndAdministrativeExpenses": 0,
    "sellingAndMarketingExpenses": 0,
    "sellingGeneralAndAdministrativeExpenses": 1933200000,
    "otherExpenses": 0,
    "operatingExpenses": 1933200000,
    "costAndExpenses": 8413600000,
    "interestIncome": 0,
    "interestExpense": 0,
    "depreciationAndAmortization": 408900000,
    "ebitda": 2008200000,
    "ebitdaratio": 0.200561276,
    "operatingIncome": 1599300000,
    "operatingIncomeRatio": 0.1597239561,
    "totalOtherIncomeExpensesNet": -139400000,
    "incomeBeforeTax": 1459900000,
    "incomeBeforeTaxRatio": 0.1458019155,
    "incomeTaxExpense": 530900000,
    "netIncome": 907700000,
    "netIncomeRatio": 0.0906530576,
    "eps": 1.01,
    "epsdiluted": 1.01,
    "weightedAverageShsOut": 894285714,
    "weightedAverageShsOutDil": 894285714,
    "link": "https://www.sec.gov/Archives/edgar/data/32604/000003260495000011/0000032604-95-000011-index.html",
    "finalLink": "https://www.sec.gov/Archives/edgar/data/32604/"
  },
  {
    "date": "1994-09-30",
    "symbol": "EMR",
    "reportedCurrency": "USD",
    "cik": "0000032604",
    "fillingDate": "1994-12-22",
    "acceptedDate": "1994-12-22 00:00:00",
    "calendarYear": "1994",
    "period": "FY",
    "revenue": 8607200000,
    "costOfRevenue": 5553000000,
    "grossProfit": 3054200000,
    "grossProfitRatio": 0.3548424575,
    "researchAndDevelopmentExpenses": 0,
    "generalAndAdministrativeExpenses": 0,
    "sellingAndMarketingExpenses": 0,
    "sellingGeneralAndAdministrativeExpenses": 1679600000,
    "otherExpenses": 0,
    "operatingExpenses": 1679600000,
    "costAndExpenses": 7232600000,
    "interestIncome": 0,
    "interestExpense": 0,
    "depreciationAndAmortization": 364500000,
    "ebitda": 1739100000,
    "ebitdaratio": 0.2020517706,
    "operatingIncome": 1374600000,
    "operatingIncomeRatio": 0.159703504,
    "totalOtherIncomeExpensesNet": 53200000,
    "incomeBeforeTax": 1427800000,
    "incomeBeforeTaxRatio": 0.1658843759,
    "incomeTaxExpense": 523400000,
    "netIncome": 788500000,
    "netIncomeRatio": 0.0916093503,
    "eps": 0.88,
    "epsdiluted": 0.88,
    "weightedAverageShsOut": 896928000,
    "weightedAverageShsOutDil": 896928000,
    "link": "https://www.sec.gov/Archives/edgar/data/32604/000003260494000022/0000032604-94-000022-index.html",
    "finalLink": "https://www.sec.gov/Archives/edgar/data/32604/"
  },
  {
    "date": "1993-09-30",
    "symbol": "EMR",
    "reportedCurrency": "USD",
    "cik": "0000032604",
    "fillingDate": "1993-09-30",
    "acceptedDate": "1993-09-30 00:00:00",
    "calendarYear": "1993",
    "period": "FY",
    "revenue": 8173800000,
    "costOfRevenue": 4949100000,
    "grossProfit": 3224700000,
    "grossProfitRatio": 0.3945166263,
    "researchAndDevelopmentExpenses": 0,
    "generalAndAdministrativeExpenses": 0,
    "sellingAndMarketingExpenses": 0,
    "sellingGeneralAndAdministrativeExpenses": 1606600000,
    "otherExpenses": 340700000,
    "operatingExpenses": 1947300000,
    "costAndExpenses": 6896400000,
    "interestIncome": 0,
    "interestExpense": 0,
    "depreciationAndAmortization": 340700000,
    "ebitda": 1618100000,
    "ebitdaratio": 0.1979617803,
    "operatingIncome": 1277400000,
    "operatingIncomeRatio": 0.1562798209,
    "totalOtherIncomeExpensesNet": -165400000,
    "incomeBeforeTax": 1112000000,
    "incomeBeforeTaxRatio": 0.1360444347,
    "incomeTaxExpense": 403900000,
    "netIncome": 708100000,
    "netIncomeRatio": 0.0866304534,
    "eps": 0.79,
    "epsdiluted": 0.79,
    "weightedAverageShsOut": 896329114,
    "weightedAverageShsOutDil": 896329114,
    "link": null,
    "finalLink": null
  },
  {
    "date": "1992-09-30",
    "symbol": "EMR",
    "reportedCurrency": "USD",
    "cik": "0000032604",
    "fillingDate": "1992-09-30",
    "acceptedDate": "1992-09-30 00:00:00",
    "calendarYear": "1992",
    "period": "FY",
    "revenue": 7706000000,
    "costOfRevenue": 4759400000,
    "grossProfit": 2946600000,
    "grossProfitRatio": 0.3823773683,
    "researchAndDevelopmentExpenses": 0,
    "generalAndAdministrativeExpenses": 0,
    "sellingAndMarketingExpenses": 0,
    "sellingGeneralAndAdministrativeExpenses": 1460100000,
    "otherExpenses": 295200000,
    "operatingExpenses": 1755300000,
    "costAndExpenses": 6514700000,
    "interestIncome": 0,
    "interestExpense": 0,
    "depreciationAndAmortization": 295200000,
    "ebitda": 1486500000,
    "ebitdaratio": 0.1929016351,
    "operatingIncome": 1191300000,
    "operatingIncomeRatio": 0.154593823,
    "totalOtherIncomeExpensesNet": -147400000,
    "incomeBeforeTax": 1043900000,
    "incomeBeforeTaxRatio": 0.1354658708,
    "incomeTaxExpense": 381000000,
    "netIncome": 662900000,
    "netIncomeRatio": 0.0860238775,
    "eps": 0.74,
    "epsdiluted": 0.74,
    "weightedAverageShsOut": 895810811,
    "weightedAverageShsOutDil": 895810811,
    "link": null,
    "finalLink": null
  },
  {
    "date": "1991-09-30",
    "symbol": "EMR",
    "reportedCurrency": "USD",
    "cik": "0000032604",
    "fillingDate": "1991-09-30",
    "acceptedDate": "1991-09-30 00:00:00",
    "calendarYear": "1991",
    "period": "FY",
    "revenue": 7427000000,
    "costOfRevenue": 4547100000,
    "grossProfit": 2879900000,
    "grossProfitRatio": 0.3877608725,
    "researchAndDevelopmentExpenses": 0,
    "generalAndAdministrativeExpenses": 0,
    "sellingAndMarketingExpenses": 0,
    "sellingGeneralAndAdministrativeExpenses": 1434100000,
    "otherExpenses": 294400000,
    "operatingExpenses": 1728500000,
    "costAndExpenses": 6275600000,
    "interestIncome": 0,
    "interestExpense": 0,
    "depreciationAndAmortization": 294400000,
    "ebitda": 1445800000,
    "ebitdaratio": 0.1946681029,
    "operatingIncome": 1151400000,
    "operatingIncomeRatio": 0.1550289484,
    "totalOtherIncomeExpensesNet": -148300000,
    "incomeBeforeTax": 1003100000,
    "incomeBeforeTaxRatio": 0.135061263,
    "incomeTaxExpense": 371200000,
    "netIncome": 631900000,
    "netIncomeRatio": 0.0850814595,
    "eps": 0.71,
    "epsdiluted": 0.71,
    "weightedAverageShsOut": 890000000,
    "weightedAverageShsOutDil": 890000000,
    "link": null,
    "finalLink": null
  },
  {
    "date": "1990-09-30",
    "symbol": "EMR",
    "reportedCurrency": "USD",
    "cik": "0000032604",
    "fillingDate": "1990-09-30",
    "acceptedDate": "1990-09-30 00:00:00",
    "calendarYear": "1990",
    "period": "FY",
    "revenue": 7573400000,
    "costOfRevenue": 4732500000,
    "grossProfit": 2840900000,
    "grossProfitRatio": 0.375115536,
    "researchAndDevelopmentExpenses": 0,
    "generalAndAdministrativeExpenses": 0,
    "sellingAndMarketingExpenses": 0,
    "sellingGeneralAndAdministrativeExpenses": 1428400000,
    "otherExpenses": 269300000,
    "operatingExpenses": 1697700000,
    "costAndExpenses": 6430200000,
    "interestIncome": 0,
    "interestExpense": 0,
    "depreciationAndAmortization": 269300000,
    "ebitda": 1412500000,
    "ebitdaratio": 0.1865080413,
    "operatingIncome": 1143200000,
    "operatingIncomeRatio": 0.1509493754,
    "totalOtherIncomeExpensesNet": -154200000,
    "incomeBeforeTax": 989000000,
    "incomeBeforeTaxRatio": 0.1305886392,
    "incomeTaxExpense": 375800000,
    "netIncome": 613200000,
    "netIncomeRatio": 0.0809675971,
    "eps": 0.69,
    "epsdiluted": 0.69,
    "weightedAverageShsOut": 888695652,
    "weightedAverageShsOutDil": 888695652,
    "link": null,
    "finalLink": null
  },
  {
    "date": "1989-09-30",
    "symbol": "EMR",
    "reportedCurrency": "USD",
    "cik": "0000032604",
    "fillingDate": "1989-09-30",
    "acceptedDate": "1989-09-30 00:00:00",
    "calendarYear": "1989",
    "period": "FY",
    "revenue": 7071300000,
    "costOfRevenue": 4431900000,
    "grossProfit": 2639400000,
    "grossProfitRatio": 0.3732552713,
    "researchAndDevelopmentExpenses": 0,
    "generalAndAdministrativeExpenses": 0,
    "sellingAndMarketingExpenses": 0,
    "sellingGeneralAndAdministrativeExpenses": 1335600000,
    "otherExpenses": 230800000,
    "operatingExpenses": 1566400000,
    "costAndExpenses": 5998300000,
    "interestIncome": 0,
    "interestExpense": 0,
    "depreciationAndAmortization": 230800000,
    "ebitda": 1303800000,
    "ebitdaratio": 0.1843791099,
    "operatingIncome": 1073000000,
    "operatingIncomeRatio": 0.1517401326,
    "totalOtherIncomeExpensesNet": -119000000,
    "incomeBeforeTax": 954000000,
    "incomeBeforeTaxRatio": 0.1349115438,
    "incomeTaxExpense": 366000000,
    "netIncome": 588000000,
    "netIncomeRatio": 0.083153027,
    "eps": 0.66,
    "epsdiluted": 0.66,
    "weightedAverageShsOut": 890909091,
    "weightedAverageShsOutDil": 890909091,
    "link": null,
    "finalLink": null
  },
  {
    "date": "1988-09-30",
    "symbol": "EMR",
    "reportedCurrency": "USD",
    "cik": "0000032604",
    "fillingDate": "1988-09-30",
    "acceptedDate": "1988-09-30 00:00:00",
    "calendarYear": "1988",
    "period": "FY",
    "revenue": 6651500000,
    "costOfRevenue": 4205600000,
    "grossProfit": 2445900000,
    "grossProfitRatio": 0.3677215666,
    "researchAndDevelopmentExpenses": 0,
    "generalAndAdministrativeExpenses": 0,
    "sellingAndMarketingExpenses": 0,
    "sellingGeneralAndAdministrativeExpenses": 1223100000,
    "otherExpenses": 227300000,
    "operatingExpenses": 1450400000,
    "costAndExpenses": 5656000000,
    "interestIncome": 0,
    "interestExpense": 0,
    "depreciationAndAmortization": 227300000,
    "ebitda": 1222800000,
    "ebitdaratio": 0.183838232,
    "operatingIncome": 995500000,
    "operatingIncomeRatio": 0.149665489,
    "totalOtherIncomeExpensesNet": -135700000,
    "incomeBeforeTax": 859800000,
    "incomeBeforeTaxRatio": 0.1292640758,
    "incomeTaxExpense": 331000000,
    "netIncome": 528800000,
    "netIncomeRatio": 0.0795008645,
    "eps": 0.58,
    "epsdiluted": 0.58,
    "weightedAverageShsOut": 911724138,
    "weightedAverageShsOutDil": 911724138,
    "link": null,
    "finalLink": null
  },
  {
    "date": "1987-09-30",
    "symbol": "EMR",
    "reportedCurrency": "USD",
    "cik": "0000032604",
    "fillingDate": "1987-09-30",
    "acceptedDate": "1987-09-30 00:00:00",
    "calendarYear": "1987",
    "period": "FY",
    "revenue": 6170300000,
    "costOfRevenue": 3875400000,
    "grossProfit": 2294900000,
    "grossProfitRatio": 0.3719268107,
    "researchAndDevelopmentExpenses": 0,
    "generalAndAdministrativeExpenses": 0,
    "sellingAndMarketingExpenses": 0,
    "sellingGeneralAndAdministrativeExpenses": 1157700000,
    "otherExpenses": 214300000,
    "operatingExpenses": 1372000000,
    "costAndExpenses": 5247400000,
    "interestIncome": 0,
    "interestExpense": 0,
    "depreciationAndAmortization": 214300000,
    "ebitda": 1137200000,
    "ebitdaratio": 0.1843022219,
    "operatingIncome": 922900000,
    "operatingIncomeRatio": 0.1495713336,
    "totalOtherIncomeExpensesNet": -112300000,
    "incomeBeforeTax": 810600000,
    "incomeBeforeTaxRatio": 0.1313712461,
    "incomeTaxExpense": 343400000,
    "netIncome": 467200000,
    "netIncomeRatio": 0.0757175502,
    "eps": 0.5,
    "epsdiluted": 0.5,
    "weightedAverageShsOut": 934400000,
    "weightedAverageShsOutDil": 934400000,
    "link": null,
    "finalLink": null
  },
  {
    "date": "1986-09-30",
    "symbol": "EMR",
    "reportedCurrency": "USD",
    "cik": "0000032604",
    "fillingDate": "1986-09-30",
    "acceptedDate": "1986-09-30 00:00:00",
    "calendarYear": "1986",
    "period": "FY",
    "revenue": 4952900000,
    "costOfRevenue": 3044500000,
    "grossProfit": 1908400000,
    "grossProfitRatio": 0.3853096166,
    "researchAndDevelopmentExpenses": 0,
    "generalAndAdministrativeExpenses": 0,
    "sellingAndMarketingExpenses": 0,
    "sellingGeneralAndAdministrativeExpenses": 987900000,
    "otherExpenses": 163600000,
    "operatingExpenses": 1151500000,
    "costAndExpenses": 4196000000,
    "interestIncome": 0,
    "interestExpense": 0,
    "depreciationAndAmortization": 163600000,
    "ebitda": 920500000,
    "ebitdaratio": 0.1858507137,
    "operatingIncome": 756900000,
    "operatingIncomeRatio": 0.1528195603,
    "totalOtherIncomeExpensesNet": -41900000,
    "incomeBeforeTax": 715000000,
    "incomeBeforeTaxRatio": 0.14435987,
    "incomeTaxExpense": 306100000,
    "netIncome": 408900000,
    "netIncomeRatio": 0.0825576935,
    "eps": 0.47,
    "epsdiluted": 0.47,
    "weightedAverageShsOut": 870000000,
    "weightedAverageShsOutDil": 870000000,
    "link": null,
    "finalLink": null
  },
  {
    "date": "1985-09-30",
    "symbol": "EMR",
    "reportedCurrency": "USD",
    "cik": "0000032604",
    "fillingDate": "1985-09-30",
    "acceptedDate": "1985-09-30 00:00:00",
    "calendarYear": "1985",
    "period": "FY",
    "revenue": 4649200000,
    "costOfRevenue": 2823900000,
    "grossProfit": 1825300000,
    "grossProfitRatio": 0.3926051794,
    "researchAndDevelopmentExpenses": 0,
    "generalAndAdministrativeExpenses": 0,
    "sellingAndMarketingExpenses": 0,
    "sellingGeneralAndAdministrativeExpenses": 937800000,
    "otherExpenses": 148000000,
    "operatingExpenses": 1085800000,
    "costAndExpenses": 3909700000,
    "interestIncome": 0,
    "interestExpense": 0,
    "depreciationAndAmortization": 148000000,
    "ebitda": 887500000,
    "ebitdaratio": 0.1908930569,
    "operatingIncome": 739500000,
    "operatingIncomeRatio": 0.1590596232,
    "totalOtherIncomeExpensesNet": -45400000,
    "incomeBeforeTax": 694100000,
    "incomeBeforeTaxRatio": 0.1492945023,
    "incomeTaxExpense": 293000000,
    "netIncome": 401100000,
    "netIncomeRatio": 0.0862729072,
    "eps": 0.46,
    "epsdiluted": 0.46,
    "weightedAverageShsOut": 881538462,
    "weightedAverageShsOutDil": 881538462,
    "link": null,
    "finalLink": null
  }
]