[
  {
    "date": "2025-06-30",
    "symbol": "EOG",
    "reportedCurrency": "USD",
    "cik": "0000821189",
    "fillingDate": "2025-08-07",
    "acceptedDate": "2025-08-07 16:29:48",
    "calendarYear": "2025",
    "period": "Q2",
    "revenue": 5371000000,
    "costOfRevenue": 3217000000,
    "grossProfit": 2154000000,
    "grossProfitRatio": 0.4010426364,
    "researchAndDevelopmentExpenses": 0,
    "generalAndAdministrativeExpenses": 0,
    "sellingAndMarketingExpenses": 0,
    "sellingGeneralAndAdministrativeExpenses": 186000000,
    "otherExpenses": 301000000,
    "operatingExpenses": 487000000,
    "costAndExpenses": 3704000000,
    "interestIncome": 0,
    "interestExpense": 51000000,
    "depreciationAndAmortization": 1076000000,
    "ebitda": 2878000000,
    "ebitdaratio": 0.5358406256,
    "operatingIncome": 1667000000,
    "operatingIncomeRatio": 0.3103705083,
    "totalOtherIncomeExpensesNet": 84000000,
    "incomeBeforeTax": 1751000000,
    "incomeBeforeTaxRatio": 0.326010054,
    "incomeTaxExpense": 406000000,
    "netIncome": 1345000000,
    "netIncomeRatio": 0.2504189164,
    "eps": 2.48,
    "epsdiluted": 2.46,
    "weightedAverageShsOut": 543000000,
    "weightedAverageShsOutDil": 546000000,
    "link": "https://www.sec.gov/Archives/edgar/data/821189/000082118925000070/0000821189-25-000070-index.htm",
    "finalLink": "https://www.sec.gov/Archives/edgar/data/821189/000082118925000070/eog-20250630.htm"
  },
  {
    "date": "2025-03-31",
    "symbol": "EOG",
    "reportedCurrency": "USD",
    "cik": "0000821189",
    "fillingDate": "2025-05-01",
    "acceptedDate": "2025-05-01 16:30:20",
    "calendarYear": "2025",
    "period": "Q1",
    "revenue": 5842000000,
    "costOfRevenue": 1854000000,
    "grossProfit": 3988000000,
    "grossProfitRatio": 0.6826429305,
    "researchAndDevelopmentExpenses": 0,
    "generalAndAdministrativeExpenses": 171000000,
    "sellingAndMarketingExpenses": 1325000000,
    "sellingGeneralAndAdministrativeExpenses": 1496000000,
    "otherExpenses": 633000000,
    "operatingExpenses": 2129000000,
    "costAndExpenses": 3983000000,
    "interestIncome": 0,
    "interestExpense": 47000000,
    "depreciationAndAmortization": 1013000000,
    "ebitda": 2937000000,
    "ebitdaratio": 0.5027387881,
    "operatingIncome": 1859000000,
    "operatingIncomeRatio": 0.3182129408,
    "totalOtherIncomeExpensesNet": 18000000,
    "incomeBeforeTax": 1877000000,
    "incomeBeforeTaxRatio": 0.3212940774,
    "incomeTaxExpense": 414000000,
    "netIncome": 1463000000,
    "netIncomeRatio": 0.2504279356,
    "eps": 2.66,
    "epsdiluted": 2.65,
    "weightedAverageShsOut": 550000000,
    "weightedAverageShsOutDil": 553000000,
    "link": "https://www.sec.gov/Archives/edgar/data/821189/000082118925000022/0000821189-25-000022-index.htm",
    "finalLink": "https://www.sec.gov/Archives/edgar/data/821189/000082118925000022/eog-20250331.htm"
  },
  {
    "date": "2024-12-31",
    "symbol": "EOG",
    "reportedCurrency": "USD",
    "cik": "0000821189",
    "fillingDate": "2025-02-27",
    "acceptedDate": "2025-02-27 16:33:55",
    "calendarYear": "2024",
    "period": "Q4",
    "revenue": 5650000000,
    "costOfRevenue": 132000000,
    "grossProfit": 5518000000,
    "grossProfitRatio": 0.9766371681,
    "researchAndDevelopmentExpenses": 0,
    "generalAndAdministrativeExpenses": 189000000,
    "sellingAndMarketingExpenses": 1323000000,
    "sellingGeneralAndAdministrativeExpenses": 1512000000,
    "otherExpenses": 2414000000,
    "operatingExpenses": 3926000000,
    "costAndExpenses": 4058000000,
    "interestIncome": 0,
    "interestExpense": 38000000,
    "depreciationAndAmortization": 1019000000,
    "ebitda": 2681000000,
    "ebitdaratio": 0.4745132743,
    "operatingIncome": 1592000000,
    "operatingIncomeRatio": 0.2817699115,
    "totalOtherIncomeExpensesNet": 32000000,
    "incomeBeforeTax": 1624000000,
    "incomeBeforeTaxRatio": 0.2874336283,
    "incomeTaxExpense": 373000000,
    "netIncome": 1251000000,
    "netIncomeRatio": 0.2214159292,
    "eps": 2.25,
    "epsdiluted": 2.23,
    "weightedAverageShsOut": 557000000,
    "weightedAverageShsOutDil": 561000000,
    "link": "https://www.sec.gov/Archives/edgar/data/821189/000082118925000011/0000821189-25-000011-index.htm",
    "finalLink": "https://www.sec.gov/Archives/edgar/data/821189/000082118925000011/eog-20241231.htm"
  },
  {
    "date": "2024-09-30",
    "symbol": "EOG",
    "reportedCurrency": "USD",
    "cik": "0000821189",
    "fillingDate": "2024-11-07",
    "acceptedDate": "2024-11-07 16:34:05",
    "calendarYear": "2024",
    "period": "Q3",
    "revenue": 5865000000,
    "costOfRevenue": 1868000000,
    "grossProfit": 3997000000,
    "grossProfitRatio": 0.6815004263,
    "researchAndDevelopmentExpenses": 0,
    "generalAndAdministrativeExpenses": 167000000,
    "sellingAndMarketingExpenses": 1500000000,
    "sellingGeneralAndAdministrativeExpenses": 1667000000,
    "otherExpenses": 241000000,
    "operatingExpenses": 1908000000,
    "costAndExpenses": 3776000000,
    "interestIncome": 0,
    "interestExpense": 31000000,
    "depreciationAndAmortization": 1031000000,
    "ebitda": 3196000000,
    "ebitdaratio": 0.5449275362,
    "operatingIncome": 2089000000,
    "operatingIncomeRatio": 0.3561807332,
    "totalOtherIncomeExpensesNet": 45000000,
    "incomeBeforeTax": 2134000000,
    "incomeBeforeTaxRatio": 0.3638533674,
    "incomeTaxExpense": 461000000,
    "netIncome": 1673000000,
    "netIncomeRatio": 0.2852514919,
    "eps": 2.97,
    "epsdiluted": 2.95,
    "weightedAverageShsOut": 564000000,
    "weightedAverageShsOutDil": 568000000,
    "link": "https://www.sec.gov/Archives/edgar/data/821189/000082118924000049/0000821189-24-000049-index.htm",
    "finalLink": "https://www.sec.gov/Archives/edgar/data/821189/000082118924000049/eog-20240930.htm"
  },
  {
    "date": "2024-06-30",
    "symbol": "EOG",
    "reportedCurrency": "USD",
    "cik": "0000821189",
    "fillingDate": "2024-08-01",
    "acceptedDate": "2024-08-01 16:23:18",
    "calendarYear": "2024",
    "period": "Q2",
    "revenue": 6029000000,
    "costOfRevenue": 1797000000,
    "grossProfit": 4232000000,
    "grossProfitRatio": 0.7019406203,
    "researchAndDevelopmentExpenses": 0,
    "generalAndAdministrativeExpenses": 151000000,
    "sellingAndMarketingExpenses": 1490000000,
    "sellingGeneralAndAdministrativeExpenses": 1641000000,
    "otherExpenses": 461000000,
    "operatingExpenses": 2102000000,
    "costAndExpenses": 3899000000,
    "interestIncome": 0,
    "interestExpense": 36000000,
    "depreciationAndAmortization": 984000000,
    "ebitda": 3180000000,
    "ebitdaratio": 0.5274506552,
    "operatingIncome": 2130000000,
    "operatingIncomeRatio": 0.35329242,
    "totalOtherIncomeExpensesNet": 30000000,
    "incomeBeforeTax": 2160000000,
    "incomeBeforeTaxRatio": 0.3582683695,
    "incomeTaxExpense": 470000000,
    "netIncome": 1690000000,
    "netIncomeRatio": 0.2803118262,
    "eps": 2.97,
    "epsdiluted": 2.95,
    "weightedAverageShsOut": 569000000,
    "weightedAverageShsOutDil": 572000000,
    "link": "https://www.sec.gov/Archives/edgar/data/821189/000082118924000031/0000821189-24-000031-index.htm",
    "finalLink": "https://www.sec.gov/Archives/edgar/data/821189/000082118924000031/eog-20240630.htm"
  },
  {
    "date": "2024-03-31",
    "symbol": "EOG",
    "reportedCurrency": "USD",
    "cik": "0000821189",
    "fillingDate": "2024-05-02",
    "acceptedDate": "2024-05-02 16:40:56",
    "calendarYear": "2024",
    "period": "Q1",
    "revenue": 5834000000,
    "costOfRevenue": 1883000000,
    "grossProfit": 3951000000,
    "grossProfitRatio": 0.6772368872,
    "researchAndDevelopmentExpenses": 0,
    "generalAndAdministrativeExpenses": 162000000,
    "sellingAndMarketingExpenses": 1404000000,
    "sellingGeneralAndAdministrativeExpenses": 1566000000,
    "otherExpenses": 114000000,
    "operatingExpenses": 1680000000,
    "costAndExpenses": 3563000000,
    "interestIncome": 0,
    "interestExpense": 33000000,
    "depreciationAndAmortization": 1074000000,
    "ebitda": 3407000000,
    "ebitdaratio": 0.5839904011,
    "operatingIncome": 2271000000,
    "operatingIncomeRatio": 0.3892697977,
    "totalOtherIncomeExpensesNet": 29000000,
    "incomeBeforeTax": 2300000000,
    "incomeBeforeTaxRatio": 0.3942406582,
    "incomeTaxExpense": 511000000,
    "netIncome": 1789000000,
    "netIncomeRatio": 0.3066506685,
    "eps": 3.11,
    "epsdiluted": 3.1,
    "weightedAverageShsOut": 575000000,
    "weightedAverageShsOutDil": 577000000,
    "link": "https://www.sec.gov/Archives/edgar/data/821189/000082118924000021/0000821189-24-000021-index.htm",
    "finalLink": "https://www.sec.gov/Archives/edgar/data/821189/000082118924000021/eog-20240331.htm"
  },
  {
    "date": "2023-12-31",
    "symbol": "EOG",
    "reportedCurrency": "USD",
    "cik": "0000821189",
    "fillingDate": "2024-02-22",
    "acceptedDate": "2024-02-22 16:43:31",
    "calendarYear": "2023",
    "period": "Q4",
    "revenue": 6030000000,
    "costOfRevenue": 1486000000,
    "grossProfit": 4544000000,
    "grossProfitRatio": 0.7535655058,
    "researchAndDevelopmentExpenses": 0,
    "generalAndAdministrativeExpenses": 192000000,
    "sellingAndMarketingExpenses": 1509000000,
    "sellingGeneralAndAdministrativeExpenses": 1701000000,
    "otherExpenses": 339000000,
    "operatingExpenses": 2040000000,
    "costAndExpenses": 3526000000,
    "interestIncome": 0,
    "interestExpense": 35000000,
    "depreciationAndAmortization": 930000000,
    "ebitda": 3500000000,
    "ebitdaratio": 0.5804311774,
    "operatingIncome": 2504000000,
    "operatingIncomeRatio": 0.4152570481,
    "totalOtherIncomeExpensesNet": 31000000,
    "incomeBeforeTax": 2535000000,
    "incomeBeforeTaxRatio": 0.42039801,
    "incomeTaxExpense": 547000000,
    "netIncome": 1988000000,
    "netIncomeRatio": 0.3296849088,
    "eps": 3.43,
    "epsdiluted": 3.42,
    "weightedAverageShsOut": 579000000,
    "weightedAverageShsOutDil": 581000000,
    "link": "https://www.sec.gov/Archives/edgar/data/821189/000082118924000011/0000821189-24-000011-index.htm",
    "finalLink": "https://www.sec.gov/Archives/edgar/data/821189/000082118924000011/eog-20231231.htm"
  },
  {
    "date": "2023-09-30",
    "symbol": "EOG",
    "reportedCurrency": "USD",
    "cik": "0000821189",
    "fillingDate": "2023-11-02",
    "acceptedDate": "2023-11-02 16:29:03",
    "calendarYear": "2023",
    "period": "Q3",
    "revenue": 6113000000,
    "costOfRevenue": 1673000000,
    "grossProfit": 4440000000,
    "grossProfitRatio": 0.7263209553,
    "researchAndDevelopmentExpenses": 0,
    "generalAndAdministrativeExpenses": 161000000,
    "sellingAndMarketingExpenses": 1383000000,
    "sellingGeneralAndAdministrativeExpenses": 1544000000,
    "otherExpenses": 339000000,
    "operatingExpenses": 1883000000,
    "costAndExpenses": 3556000000,
    "interestIncome": 0,
    "interestExpense": 36000000,
    "depreciationAndAmortization": 898000000,
    "ebitda": 3507000000,
    "ebitdaratio": 0.5736954032,
    "operatingIncome": 2557000000,
    "operatingIncomeRatio": 0.4182888925,
    "totalOtherIncomeExpensesNet": 16000000,
    "incomeBeforeTax": 2573000000,
    "incomeBeforeTaxRatio": 0.4209062653,
    "incomeTaxExpense": 543000000,
    "netIncome": 2030000000,
    "netIncomeRatio": 0.3320791755,
    "eps": 3.51,
    "epsdiluted": 3.48,
    "weightedAverageShsOut": 579000000,
    "weightedAverageShsOutDil": 583000000,
    "link": "https://www.sec.gov/Archives/edgar/data/821189/000082118923000051/0000821189-23-000051-index.htm",
    "finalLink": "https://www.sec.gov/Archives/edgar/data/821189/000082118923000051/eog-20230930.htm"
  },
  {
    "date": "2023-06-30",
    "symbol": "EOG",
    "reportedCurrency": "USD",
    "cik": "0000821189",
    "fillingDate": "2023-08-03",
    "acceptedDate": "2023-08-03 16:22:09",
    "calendarYear": "2023",
    "period": "Q2",
    "revenue": 5460000000,
    "costOfRevenue": 1610000000,
    "grossProfit": 3850000000,
    "grossProfitRatio": 0.7051282051,
    "researchAndDevelopmentExpenses": 0,
    "generalAndAdministrativeExpenses": 142000000,
    "sellingAndMarketingExpenses": 1456000000,
    "sellingGeneralAndAdministrativeExpenses": 1598000000,
    "otherExpenses": 282000000,
    "operatingExpenses": 1880000000,
    "costAndExpenses": 3490000000,
    "interestIncome": 0,
    "interestExpense": 35000000,
    "depreciationAndAmortization": 866000000,
    "ebitda": 2887000000,
    "ebitdaratio": 0.5287545788,
    "operatingIncome": 1970000000,
    "operatingIncomeRatio": 0.3608058608,
    "totalOtherIncomeExpensesNet": 16000000,
    "incomeBeforeTax": 1986000000,
    "incomeBeforeTaxRatio": 0.3637362637,
    "incomeTaxExpense": 433000000,
    "netIncome": 1553000000,
    "netIncomeRatio": 0.2844322344,
    "eps": 2.68,
    "epsdiluted": 2.66,
    "weightedAverageShsOut": 580000000,
    "weightedAverageShsOutDil": 584000000,
    "link": "https://www.sec.gov/Archives/edgar/data/821189/000082118923000040/0000821189-23-000040-index.htm",
    "finalLink": "https://www.sec.gov/Archives/edgar/data/821189/000082118923000040/eog-20230630.htm"
  },
  {
    "date": "2023-03-31",
    "symbol": "EOG",
    "reportedCurrency": "USD",
    "cik": "0000821189",
    "fillingDate": "2023-05-04",
    "acceptedDate": "2023-05-04 16:24:31",
    "calendarYear": "2023",
    "period": "Q1",
    "revenue": 5579000000,
    "costOfRevenue": 1552000000,
    "grossProfit": 4027000000,
    "grossProfitRatio": 0.7218139452,
    "researchAndDevelopmentExpenses": 0,
    "generalAndAdministrativeExpenses": 145000000,
    "sellingAndMarketingExpenses": 1361000000,
    "sellingGeneralAndAdministrativeExpenses": 1506000000,
    "otherExpenses": -51000000,
    "operatingExpenses": 1455000000,
    "costAndExpenses": 3007000000,
    "interestIncome": 0,
    "interestExpense": 42000000,
    "depreciationAndAmortization": 798000000,
    "ebitda": 3435000000,
    "ebitdaratio": 0.6157017387,
    "operatingIncome": 2572000000,
    "operatingIncomeRatio": 0.4610145187,
    "totalOtherIncomeExpensesNet": 23000000,
    "incomeBeforeTax": 2595000000,
    "incomeBeforeTaxRatio": 0.4651371213,
    "incomeTaxExpense": 572000000,
    "netIncome": 2023000000,
    "netIncomeRatio": 0.3626097867,
    "eps": 3.46,
    "epsdiluted": 3.45,
    "weightedAverageShsOut": 584000000,
    "weightedAverageShsOutDil": 587000000,
    "link": "https://www.sec.gov/Archives/edgar/data/821189/000082118923000024/0000821189-23-000024-index.htm",
    "finalLink": "https://www.sec.gov/Archives/edgar/data/821189/000082118923000024/eog-20230331.htm"
  },
  {
    "date": "2022-12-31",
    "symbol": "EOG",
    "reportedCurrency": "USD",
    "cik": "0000821189",
    "fillingDate": "2023-02-23",
    "acceptedDate": "2023-02-23 16:23:25",
    "calendarYear": "2022",
    "period": "Q4",
    "revenue": 6494000000,
    "costOfRevenue": 1390000000,
    "grossProfit": 5104000000,
    "grossProfitRatio": 0.7859562673,
    "researchAndDevelopmentExpenses": 0,
    "generalAndAdministrativeExpenses": 156000000,
    "sellingAndMarketingExpenses": 1504000000,
    "sellingGeneralAndAdministrativeExpenses": 1660000000,
    "otherExpenses": 591000000,
    "operatingExpenses": 2251000000,
    "costAndExpenses": 3641000000,
    "interestIncome": 0,
    "interestExpense": 42000000,
    "depreciationAndAmortization": 878000000,
    "ebitda": 3779000000,
    "ebitdaratio": 0.5819217739,
    "operatingIncome": 2853000000,
    "operatingIncomeRatio": 0.439328611,
    "totalOtherIncomeExpensesNet": 6000000,
    "incomeBeforeTax": 2859000000,
    "incomeBeforeTaxRatio": 0.4402525408,
    "incomeTaxExpense": 582000000,
    "netIncome": 2277000000,
    "netIncomeRatio": 0.350631352,
    "eps": 3.9,
    "epsdiluted": 3.87,
    "weightedAverageShsOut": 584000000,
    "weightedAverageShsOutDil": 588000000,
    "link": "https://www.sec.gov/Archives/edgar/data/821189/000082118923000015/0000821189-23-000015-index.htm",
    "finalLink": "https://www.sec.gov/Archives/edgar/data/821189/000082118923000015/eog-20221231.htm"
  },
  {
    "date": "2022-09-30",
    "symbol": "EOG",
    "reportedCurrency": "USD",
    "cik": "0000821189",
    "fillingDate": "2022-11-03",
    "acceptedDate": "2022-11-03 16:39:35",
    "calendarYear": "2022",
    "period": "Q3",
    "revenue": 7598000000,
    "costOfRevenue": 1408000000,
    "grossProfit": 6190000000,
    "grossProfitRatio": 0.8146880758,
    "researchAndDevelopmentExpenses": 0,
    "generalAndAdministrativeExpenses": 162000000,
    "sellingAndMarketingExpenses": 1621000000,
    "sellingGeneralAndAdministrativeExpenses": 1783000000,
    "otherExpenses": 743000000,
    "operatingExpenses": 2526000000,
    "costAndExpenses": 3934000000,
    "interestIncome": 0,
    "interestExpense": 41000000,
    "depreciationAndAmortization": 906000000,
    "ebitda": 4610000000,
    "ebitdaratio": 0.6067386154,
    "operatingIncome": 3664000000,
    "operatingIncomeRatio": 0.4822321664,
    "totalOtherIncomeExpensesNet": -1000000,
    "incomeBeforeTax": 3663000000,
    "incomeBeforeTaxRatio": 0.4821005528,
    "incomeTaxExpense": 809000000,
    "netIncome": 2854000000,
    "netIncomeRatio": 0.3756251645,
    "eps": 4.9,
    "epsdiluted": 4.86,
    "weightedAverageShsOut": 583000000,
    "weightedAverageShsOutDil": 587000000,
    "link": "https://www.sec.gov/Archives/edgar/data/821189/000082118922000056/0000821189-22-000056-index.htm",
    "finalLink": "https://www.sec.gov/Archives/edgar/data/821189/000082118922000056/eog-20220930.htm"
  },
  {
    "date": "2022-06-30",
    "symbol": "EOG",
    "reportedCurrency": "USD",
    "cik": "0000821189",
    "fillingDate": "2022-08-04",
    "acceptedDate": "2022-08-04 16:29:48",
    "calendarYear": "2022",
    "period": "Q2",
    "revenue": 8645000000,
    "costOfRevenue": 1387000000,
    "grossProfit": 7258000000,
    "grossProfitRatio": 0.8395604396,
    "researchAndDevelopmentExpenses": 0,
    "generalAndAdministrativeExpenses": 128000000,
    "sellingAndMarketingExpenses": 2127000000,
    "sellingGeneralAndAdministrativeExpenses": 2255000000,
    "otherExpenses": 2100000000,
    "operatingExpenses": 4355000000,
    "costAndExpenses": 5742000000,
    "interestIncome": 0,
    "interestExpense": 48000000,
    "depreciationAndAmortization": 911000000,
    "ebitda": 3841000000,
    "ebitdaratio": 0.4443030654,
    "operatingIncome": 2903000000,
    "operatingIncomeRatio": 0.3358010411,
    "totalOtherIncomeExpensesNet": -21000000,
    "incomeBeforeTax": 2882000000,
    "incomeBeforeTaxRatio": 0.3333718913,
    "incomeTaxExpense": 644000000,
    "netIncome": 2238000000,
    "netIncomeRatio": 0.2588779641,
    "eps": 3.84,
    "epsdiluted": 3.81,
    "weightedAverageShsOut": 583000000,
    "weightedAverageShsOutDil": 588000000,
    "link": "https://www.sec.gov/Archives/edgar/data/821189/000082118922000041/0000821189-22-000041-index.htm",
    "finalLink": "https://www.sec.gov/Archives/edgar/data/821189/000082118922000041/eog-20220630.htm"
  },
  {
    "date": "2022-03-31",
    "symbol": "EOG",
    "reportedCurrency": "USD",
    "cik": "0000821189",
    "fillingDate": "2022-05-05",
    "acceptedDate": "2022-05-05 16:24:51",
    "calendarYear": "2022",
    "period": "Q1",
    "revenue": 6755000000,
    "costOfRevenue": 1309000000,
    "grossProfit": 5446000000,
    "grossProfitRatio": 0.8062176166,
    "researchAndDevelopmentExpenses": 0,
    "generalAndAdministrativeExpenses": 124000000,
    "sellingAndMarketingExpenses": 1283000000,
    "sellingGeneralAndAdministrativeExpenses": 1407000000,
    "otherExpenses": 3493000000,
    "operatingExpenses": 4900000000,
    "costAndExpenses": 6209000000,
    "interestIncome": 0,
    "interestExpense": 48000000,
    "depreciationAndAmortization": 847000000,
    "ebitda": 1392000000,
    "ebitdaratio": 0.2060695781,
    "operatingIncome": 546000000,
    "operatingIncomeRatio": 0.0808290155,
    "totalOtherIncomeExpensesNet": -49000000,
    "incomeBeforeTax": 497000000,
    "incomeBeforeTaxRatio": 0.0735751295,
    "incomeTaxExpense": 107000000,
    "netIncome": 390000000,
    "netIncomeRatio": 0.0577350111,
    "eps": 0.67,
    "epsdiluted": 0.67,
    "weightedAverageShsOut": 582000000,
    "weightedAverageShsOutDil": 586000000,
    "link": "https://www.sec.gov/Archives/edgar/data/821189/000082118922000028/0000821189-22-000028-index.htm",
    "finalLink": "https://www.sec.gov/Archives/edgar/data/821189/000082118922000028/eog-20220331.htm"
  },
  {
    "date": "2021-12-31",
    "symbol": "EOG",
    "reportedCurrency": "USD",
    "cik": "0000821189",
    "fillingDate": "2022-02-24",
    "acceptedDate": "2022-02-24 16:51:16",
    "calendarYear": "2021",
    "period": "Q4",
    "revenue": 5908000000,
    "costOfRevenue": 1382000000,
    "grossProfit": 4526000000,
    "grossProfitRatio": 0.7660798917,
    "researchAndDevelopmentExpenses": 0,
    "generalAndAdministrativeExpenses": 139000000,
    "sellingAndMarketingExpenses": 1160000000,
    "sellingGeneralAndAdministrativeExpenses": 1299000000,
    "otherExpenses": 699000000,
    "operatingExpenses": 1998000000,
    "costAndExpenses": 3380000000,
    "interestIncome": 0,
    "interestExpense": 38000000,
    "depreciationAndAmortization": 910000000,
    "ebitda": 3447000000,
    "ebitdaratio": 0.5834461747,
    "operatingIncome": 2528000000,
    "operatingIncomeRatio": 0.4278943805,
    "totalOtherIncomeExpensesNet": -29000000,
    "incomeBeforeTax": 2499000000,
    "incomeBeforeTaxRatio": 0.422985782,
    "incomeTaxExpense": 514000000,
    "netIncome": 1985000000,
    "netIncomeRatio": 0.3359851049,
    "eps": 3.42,
    "epsdiluted": 3.39,
    "weightedAverageShsOut": 581000000,
    "weightedAverageShsOutDil": 585000000,
    "link": "https://www.sec.gov/Archives/edgar/data/821189/000082118922000017/0000821189-22-000017-index.htm",
    "finalLink": "https://www.sec.gov/Archives/edgar/data/821189/000082118922000017/eog-20211231.htm"
  },
  {
    "date": "2021-09-30",
    "symbol": "EOG",
    "reportedCurrency": "USD",
    "cik": "0000821189",
    "fillingDate": "2021-11-04",
    "acceptedDate": "2021-11-04 16:31:46",
    "calendarYear": "2021",
    "period": "Q3",
    "revenue": 5231000000,
    "costOfRevenue": 1342000000,
    "grossProfit": 3889000000,
    "grossProfitRatio": 0.7434524947,
    "researchAndDevelopmentExpenses": 0,
    "generalAndAdministrativeExpenses": 142000000,
    "sellingAndMarketingExpenses": 1184000000,
    "sellingGeneralAndAdministrativeExpenses": 1326000000,
    "otherExpenses": 1092000000,
    "operatingExpenses": 2418000000,
    "costAndExpenses": 3760000000,
    "interestIncome": 0,
    "interestExpense": 48000000,
    "depreciationAndAmortization": 927000000,
    "ebitda": 2404000000,
    "ebitdaratio": 0.4595679602,
    "operatingIncome": 1471000000,
    "operatingIncomeRatio": 0.281208182,
    "totalOtherIncomeExpensesNet": -42000000,
    "incomeBeforeTax": 1429000000,
    "incomeBeforeTaxRatio": 0.2731791245,
    "incomeTaxExpense": 334000000,
    "netIncome": 1095000000,
    "netIncomeRatio": 0.2093290002,
    "eps": 1.88,
    "epsdiluted": 1.88,
    "weightedAverageShsOut": 581000000,
    "weightedAverageShsOutDil": 584000000,
    "link": "https://www.sec.gov/Archives/edgar/data/821189/000082118921000089/0000821189-21-000089-index.htm",
    "finalLink": "https://www.sec.gov/Archives/edgar/data/821189/000082118921000089/eog-20210930.htm"
  },
  {
    "date": "2021-06-30",
    "symbol": "EOG",
    "reportedCurrency": "USD",
    "cik": "0000821189",
    "fillingDate": "2021-08-04",
    "acceptedDate": "2021-08-04 16:32:42",
    "calendarYear": "2021",
    "period": "Q2",
    "revenue": 4492000000,
    "costOfRevenue": 1312000000,
    "grossProfit": 3180000000,
    "grossProfitRatio": 0.7079252004,
    "researchAndDevelopmentExpenses": 0,
    "generalAndAdministrativeExpenses": 120000000,
    "sellingAndMarketingExpenses": 991000000,
    "sellingGeneralAndAdministrativeExpenses": 1111000000,
    "otherExpenses": 898000000,
    "operatingExpenses": 2009000000,
    "costAndExpenses": 3321000000,
    "interestIncome": 0,
    "interestExpense": 45000000,
    "depreciationAndAmortization": 914000000,
    "ebitda": 2083000000,
    "ebitdaratio": 0.463713268,
    "operatingIncome": 1171000000,
    "operatingIncomeRatio": 0.2606856634,
    "totalOtherIncomeExpensesNet": -47000000,
    "incomeBeforeTax": 1124000000,
    "incomeBeforeTaxRatio": 0.250222618,
    "incomeTaxExpense": 217000000,
    "netIncome": 907000000,
    "netIncomeRatio": 0.2019145147,
    "eps": 1.56,
    "epsdiluted": 1.55,
    "weightedAverageShsOut": 580000000,
    "weightedAverageShsOutDil": 584000000,
    "link": "https://www.sec.gov/Archives/edgar/data/821189/000082118921000075/0000821189-21-000075-index.htm",
    "finalLink": "https://www.sec.gov/Archives/edgar/data/821189/000082118921000075/eog-20210630.htm"
  },
  {
    "date": "2021-03-31",
    "symbol": "EOG",
    "reportedCurrency": "USD",
    "cik": "0000821189",
    "fillingDate": "2021-05-06",
    "acceptedDate": "2021-05-06 16:57:55",
    "calendarYear": "2021",
    "period": "Q1",
    "revenue": 4038000000,
    "costOfRevenue": 1309000000,
    "grossProfit": 2729000000,
    "grossProfitRatio": 0.6758296186,
    "researchAndDevelopmentExpenses": 0,
    "generalAndAdministrativeExpenses": 110000000,
    "sellingAndMarketingExpenses": 838000000,
    "sellingGeneralAndAdministrativeExpenses": 948000000,
    "otherExpenses": 849000000,
    "operatingExpenses": 1797000000,
    "costAndExpenses": 3106000000,
    "interestIncome": 0,
    "interestExpense": 47000000,
    "depreciationAndAmortization": 900000000,
    "ebitda": 1828000000,
    "ebitdaratio": 0.4526993561,
    "operatingIncome": 932000000,
    "operatingIncomeRatio": 0.2308073304,
    "totalOtherIncomeExpensesNet": -51000000,
    "incomeBeforeTax": 881000000,
    "incomeBeforeTaxRatio": 0.2181773155,
    "incomeTaxExpense": 204000000,
    "netIncome": 677000000,
    "netIncomeRatio": 0.1676572561,
    "eps": 1.17,
    "epsdiluted": 1.16,
    "weightedAverageShsOut": 580000000,
    "weightedAverageShsOutDil": 583000000,
    "link": "https://www.sec.gov/Archives/edgar/data/821189/000082118921000047/0000821189-21-000047-index.htm",
    "finalLink": "https://www.sec.gov/Archives/edgar/data/821189/000082118921000047/eog-20210331.htm"
  },
  {
    "date": "2020-12-31",
    "symbol": "EOG",
    "reportedCurrency": "USD",
    "cik": "0000821189",
    "fillingDate": "2021-02-25",
    "acceptedDate": "2021-02-25 16:57:09",
    "calendarYear": "2020",
    "period": "Q4",
    "revenue": 2883641000,
    "costOfRevenue": 1250632000,
    "grossProfit": 1633009000,
    "grossProfitRatio": 0.5663010756,
    "researchAndDevelopmentExpenses": 0,
    "generalAndAdministrativeExpenses": 113235000,
    "sellingAndMarketingExpenses": 622941000,
    "sellingGeneralAndAdministrativeExpenses": 736176000,
    "otherExpenses": 409171000,
    "operatingExpenses": 1145347000,
    "costAndExpenses": 2395979000,
    "interestIncome": 0,
    "interestExpense": 53121000,
    "depreciationAndAmortization": 870564000,
    "ebitda": 1351445000,
    "ebitdaratio": 0.4686592402,
    "operatingIncome": 487662000,
    "operatingIncomeRatio": 0.1691132842,
    "totalOtherIncomeExpensesNet": -59902000,
    "incomeBeforeTax": 427760000,
    "incomeBeforeTaxRatio": 0.1483402407,
    "incomeTaxExpense": 90294000,
    "netIncome": 337466000,
    "netIncomeRatio": 0.1170277437,
    "eps": 0.58,
    "epsdiluted": 0.58,
    "weightedAverageShsOut": 579624000,
    "weightedAverageShsOutDil": 580885000,
    "link": "https://www.sec.gov/Archives/edgar/data/821189/000082118921000017/0000821189-21-000017-index.htm",
    "finalLink": "https://www.sec.gov/Archives/edgar/data/821189/000082118921000017/eog-20201231.htm"
  },
  {
    "date": "2020-09-30",
    "symbol": "EOG",
    "reportedCurrency": "USD",
    "cik": "0000821189",
    "fillingDate": "2020-11-05",
    "acceptedDate": "2020-11-05 16:45:29",
    "calendarYear": "2020",
    "period": "Q3",
    "revenue": 2303000000,
    "costOfRevenue": 1165000000,
    "grossProfit": 1138000000,
    "grossProfitRatio": 0.4941380808,
    "researchAndDevelopmentExpenses": 0,
    "generalAndAdministrativeExpenses": 125000000,
    "sellingAndMarketingExpenses": 523000000,
    "sellingGeneralAndAdministrativeExpenses": 648000000,
    "otherExpenses": 493000000,
    "operatingExpenses": 1141000000,
    "costAndExpenses": 2306000000,
    "interestIncome": 0,
    "interestExpense": 53000000,
    "depreciationAndAmortization": 823000000,
    "ebitda": 823000000,
    "ebitdaratio": 0.3573599653,
    "operatingIncome": -3000000,
    "operatingIncomeRatio": -0.0013026487,
    "totalOtherIncomeExpensesNet": -50000000,
    "incomeBeforeTax": -53000000,
    "incomeBeforeTaxRatio": -0.0230134607,
    "incomeTaxExpense": -11000000,
    "netIncome": -42000000,
    "netIncomeRatio": -0.0182370821,
    "eps": -0.0733,
    "epsdiluted": -0.0733,
    "weightedAverageShsOut": 579000000,
    "weightedAverageShsOutDil": 579000000,
    "link": "https://www.sec.gov/Archives/edgar/data/821189/000082118920000053/0000821189-20-000053-index.htm",
    "finalLink": "https://www.sec.gov/Archives/edgar/data/821189/000082118920000053/eog-20200930.htm"
  },
  {
    "date": "2020-06-30",
    "symbol": "EOG",
    "reportedCurrency": "USD",
    "cik": "0000821189",
    "fillingDate": "2020-08-06",
    "acceptedDate": "2020-08-06 16:26:53",
    "calendarYear": "2020",
    "period": "Q2",
    "revenue": 1211000000,
    "costOfRevenue": 1049000000,
    "grossProfit": 162000000,
    "grossProfitRatio": 0.1337737407,
    "researchAndDevelopmentExpenses": 0,
    "generalAndAdministrativeExpenses": 132000000,
    "sellingAndMarketingExpenses": 444000000,
    "sellingGeneralAndAdministrativeExpenses": 576000000,
    "otherExpenses": 673000000,
    "operatingExpenses": 1249000000,
    "costAndExpenses": 2298000000,
    "interestIncome": 0,
    "interestExpense": 54000000,
    "depreciationAndAmortization": 707000000,
    "ebitda": -384000000,
    "ebitdaratio": -0.3170933113,
    "operatingIncome": -1087000000,
    "operatingIncomeRatio": -0.8976052849,
    "totalOtherIncomeExpensesNet": -58000000,
    "incomeBeforeTax": -1145000000,
    "incomeBeforeTaxRatio": -0.9454995871,
    "incomeTaxExpense": -235000000,
    "netIncome": -910000000,
    "netIncomeRatio": -0.7514450867,
    "eps": -1.57,
    "epsdiluted": -1.57,
    "weightedAverageShsOut": 579000000,
    "weightedAverageShsOutDil": 579000000,
    "link": "https://www.sec.gov/Archives/edgar/data/821189/000082118920000040/0000821189-20-000040-index.htm",
    "finalLink": "https://www.sec.gov/Archives/edgar/data/821189/000082118920000040/eog-20200630.htm"
  },
  {
    "date": "2020-03-31",
    "symbol": "EOG",
    "reportedCurrency": "USD",
    "cik": "0000821189",
    "fillingDate": "2020-05-07",
    "acceptedDate": "2020-05-07 16:28:35",
    "calendarYear": "2020",
    "period": "Q1",
    "revenue": 3475000000,
    "costOfRevenue": 1458000000,
    "grossProfit": 2017000000,
    "grossProfitRatio": 0.5804316547,
    "researchAndDevelopmentExpenses": 0,
    "generalAndAdministrativeExpenses": 114000000,
    "sellingAndMarketingExpenses": 1110000000,
    "sellingGeneralAndAdministrativeExpenses": 1224000000,
    "otherExpenses": 735000000,
    "operatingExpenses": 1959000000,
    "costAndExpenses": 3417000000,
    "interestIncome": 0,
    "interestExpense": 45000000,
    "depreciationAndAmortization": 1000000000,
    "ebitda": 1076000000,
    "ebitdaratio": 0.3096402878,
    "operatingIncome": 58000000,
    "operatingIncomeRatio": 0.0166906475,
    "totalOtherIncomeExpensesNet": -27000000,
    "incomeBeforeTax": 31000000,
    "incomeBeforeTaxRatio": 0.0089208633,
    "incomeTaxExpense": 21000000,
    "netIncome": 10000000,
    "netIncomeRatio": 0.0028776978,
    "eps": 0.0173,
    "epsdiluted": 0.0173,
    "weightedAverageShsOut": 578000000,
    "weightedAverageShsOutDil": 580000000,
    "link": "https://www.sec.gov/Archives/edgar/data/821189/000082118920000028/0000821189-20-000028-index.htm",
    "finalLink": "https://www.sec.gov/Archives/edgar/data/821189/000082118920000028/a2020033110-q.htm"
  },
  {
    "date": "2019-12-31",
    "symbol": "EOG",
    "reportedCurrency": "USD",
    "cik": "0000821189",
    "fillingDate": "2020-02-27",
    "acceptedDate": "2020-02-27 16:49:50",
    "calendarYear": "2019",
    "period": "Q4",
    "revenue": 4227742000,
    "costOfRevenue": 1421361000,
    "grossProfit": 2806381000,
    "grossProfitRatio": 0.6638013862,
    "researchAndDevelopmentExpenses": 0,
    "generalAndAdministrativeExpenses": 125187000,
    "sellingAndMarketingExpenses": 1237259000,
    "sellingGeneralAndAdministrativeExpenses": 1362446000,
    "otherExpenses": 580184000,
    "operatingExpenses": 1942630000,
    "costAndExpenses": 3363991000,
    "interestIncome": 0,
    "interestExpense": 40695000,
    "depreciationAndAmortization": 959208000,
    "ebitda": 1831111000,
    "ebitdaratio": 0.4331179623,
    "operatingIncome": 863751000,
    "operatingIncomeRatio": 0.2043055134,
    "totalOtherIncomeExpensesNet": -32543000,
    "incomeBeforeTax": 831208000,
    "incomeBeforeTaxRatio": 0.1966080239,
    "incomeTaxExpense": 194687000,
    "netIncome": 636521000,
    "netIncomeRatio": 0.1505581466,
    "eps": 1.1,
    "epsdiluted": 1.1,
    "weightedAverageShsOut": 578200000,
    "weightedAverageShsOutDil": 580800000,
    "link": "https://www.sec.gov/Archives/edgar/data/821189/000082118920000010/0000821189-20-000010-index.htm",
    "finalLink": "https://www.sec.gov/Archives/edgar/data/821189/000082118920000010/a2019123110-k.htm"
  },
  {
    "date": "2019-09-30",
    "symbol": "EOG",
    "reportedCurrency": "USD",
    "cik": "0000821189",
    "fillingDate": "2019-11-06",
    "acceptedDate": "2019-11-06 16:27:39",
    "calendarYear": "2019",
    "period": "Q3",
    "revenue": 4187800000,
    "costOfRevenue": 1430029000,
    "grossProfit": 2757771000,
    "grossProfitRatio": 0.6585250012,
    "researchAndDevelopmentExpenses": 0,
    "generalAndAdministrativeExpenses": 135758000,
    "sellingAndMarketingExpenses": 1343293000,
    "sellingGeneralAndAdministrativeExpenses": 1479051000,
    "otherExpenses": 450761000,
    "operatingExpenses": 1929812000,
    "costAndExpenses": 3359841000,
    "interestIncome": 0,
    "interestExpense": 39620000,
    "depreciationAndAmortization": 953597000,
    "ebitda": 1790674000,
    "ebitdaratio": 0.4275930083,
    "operatingIncome": 827959000,
    "operatingIncomeRatio": 0.1977073881,
    "totalOtherIncomeExpensesNet": -30502000,
    "incomeBeforeTax": 797457000,
    "incomeBeforeTaxRatio": 0.1904238502,
    "incomeTaxExpense": 182335000,
    "netIncome": 615122000,
    "netIncomeRatio": 0.1468842829,
    "eps": 1.06,
    "epsdiluted": 1.06,
    "weightedAverageShsOut": 577839000,
    "weightedAverageShsOutDil": 581271000,
    "link": "https://www.sec.gov/Archives/edgar/data/821189/000082118919000039/0000821189-19-000039-index.htm",
    "finalLink": "https://www.sec.gov/Archives/edgar/data/821189/000082118919000039/a2019093010-q.htm"
  },
  {
    "date": "2019-06-30",
    "symbol": "EOG",
    "reportedCurrency": "USD",
    "cik": "0000821189",
    "fillingDate": "2019-08-01",
    "acceptedDate": "2019-08-01 16:56:06",
    "calendarYear": "2019",
    "period": "Q2",
    "revenue": 4486518000,
    "costOfRevenue": 1417228000,
    "grossProfit": 3069290000,
    "grossProfitRatio": 0.6841140501,
    "researchAndDevelopmentExpenses": 0,
    "generalAndAdministrativeExpenses": 121780000,
    "sellingAndMarketingExpenses": 1500915000,
    "sellingGeneralAndAdministrativeExpenses": 1622695000,
    "otherExpenses": 315824000,
    "operatingExpenses": 1938519000,
    "costAndExpenses": 3355747000,
    "interestIncome": 0,
    "interestExpense": 49908000,
    "depreciationAndAmortization": 957304000,
    "ebitda": 2096578000,
    "ebitdaratio": 0.4673062718,
    "operatingIncome": 1130771000,
    "operatingIncomeRatio": 0.2520375489,
    "totalOtherIncomeExpensesNet": -41405000,
    "incomeBeforeTax": 1089366000,
    "incomeBeforeTaxRatio": 0.2428087885,
    "incomeTaxExpense": 241525000,
    "netIncome": 847841000,
    "netIncomeRatio": 0.1889752811,
    "eps": 1.47,
    "epsdiluted": 1.46,
    "weightedAverageShsOut": 577460000,
    "weightedAverageShsOutDil": 580247000,
    "link": "https://www.sec.gov/Archives/edgar/data/821189/000082118919000030/0000821189-19-000030-index.htm",
    "finalLink": "https://www.sec.gov/Archives/edgar/data/821189/000082118919000030/a2019063010-q.htm"
  },
  {
    "date": "2019-03-31",
    "symbol": "EOG",
    "reportedCurrency": "USD",
    "cik": "0000821189",
    "fillingDate": "2019-05-02",
    "acceptedDate": "2019-05-02 16:51:41",
    "calendarYear": "2019",
    "period": "Q1",
    "revenue": 4039667000,
    "costOfRevenue": 1327181000,
    "grossProfit": 2712486000,
    "grossProfitRatio": 0.6714627716,
    "researchAndDevelopmentExpenses": 0,
    "generalAndAdministrativeExpenses": 106672000,
    "sellingAndMarketingExpenses": 1270057000,
    "sellingGeneralAndAdministrativeExpenses": 1376729000,
    "otherExpenses": 459227000,
    "operatingExpenses": 1835956000,
    "costAndExpenses": 3163137000,
    "interestIncome": 0,
    "interestExpense": 54906000,
    "depreciationAndAmortization": 879595000,
    "ebitda": 1761737000,
    "ebitdaratio": 0.4361094615,
    "operatingIncome": 876530000,
    "operatingIncomeRatio": 0.2169807561,
    "totalOtherIncomeExpensesNet": -49294000,
    "incomeBeforeTax": 827236000,
    "incomeBeforeTaxRatio": 0.2047782651,
    "incomeTaxExpense": 191810000,
    "netIncome": 635426000,
    "netIncomeRatio": 0.1572966287,
    "eps": 1.1,
    "epsdiluted": 1.1,
    "weightedAverageShsOut": 577207000,
    "weightedAverageShsOutDil": 580222000,
    "link": "https://www.sec.gov/Archives/edgar/data/821189/000082118919000020/0000821189-19-000020-index.htm",
    "finalLink": "https://www.sec.gov/Archives/edgar/data/821189/000082118919000020/a2019033110-q.htm"
  },
  {
    "date": "2018-12-31",
    "symbol": "EOG",
    "reportedCurrency": "USD",
    "cik": "0000821189",
    "fillingDate": "2019-02-26",
    "acceptedDate": "2019-02-26 16:24:41",
    "calendarYear": "2018",
    "period": "Q4",
    "revenue": 4369681000,
    "costOfRevenue": 1378801000,
    "grossProfit": 2990880000,
    "grossProfitRatio": 0.6844618635,
    "researchAndDevelopmentExpenses": 0,
    "generalAndAdministrativeExpenses": 116904000,
    "sellingAndMarketingExpenses": 1349416000,
    "sellingGeneralAndAdministrativeExpenses": 1466320000,
    "otherExpenses": 401420000,
    "operatingExpenses": 1867740000,
    "costAndExpenses": 3246541000,
    "interestIncome": 0,
    "interestExpense": 56020000,
    "depreciationAndAmortization": 919963000,
    "ebitda": 2064323000,
    "ebitdaratio": 0.4724196114,
    "operatingIncome": 1123140000,
    "operatingIncomeRatio": 0.2570302043,
    "totalOtherIncomeExpensesNet": -34800000,
    "incomeBeforeTax": 1088340000,
    "incomeBeforeTaxRatio": 0.2490662362,
    "incomeTaxExpense": 195572000,
    "netIncome": 892768000,
    "netIncomeRatio": 0.204309651,
    "eps": 1.55,
    "epsdiluted": 1.54,
    "weightedAverageShsOut": 577000000,
    "weightedAverageShsOutDil": 580300000,
    "link": "https://www.sec.gov/Archives/edgar/data/821189/000082118919000009/0000821189-19-000009-index.htm",
    "finalLink": "https://www.sec.gov/Archives/edgar/data/821189/000082118919000009/a2018123110-k.htm"
  },
  {
    "date": "2018-09-30",
    "symbol": "EOG",
    "reportedCurrency": "USD",
    "cik": "0000821189",
    "fillingDate": "2018-11-01",
    "acceptedDate": "2018-11-01 16:36:30",
    "calendarYear": "2018",
    "period": "Q3",
    "revenue": 4681687000,
    "costOfRevenue": 1353811000,
    "grossProfit": 3327876000,
    "grossProfitRatio": 0.710828383,
    "researchAndDevelopmentExpenses": 0,
    "generalAndAdministrativeExpenses": 111284000,
    "sellingAndMarketingExpenses": 1326974000,
    "sellingGeneralAndAdministrativeExpenses": 1438258000,
    "otherExpenses": 382931000,
    "operatingExpenses": 1821189000,
    "costAndExpenses": 3175000000,
    "interestIncome": 0,
    "interestExpense": 63632000,
    "depreciationAndAmortization": 918180000,
    "ebitda": 2428175000,
    "ebitdaratio": 0.5186538528,
    "operatingIncome": 1506687000,
    "operatingIncomeRatio": 0.3218256581,
    "totalOtherIncomeExpensesNet": -60324000,
    "incomeBeforeTax": 1446363000,
    "incomeBeforeTaxRatio": 0.3089405592,
    "incomeTaxExpense": 255411000,
    "netIncome": 1190952000,
    "netIncomeRatio": 0.2543852248,
    "eps": 2.06,
    "epsdiluted": 2.05,
    "weightedAverageShsOut": 577254000,
    "weightedAverageShsOutDil": 581559000,
    "link": "https://www.sec.gov/Archives/edgar/data/821189/000082118918000044/0000821189-18-000044-index.htm",
    "finalLink": "https://www.sec.gov/Archives/edgar/data/821189/000082118918000044/a2018093010-q.htm"
  },
  {
    "date": "2018-06-30",
    "symbol": "EOG",
    "reportedCurrency": "USD",
    "cik": "0000821189",
    "fillingDate": "2018-08-02",
    "acceptedDate": "2018-08-02 16:26:37",
    "calendarYear": "2018",
    "period": "Q2",
    "revenue": 4401163000,
    "costOfRevenue": 1272447000,
    "grossProfit": 3128716000,
    "grossProfitRatio": 0.7108839186,
    "researchAndDevelopmentExpenses": 0,
    "generalAndAdministrativeExpenses": 104083000,
    "sellingAndMarketingExpenses": 1420463000,
    "sellingGeneralAndAdministrativeExpenses": 1524546000,
    "otherExpenses": 639239000,
    "operatingExpenses": 2163785000,
    "costAndExpenses": 3436232000,
    "interestIncome": 0,
    "interestExpense": 63444000,
    "depreciationAndAmortization": 848674000,
    "ebitda": 1805054000,
    "ebitdaratio": 0.4101311403,
    "operatingIncome": 964931000,
    "operatingIncomeRatio": 0.2192445497,
    "totalOtherIncomeExpensesNet": -71995000,
    "incomeBeforeTax": 892936000,
    "incomeBeforeTaxRatio": 0.2028863734,
    "incomeTaxExpense": 196205000,
    "netIncome": 696731000,
    "netIncomeRatio": 0.1583061114,
    "eps": 1.21,
    "epsdiluted": 1.2,
    "weightedAverageShsOut": 576135000,
    "weightedAverageShsOutDil": 580375000,
    "link": "https://www.sec.gov/Archives/edgar/data/821189/000082118918000034/0000821189-18-000034-index.htm",
    "finalLink": "https://www.sec.gov/Archives/edgar/data/821189/000082118918000034/a2018063010-q.htm"
  },
  {
    "date": "2018-03-31",
    "symbol": "EOG",
    "reportedCurrency": "USD",
    "cik": "0000821189",
    "fillingDate": "2018-05-03",
    "acceptedDate": "2018-05-03 16:24:26",
    "calendarYear": "2018",
    "period": "Q1",
    "revenue": 3724311000,
    "costOfRevenue": 1150000000,
    "grossProfit": 2574311000,
    "grossProfitRatio": 0.6912180535,
    "researchAndDevelopmentExpenses": 0,
    "generalAndAdministrativeExpenses": 94698000,
    "sellingAndMarketingExpenses": 1106390000,
    "sellingGeneralAndAdministrativeExpenses": 1201088000,
    "otherExpenses": 498635000,
    "operatingExpenses": 1699723000,
    "costAndExpenses": 2849723000,
    "interestIncome": 0,
    "interestExpense": 61956000,
    "depreciationAndAmortization": 748591000,
    "ebitda": 1623906000,
    "ebitdaratio": 0.4360285701,
    "operatingIncome": 874588000,
    "operatingIncomeRatio": 0.2348321609,
    "totalOtherIncomeExpensesNet": -61229000,
    "incomeBeforeTax": 813359000,
    "incomeBeforeTaxRatio": 0.2183918046,
    "incomeTaxExpense": 174770000,
    "netIncome": 638589000,
    "netIncomeRatio": 0.1714650039,
    "eps": 1.11,
    "epsdiluted": 1.1,
    "weightedAverageShsOut": 575775000,
    "weightedAverageShsOutDil": 579726000,
    "link": "https://www.sec.gov/Archives/edgar/data/821189/000082118918000025/0000821189-18-000025-index.htm",
    "finalLink": "https://www.sec.gov/Archives/edgar/data/821189/000082118918000025/a2018033110-q.htm"
  },
  {
    "date": "2017-12-31",
    "symbol": "EOG",
    "reportedCurrency": "USD",
    "cik": "0000821189",
    "fillingDate": "2018-02-27",
    "acceptedDate": "2018-02-27 16:28:26",
    "calendarYear": "2017",
    "period": "Q4",
    "revenue": 3433950000,
    "costOfRevenue": 1206981000,
    "grossProfit": 2226969000,
    "grossProfitRatio": 0.6485152667,
    "researchAndDevelopmentExpenses": 0,
    "generalAndAdministrativeExpenses": 117005000,
    "sellingAndMarketingExpenses": 1009566000,
    "sellingGeneralAndAdministrativeExpenses": 1126571000,
    "otherExpenses": 624486000,
    "operatingExpenses": 1751057000,
    "costAndExpenses": 2958038000,
    "interestIncome": 0,
    "interestExpense": 63362000,
    "depreciationAndAmortization": 881745000,
    "ebitda": 1358460000,
    "ebitdaratio": 0.3955969074,
    "operatingIncome": 475912000,
    "operatingIncomeRatio": 0.1385902532,
    "totalOtherIncomeExpensesNet": -62559000,
    "incomeBeforeTax": 413353000,
    "incomeBeforeTaxRatio": 0.1203724574,
    "incomeTaxExpense": -2017115000,
    "netIncome": 2430468000,
    "netIncomeRatio": 0.7077761761,
    "eps": 4.22,
    "epsdiluted": 4.2,
    "weightedAverageShsOut": 575400000,
    "weightedAverageShsOutDil": 579200000,
    "link": "https://www.sec.gov/Archives/edgar/data/821189/000082118918000012/0000821189-18-000012-index.htm",
    "finalLink": "https://www.sec.gov/Archives/edgar/data/821189/000082118918000012/a2017123110-k.htm"
  },
  {
    "date": "2017-09-30",
    "symbol": "EOG",
    "reportedCurrency": "USD",
    "cik": "0000821189",
    "fillingDate": "2017-11-02",
    "acceptedDate": "2017-11-02 16:44:36",
    "calendarYear": "2017",
    "period": "Q3",
    "revenue": 2636218000,
    "costOfRevenue": 1130755000,
    "grossProfit": 1505463000,
    "grossProfitRatio": 0.5710692363,
    "researchAndDevelopmentExpenses": 0,
    "generalAndAdministrativeExpenses": 111717000,
    "sellingAndMarketingExpenses": 793536000,
    "sellingGeneralAndAdministrativeExpenses": 905253000,
    "otherExpenses": 385374000,
    "operatingExpenses": 1290627000,
    "costAndExpenses": 2421382000,
    "interestIncome": 0,
    "interestExpense": 69082000,
    "depreciationAndAmortization": 846222000,
    "ebitda": 1061284000,
    "ebitdaratio": 0.402578239,
    "operatingIncome": 214836000,
    "operatingIncomeRatio": 0.0814940191,
    "totalOtherIncomeExpensesNet": -68856000,
    "incomeBeforeTax": 145980000,
    "incomeBeforeTaxRatio": 0.0553747831,
    "incomeTaxExpense": 45439000,
    "netIncome": 100541000,
    "netIncomeRatio": 0.0381383482,
    "eps": 0.17,
    "epsdiluted": 0.17,
    "weightedAverageShsOut": 574783000,
    "weightedAverageShsOutDil": 578736000,
    "link": "https://www.sec.gov/Archives/edgar/data/821189/000082118917000054/0000821189-17-000054-index.htm",
    "finalLink": "https://www.sec.gov/Archives/edgar/data/821189/000082118917000054/a2017093010-q.htm"
  },
  {
    "date": "2017-06-30",
    "symbol": "EOG",
    "reportedCurrency": "USD",
    "cik": "0000821189",
    "fillingDate": "2017-08-01",
    "acceptedDate": "2017-08-01 17:00:56",
    "calendarYear": "2017",
    "period": "Q2",
    "revenue": 2595166000,
    "costOfRevenue": 1155316000,
    "grossProfit": 1439850000,
    "grossProfitRatio": 0.55482,
    "researchAndDevelopmentExpenses": 0,
    "generalAndAdministrativeExpenses": 108507000,
    "sellingAndMarketingExpenses": 790599000,
    "sellingGeneralAndAdministrativeExpenses": 899106000,
    "otherExpenses": 412836000,
    "operatingExpenses": 1311942000,
    "costAndExpenses": 2467258000,
    "interestIncome": 0,
    "interestExpense": 70413000,
    "depreciationAndAmortization": 865384000,
    "ebitda": 998264000,
    "ebitdaratio": 0.3846628694,
    "operatingIncome": 127908000,
    "operatingIncomeRatio": 0.0492870206,
    "totalOtherIncomeExpensesNet": -65441000,
    "incomeBeforeTax": 62467000,
    "incomeBeforeTaxRatio": 0.0240705219,
    "incomeTaxExpense": 39414000,
    "netIncome": 23053000,
    "netIncomeRatio": 0.0088830541,
    "eps": 0.04,
    "epsdiluted": 0.04,
    "weightedAverageShsOut": 574439000,
    "weightedAverageShsOutDil": 578483000,
    "link": "https://www.sec.gov/Archives/edgar/data/821189/000082118917000038/0000821189-17-000038-index.htm",
    "finalLink": "https://www.sec.gov/Archives/edgar/data/821189/000082118917000038/a2017063010-q.htm"
  },
  {
    "date": "2017-03-30",
    "symbol": "EOG",
    "reportedCurrency": "USD",
    "cik": "0000821189",
    "fillingDate": "2017-05-08",
    "acceptedDate": "2017-05-08 16:34:40",
    "calendarYear": "2017",
    "period": "Q1",
    "revenue": 2540644000,
    "costOfRevenue": 1109957000,
    "grossProfit": 1430687000,
    "grossProfitRatio": 0.5631198232,
    "researchAndDevelopmentExpenses": 0,
    "generalAndAdministrativeExpenses": 97238000,
    "sellingAndMarketingExpenses": 736536000,
    "sellingGeneralAndAdministrativeExpenses": 833774000,
    "otherExpenses": 489167000,
    "operatingExpenses": 1322941000,
    "costAndExpenses": 2432898000,
    "interestIncome": 0,
    "interestExpense": 71515000,
    "depreciationAndAmortization": 816036000,
    "ebitda": 926933000,
    "ebitdaratio": 0.3648417488,
    "operatingIncome": 107746000,
    "operatingIncomeRatio": 0.0424089325,
    "totalOtherIncomeExpensesNet": -68364000,
    "incomeBeforeTax": 39382000,
    "incomeBeforeTaxRatio": 0.0155007943,
    "incomeTaxExpense": 10865000,
    "netIncome": 28517000,
    "netIncomeRatio": 0.0112243195,
    "eps": 0.05,
    "epsdiluted": 0.05,
    "weightedAverageShsOut": 573935000,
    "weightedAverageShsOutDil": 578593000,
    "link": "https://www.sec.gov/Archives/edgar/data/821189/000082118917000029/0000821189-17-000029-index.htm",
    "finalLink": "https://www.sec.gov/Archives/edgar/data/821189/000082118917000029/a2017033110-q.htm"
  },
  {
    "date": "2016-12-31",
    "symbol": "EOG",
    "reportedCurrency": "USD",
    "cik": "0000821189",
    "fillingDate": "2017-02-27",
    "acceptedDate": "2017-02-27 17:06:32",
    "calendarYear": "2016",
    "period": "Q4",
    "revenue": 2334039000,
    "costOfRevenue": 1136886000,
    "grossProfit": 1197153000,
    "grossProfitRatio": 0.5129104527,
    "researchAndDevelopmentExpenses": 0,
    "generalAndAdministrativeExpenses": 102182000,
    "sellingAndMarketingExpenses": 634248000,
    "sellingGeneralAndAdministrativeExpenses": 736430000,
    "otherExpenses": 566210000,
    "operatingExpenses": 1302640000,
    "costAndExpenses": 2439526000,
    "interestIncome": 0,
    "interestExpense": 71325000,
    "depreciationAndAmortization": 862524000,
    "ebitda": 739839000,
    "ebitdaratio": 0.3169779939,
    "operatingIncome": -105487000,
    "operatingIncomeRatio": -0.045195046,
    "totalOtherIncomeExpensesNet": -88523000,
    "incomeBeforeTax": -194010000,
    "incomeBeforeTaxRatio": -0.0831220044,
    "incomeTaxExpense": -51658000,
    "netIncome": -142352000,
    "netIncomeRatio": -0.060989555,
    "eps": -0.25,
    "epsdiluted": -0.25,
    "weightedAverageShsOut": 563163641,
    "weightedAverageShsOutDil": 567300000,
    "link": "https://www.sec.gov/Archives/edgar/data/821189/000082118917000017/0000821189-17-000017-index.htm",
    "finalLink": "https://www.sec.gov/Archives/edgar/data/821189/000082118917000017/a2016123110-k.htm"
  },
  {
    "date": "2016-09-30",
    "symbol": "EOG",
    "reportedCurrency": "USD",
    "cik": "0000821189",
    "fillingDate": "2016-11-03",
    "acceptedDate": "2016-11-03 16:28:58",
    "calendarYear": "2016",
    "period": "Q3",
    "revenue": 1987905000,
    "costOfRevenue": 1158494000,
    "grossProfit": 829411000,
    "grossProfitRatio": 0.4172286905,
    "researchAndDevelopmentExpenses": 0,
    "generalAndAdministrativeExpenses": 94397000,
    "sellingAndMarketingExpenses": 552487000,
    "sellingGeneralAndAdministrativeExpenses": 646884000,
    "otherExpenses": 376007000,
    "operatingExpenses": 1022891000,
    "costAndExpenses": 2181385000,
    "interestIncome": 0,
    "interestExpense": 70858000,
    "depreciationAndAmortization": 899511000,
    "ebitda": 698119000,
    "ebitdaratio": 0.3511832809,
    "operatingIncome": -193480000,
    "operatingIncomeRatio": -0.0973285947,
    "totalOtherIncomeExpensesNet": -78770000,
    "incomeBeforeTax": -272250000,
    "incomeBeforeTaxRatio": -0.1369532246,
    "incomeTaxExpense": -82250000,
    "netIncome": -190000000,
    "netIncomeRatio": -0.095578008,
    "eps": -0.35,
    "epsdiluted": -0.35,
    "weightedAverageShsOut": 542857142,
    "weightedAverageShsOutDil": 547838000,
    "link": "https://www.sec.gov/Archives/edgar/data/821189/000082118916000089/0000821189-16-000089-index.htm",
    "finalLink": "https://www.sec.gov/Archives/edgar/data/821189/000082118916000089/a2016093010-q.htm"
  },
  {
    "date": "2016-06-30",
    "symbol": "EOG",
    "reportedCurrency": "USD",
    "cik": "0000821189",
    "fillingDate": "2016-08-04",
    "acceptedDate": "2016-08-04 16:21:00",
    "calendarYear": "2016",
    "period": "Q2",
    "revenue": 1812572000,
    "costOfRevenue": 1110110000,
    "grossProfit": 702462000,
    "grossProfitRatio": 0.3875498463,
    "researchAndDevelopmentExpenses": 0,
    "generalAndAdministrativeExpenses": 97705000,
    "sellingAndMarketingExpenses": 480046000,
    "sellingGeneralAndAdministrativeExpenses": 577751000,
    "otherExpenses": 412884000,
    "operatingExpenses": 990635000,
    "costAndExpenses": 2100745000,
    "interestIncome": 0,
    "interestExpense": 71108000,
    "depreciationAndAmortization": 862491000,
    "ebitda": 553322000,
    "ebitdaratio": 0.3052689769,
    "operatingIncome": -288173000,
    "operatingIncomeRatio": -0.1589856844,
    "totalOtherIncomeExpensesNet": -92104000,
    "incomeBeforeTax": -380277000,
    "incomeBeforeTaxRatio": -0.2097996659,
    "incomeTaxExpense": -87719000,
    "netIncome": -292558000,
    "netIncomeRatio": -0.1614048987,
    "eps": -0.53,
    "epsdiluted": -0.53,
    "weightedAverageShsOut": 547335000,
    "weightedAverageShsOutDil": 547335000,
    "link": "https://www.sec.gov/Archives/edgar/data/821189/000082118916000077/0000821189-16-000077-index.htm",
    "finalLink": "https://www.sec.gov/Archives/edgar/data/821189/000082118916000077/a2016063010-q.htm"
  },
  {
    "date": "2016-03-31",
    "symbol": "EOG",
    "reportedCurrency": "USD",
    "cik": "0000821189",
    "fillingDate": "2016-05-05",
    "acceptedDate": "2016-05-05 16:54:24",
    "calendarYear": "2016",
    "period": "Q1",
    "revenue": 1328486000,
    "costOfRevenue": 1198280000,
    "grossProfit": 130206000,
    "grossProfitRatio": 0.0980108183,
    "researchAndDevelopmentExpenses": 0,
    "generalAndAdministrativeExpenses": 100531000,
    "sellingAndMarketingExpenses": 340854000,
    "sellingGeneralAndAdministrativeExpenses": 441385000,
    "otherExpenses": 326962000,
    "operatingExpenses": 768347000,
    "costAndExpenses": 1966627000,
    "interestIncome": 0,
    "interestExpense": 68390000,
    "depreciationAndAmortization": 928891000,
    "ebitda": 286313000,
    "ebitdaratio": 0.2155182667,
    "operatingIncome": -638141000,
    "operatingIncomeRatio": -0.48035207,
    "totalOtherIncomeExpensesNet": -72827000,
    "incomeBeforeTax": -710968000,
    "incomeBeforeTaxRatio": -0.5351716164,
    "incomeTaxExpense": -239192000,
    "netIncome": -471776000,
    "netIncomeRatio": -0.3551230498,
    "eps": -0.86,
    "epsdiluted": -0.86,
    "weightedAverageShsOut": 546715000,
    "weightedAverageShsOutDil": 546715000,
    "link": "https://www.sec.gov/Archives/edgar/data/821189/000082118916000067/0000821189-16-000067-index.htm",
    "finalLink": "https://www.sec.gov/Archives/edgar/data/821189/000082118916000067/a2016033110-q.htm"
  },
  {
    "date": "2015-12-31",
    "symbol": "EOG",
    "reportedCurrency": "USD",
    "cik": "0000821189",
    "fillingDate": "2016-02-25",
    "acceptedDate": "2016-02-25 16:27:17",
    "calendarYear": "2015",
    "period": "Q4",
    "revenue": 1786664000,
    "costOfRevenue": 1057026000,
    "grossProfit": 729638000,
    "grossProfitRatio": 0.4083800871,
    "researchAndDevelopmentExpenses": 0,
    "generalAndAdministrativeExpenses": 109014000,
    "sellingAndMarketingExpenses": 461848000,
    "sellingGeneralAndAdministrativeExpenses": 570862000,
    "otherExpenses": 488529000,
    "operatingExpenses": 1059391000,
    "costAndExpenses": 2116417000,
    "interestIncome": 0,
    "interestExpense": 62993000,
    "depreciationAndAmortization": 769457000,
    "ebitda": 433624000,
    "ebitdaratio": 0.2427003622,
    "operatingIncome": -329753000,
    "operatingIncomeRatio": -0.1845635217,
    "totalOtherIncomeExpensesNet": -69073000,
    "incomeBeforeTax": -398826000,
    "incomeBeforeTaxRatio": -0.2232238406,
    "incomeTaxExpense": -114530000,
    "netIncome": -284296000,
    "netIncomeRatio": -0.159121133,
    "eps": -0.52,
    "epsdiluted": -0.52,
    "weightedAverageShsOut": 544018676,
    "weightedAverageShsOutDil": 546400000,
    "link": "https://www.sec.gov/Archives/edgar/data/821189/000082118916000054/0000821189-16-000054-index.htm",
    "finalLink": "https://www.sec.gov/Archives/edgar/data/821189/000082118916000054/a2015123110-k.htm"
  },
  {
    "date": "2015-09-30",
    "symbol": "EOG",
    "reportedCurrency": "USD",
    "cik": "0000821189",
    "fillingDate": "2015-11-05",
    "acceptedDate": "2015-11-05 16:28:50",
    "calendarYear": "2015",
    "period": "Q3",
    "revenue": 2130363000,
    "costOfRevenue": 1040890000,
    "grossProfit": 1089473000,
    "grossProfitRatio": 0.5114025168,
    "researchAndDevelopmentExpenses": 0,
    "generalAndAdministrativeExpenses": 90959000,
    "sellingAndMarketingExpenses": 615303000,
    "sellingGeneralAndAdministrativeExpenses": 706262000,
    "otherExpenses": 6606168000,
    "operatingExpenses": 7312430000,
    "costAndExpenses": 8353320000,
    "interestIncome": 0,
    "interestExpense": 60571000,
    "depreciationAndAmortization": 722172000,
    "ebitda": -5492178000,
    "ebitdaratio": -2.5780479665,
    "operatingIncome": -6222957000,
    "operatingIncomeRatio": -2.9210782388,
    "totalOtherIncomeExpensesNet": -51964000,
    "incomeBeforeTax": -6274921000,
    "incomeBeforeTaxRatio": -2.9454703259,
    "incomeTaxExpense": -2199182000,
    "netIncome": -4075739000,
    "netIncomeRatio": -1.9131664416,
    "eps": -7.47,
    "epsdiluted": -7.47,
    "weightedAverageShsOut": 545614323,
    "weightedAverageShsOutDil": 545920000,
    "link": "https://www.sec.gov/Archives/edgar/data/821189/000082118915000046/0000821189-15-000046-index.htm",
    "finalLink": "https://www.sec.gov/Archives/edgar/data/821189/000082118915000046/a2015093010-q.htm"
  },
  {
    "date": "2015-06-30",
    "symbol": "EOG",
    "reportedCurrency": "USD",
    "cik": "0000821189",
    "fillingDate": "2015-08-06",
    "acceptedDate": "2015-08-06 16:12:47",
    "calendarYear": "2015",
    "period": "Q2",
    "revenue": 2509080000,
    "costOfRevenue": 1233888000,
    "grossProfit": 1275192000,
    "grossProfitRatio": 0.5082309054,
    "researchAndDevelopmentExpenses": 0,
    "generalAndAdministrativeExpenses": 82324000,
    "sellingAndMarketingExpenses": 670169000,
    "sellingGeneralAndAdministrativeExpenses": 752493000,
    "otherExpenses": 483073000,
    "operatingExpenses": 1235566000,
    "costAndExpenses": 2469454000,
    "interestIncome": 0,
    "interestExpense": 60484000,
    "depreciationAndAmortization": 909227000,
    "ebitda": 958233000,
    "ebitdaratio": 0.381906117,
    "operatingIncome": 39626000,
    "operatingIncomeRatio": 0.0157930397,
    "totalOtherIncomeExpensesNet": -51104000,
    "incomeBeforeTax": -11478000,
    "incomeBeforeTaxRatio": -0.0045745851,
    "incomeTaxExpense": -16746000,
    "netIncome": 5268000,
    "netIncomeRatio": 0.0020995743,
    "eps": 0.01,
    "epsdiluted": 0.01,
    "weightedAverageShsOut": 545504000,
    "weightedAverageShsOutDil": 549683000,
    "link": "https://www.sec.gov/Archives/edgar/data/821189/000082118915000033/0000821189-15-000033-index.htm",
    "finalLink": "https://www.sec.gov/Archives/edgar/data/821189/000082118915000033/a2015063010-q.htm"
  },
  {
    "date": "2015-03-31",
    "symbol": "EOG",
    "reportedCurrency": "USD",
    "cik": "0000821189",
    "fillingDate": "2015-05-04",
    "acceptedDate": "2015-05-04 16:23:04",
    "calendarYear": "2015",
    "period": "Q1",
    "revenue": 2230286000,
    "costOfRevenue": 1310278000,
    "grossProfit": 920008000,
    "grossProfitRatio": 0.4125067368,
    "researchAndDevelopmentExpenses": 0,
    "generalAndAdministrativeExpenses": 84297000,
    "sellingAndMarketingExpenses": 638662000,
    "sellingGeneralAndAdministrativeExpenses": 722959000,
    "otherExpenses": 370044000,
    "operatingExpenses": 1093003000,
    "costAndExpenses": 2403281000,
    "interestIncome": 0,
    "interestExpense": 53345000,
    "depreciationAndAmortization": 912788000,
    "ebitda": 729802000,
    "ebitdaratio": 0.3272235041,
    "operatingIncome": -172995000,
    "operatingIncomeRatio": -0.0775662852,
    "totalOtherIncomeExpensesNet": -63336000,
    "incomeBeforeTax": -236331000,
    "incomeBeforeTaxRatio": -0.1059644368,
    "incomeTaxExpense": -66583000,
    "netIncome": -169748000,
    "netIncomeRatio": -0.0761104181,
    "eps": -0.31,
    "epsdiluted": -0.31,
    "weightedAverageShsOut": 544998000,
    "weightedAverageShsOutDil": 544998000,
    "link": "https://www.sec.gov/Archives/edgar/data/821189/000082118915000023/0000821189-15-000023-index.htm",
    "finalLink": "https://www.sec.gov/Archives/edgar/data/821189/000082118915000023/a2015033110-q.htm"
  },
  {
    "date": "2014-12-31",
    "symbol": "EOG",
    "reportedCurrency": "USD",
    "cik": "0000821189",
    "fillingDate": "2015-02-18",
    "acceptedDate": "2015-02-18 17:28:02",
    "calendarYear": "2014",
    "period": "Q4",
    "revenue": 3449488000,
    "costOfRevenue": 1432496000,
    "grossProfit": 2016992000,
    "grossProfitRatio": 0.5847221385,
    "researchAndDevelopmentExpenses": 0,
    "generalAndAdministrativeExpenses": 131285000,
    "sellingAndMarketingExpenses": 862589000,
    "sellingGeneralAndAdministrativeExpenses": 993874000,
    "otherExpenses": -203534000,
    "operatingExpenses": 790340000,
    "costAndExpenses": 2222836000,
    "interestIncome": 0,
    "interestExpense": 49735000,
    "depreciationAndAmortization": 1013930000,
    "ebitda": 2212258000,
    "ebitdaratio": 0.6413293799,
    "operatingIncome": 1226652000,
    "operatingIncomeRatio": 0.3556040781,
    "totalOtherIncomeExpensesNet": -78059000,
    "incomeBeforeTax": 1148593000,
    "incomeBeforeTaxRatio": 0.3329749227,
    "incomeTaxExpense": 704005000,
    "netIncome": 444588000,
    "netIncomeRatio": 0.1288852143,
    "eps": 0.82,
    "epsdiluted": 0.81,
    "weightedAverageShsOut": 544600000,
    "weightedAverageShsOutDil": 549200000,
    "link": "https://www.sec.gov/Archives/edgar/data/821189/000082118915000010/0000821189-15-000010-index.htm",
    "finalLink": "https://www.sec.gov/Archives/edgar/data/821189/000082118915000010/a2014123110-k.htm"
  },
  {
    "date": "2014-09-30",
    "symbol": "EOG",
    "reportedCurrency": "USD",
    "cik": "0000821189",
    "fillingDate": "2014-11-04",
    "acceptedDate": "2014-11-04 17:08:18",
    "calendarYear": "2014",
    "period": "Q3",
    "revenue": 4570470000,
    "costOfRevenue": 1449979000,
    "grossProfit": 3120491000,
    "grossProfitRatio": 0.6827505705,
    "researchAndDevelopmentExpenses": 0,
    "generalAndAdministrativeExpenses": 96931000,
    "sellingAndMarketingExpenses": 1213652000,
    "sellingGeneralAndAdministrativeExpenses": 1310583000,
    "otherExpenses": 23746000,
    "operatingExpenses": 1334329000,
    "costAndExpenses": 2784308000,
    "interestIncome": 0,
    "interestExpense": 49704000,
    "depreciationAndAmortization": 1040018000,
    "ebitda": 2804842000,
    "ebitdaratio": 0.6136878702,
    "operatingIncome": 1786162000,
    "operatingIncomeRatio": 0.3908048844,
    "totalOtherIncomeExpensesNet": -71042000,
    "incomeBeforeTax": 1715120000,
    "incomeBeforeTaxRatio": 0.3752611876,
    "incomeTaxExpense": 611502000,
    "netIncome": 1103618000,
    "netIncomeRatio": 0.2414670701,
    "eps": 2.03,
    "epsdiluted": 2.01,
    "weightedAverageShsOut": 543984000,
    "weightedAverageShsOutDil": 549518000,
    "link": "https://www.sec.gov/Archives/edgar/data/821189/000082118914000042/0000821189-14-000042-index.htm",
    "finalLink": "https://www.sec.gov/Archives/edgar/data/821189/000082118914000042/a2014093010-q.htm"
  },
  {
    "date": "2014-06-30",
    "symbol": "EOG",
    "reportedCurrency": "USD",
    "cik": "0000821189",
    "fillingDate": "2014-08-05",
    "acceptedDate": "2014-08-05 17:11:39",
    "calendarYear": "2014",
    "period": "Q2",
    "revenue": 4403834000,
    "costOfRevenue": 1375530000,
    "grossProfit": 3028304000,
    "grossProfitRatio": 0.6876517144,
    "researchAndDevelopmentExpenses": 0,
    "generalAndAdministrativeExpenses": 90932000,
    "sellingAndMarketingExpenses": 1043515000,
    "sellingGeneralAndAdministrativeExpenses": 1134447000,
    "otherExpenses": 749127000,
    "operatingExpenses": 1883574000,
    "costAndExpenses": 3259104000,
    "interestIncome": 0,
    "interestExpense": 51867000,
    "depreciationAndAmortization": 996602000,
    "ebitda": 2149282000,
    "ebitdaratio": 0.4880479146,
    "operatingIncome": 1144730000,
    "operatingIncomeRatio": 0.2599394073,
    "totalOtherIncomeExpensesNet": -43917000,
    "incomeBeforeTax": 1100813000,
    "incomeBeforeTaxRatio": 0.2499669606,
    "incomeTaxExpense": 394460000,
    "netIncome": 706353000,
    "netIncomeRatio": 0.1603950103,
    "eps": 1.3,
    "epsdiluted": 1.29,
    "weightedAverageShsOut": 543099000,
    "weightedAverageShsOutDil": 548676000,
    "link": "https://www.sec.gov/Archives/edgar/data/821189/000082118914000031/0000821189-14-000031-index.htm",
    "finalLink": "https://www.sec.gov/Archives/edgar/data/821189/000082118914000031/a2014063010-q.htm"
  },
  {
    "date": "2014-03-31",
    "symbol": "EOG",
    "reportedCurrency": "USD",
    "cik": "0000821189",
    "fillingDate": "2014-05-06",
    "acceptedDate": "2014-05-05 18:33:50",
    "calendarYear": "2014",
    "period": "Q1",
    "revenue": 4215441000,
    "costOfRevenue": 1301249000,
    "grossProfit": 2914192000,
    "grossProfitRatio": 0.6913136728,
    "researchAndDevelopmentExpenses": 0,
    "generalAndAdministrativeExpenses": 82862000,
    "sellingAndMarketingExpenses": 1006304000,
    "sellingGeneralAndAdministrativeExpenses": 1089166000,
    "otherExpenses": 740747000,
    "operatingExpenses": 1829913000,
    "costAndExpenses": 3131162000,
    "interestIncome": 0,
    "interestExpense": 50152000,
    "depreciationAndAmortization": 946491000,
    "ebitda": 2027432000,
    "ebitdaratio": 0.4809537128,
    "operatingIncome": 1084279000,
    "operatingIncomeRatio": 0.2572160303,
    "totalOtherIncomeExpensesNet": -53490000,
    "incomeBeforeTax": 1030789000,
    "incomeBeforeTaxRatio": 0.2445269665,
    "incomeTaxExpense": 369861000,
    "netIncome": 660928000,
    "netIncomeRatio": 0.1567873919,
    "eps": 1.22,
    "epsdiluted": 1.21,
    "weightedAverageShsOut": 542278000,
    "weightedAverageShsOutDil": 548071000,
    "link": "https://www.sec.gov/Archives/edgar/data/821189/000082118914000020/0000821189-14-000020-index.htm",
    "finalLink": "https://www.sec.gov/Archives/edgar/data/821189/000082118914000020/eog1qtr10-q.htm"
  },
  {
    "date": "2013-12-31",
    "symbol": "EOG",
    "reportedCurrency": "USD",
    "cik": "0000821189",
    "fillingDate": "2014-02-24",
    "acceptedDate": "2014-02-24 17:25:32",
    "calendarYear": "2013",
    "period": "Q4",
    "revenue": 3685972000,
    "costOfRevenue": 1230527000,
    "grossProfit": 2455445000,
    "grossProfitRatio": 0.6661594282,
    "researchAndDevelopmentExpenses": 0,
    "generalAndAdministrativeExpenses": 91066000,
    "sellingAndMarketingExpenses": 901940000,
    "sellingGeneralAndAdministrativeExpenses": 993006000,
    "otherExpenses": 482115000,
    "operatingExpenses": 1475121000,
    "costAndExpenses": 2705648000,
    "interestIncome": 0,
    "interestExpense": 52510000,
    "depreciationAndAmortization": 915257000,
    "ebitda": 1886849000,
    "ebitdaratio": 0.5118999819,
    "operatingIncome": 980324000,
    "operatingIncomeRatio": 0.2659607832,
    "totalOtherIncomeExpensesNet": -61242000,
    "incomeBeforeTax": 919082000,
    "incomeBeforeTaxRatio": 0.2493458984,
    "incomeTaxExpense": 338888000,
    "netIncome": 580194000,
    "netIncomeRatio": 0.1574059705,
    "eps": 1.07,
    "epsdiluted": 1.07,
    "weightedAverageShsOut": 540942000,
    "weightedAverageShsOutDil": 540942000,
    "link": "https://www.sec.gov/Archives/edgar/data/821189/000082118914000007/0000821189-14-000007-index.htm",
    "finalLink": "https://www.sec.gov/Archives/edgar/data/821189/000082118914000007/eogform10-k.htm"
  },
  {
    "date": "2013-09-30",
    "symbol": "EOG",
    "reportedCurrency": "USD",
    "cik": "0000821189",
    "fillingDate": "2013-11-06",
    "acceptedDate": "2013-11-06 17:16:06",
    "calendarYear": "2013",
    "period": "Q3",
    "revenue": 3814754000,
    "costOfRevenue": 1259090000,
    "grossProfit": 2555664000,
    "grossProfitRatio": 0.6699420199,
    "researchAndDevelopmentExpenses": 0,
    "generalAndAdministrativeExpenses": 98654000,
    "sellingAndMarketingExpenses": 876761000,
    "sellingGeneralAndAdministrativeExpenses": 975415000,
    "otherExpenses": 810480000,
    "operatingExpenses": 1785895000,
    "costAndExpenses": 3044985000,
    "interestIncome": 0,
    "interestExpense": 59382000,
    "depreciationAndAmortization": 928800000,
    "ebitda": 1709737000,
    "ebitdaratio": 0.4481906304,
    "operatingIncome": 769769000,
    "operatingIncomeRatio": 0.2017873236,
    "totalOtherIncomeExpensesNet": -48214000,
    "incomeBeforeTax": 721555000,
    "incomeBeforeTaxRatio": 0.1891485008,
    "incomeTaxExpense": 259057000,
    "netIncome": 462498000,
    "netIncomeRatio": 0.1212392726,
    "eps": 0.85,
    "epsdiluted": 0.85,
    "weightedAverageShsOut": 540941000,
    "weightedAverageShsOutDil": 547152000,
    "link": "https://www.sec.gov/Archives/edgar/data/821189/000082118913000048/0000821189-13-000048-index.htm",
    "finalLink": "https://www.sec.gov/Archives/edgar/data/821189/000082118913000048/eog3qtr10-q.htm"
  },
  {
    "date": "2013-06-30",
    "symbol": "EOG",
    "reportedCurrency": "USD",
    "cik": "0000821189",
    "fillingDate": "2013-08-06",
    "acceptedDate": "2013-08-06 17:17:46",
    "calendarYear": "2013",
    "period": "Q2",
    "revenue": 3613471000,
    "costOfRevenue": 1205316000,
    "grossProfit": 2408155000,
    "grossProfitRatio": 0.6664381698,
    "researchAndDevelopmentExpenses": 0,
    "generalAndAdministrativeExpenses": 80607000,
    "sellingAndMarketingExpenses": 965490000,
    "sellingGeneralAndAdministrativeExpenses": 1046097000,
    "otherExpenses": 270014000,
    "operatingExpenses": 1316111000,
    "costAndExpenses": 2521427000,
    "interestIncome": 0,
    "interestExpense": 61647000,
    "depreciationAndAmortization": 910531000,
    "ebitda": 2007408000,
    "ebitdaratio": 0.5555345539,
    "operatingIncome": 1092044000,
    "operatingIncomeRatio": 0.302214685,
    "totalOtherIncomeExpensesNet": -56814000,
    "incomeBeforeTax": 1035230000,
    "incomeBeforeTaxRatio": 0.2864918523,
    "incomeTaxExpense": 375538000,
    "netIncome": 659692000,
    "netIncomeRatio": 0.1825646311,
    "eps": 1.22,
    "epsdiluted": 1.21,
    "weightedAverageShsOut": 540033000,
    "weightedAverageShsOutDil": 545477000,
    "link": "https://www.sec.gov/Archives/edgar/data/821189/000082118913000040/0000821189-13-000040-index.htm",
    "finalLink": "https://www.sec.gov/Archives/edgar/data/821189/000082118913000040/eog2qtr10-q.htm"
  },
  {
    "date": "2013-03-31",
    "symbol": "EOG",
    "reportedCurrency": "USD",
    "cik": "0000821189",
    "fillingDate": "2013-05-06",
    "acceptedDate": "2013-05-06 17:17:03",
    "calendarYear": "2013",
    "period": "Q1",
    "revenue": 3285198000,
    "costOfRevenue": 1119892000,
    "grossProfit": 2165306000,
    "grossProfitRatio": 0.6591097401,
    "researchAndDevelopmentExpenses": 0,
    "generalAndAdministrativeExpenses": 77985000,
    "sellingAndMarketingExpenses": 904649000,
    "sellingGeneralAndAdministrativeExpenses": 982634000,
    "otherExpenses": 349598000,
    "operatingExpenses": 1332232000,
    "costAndExpenses": 2452124000,
    "interestIncome": 0,
    "interestExpense": 61921000,
    "depreciationAndAmortization": 846388000,
    "ebitda": 1669328000,
    "ebitdaratio": 0.5081361915,
    "operatingIncome": 833074000,
    "operatingIncomeRatio": 0.2535841067,
    "totalOtherIncomeExpensesNet": -72055000,
    "incomeBeforeTax": 761019000,
    "incomeBeforeTaxRatio": 0.2316508777,
    "incomeTaxExpense": 266294000,
    "netIncome": 494725000,
    "netIncomeRatio": 0.1505921409,
    "eps": 0.92,
    "epsdiluted": 0.91,
    "weightedAverageShsOut": 538717000,
    "weightedAverageShsOutDil": 544526000,
    "link": "https://www.sec.gov/Archives/edgar/data/821189/000082118913000028/0000821189-13-000028-index.htm",
    "finalLink": "https://www.sec.gov/Archives/edgar/data/821189/000082118913000028/eog1qtr10-q1.htm"
  },
  {
    "date": "2012-12-31",
    "symbol": "EOG",
    "reportedCurrency": "USD",
    "cik": "0000821189",
    "fillingDate": "2013-02-22",
    "acceptedDate": "2013-02-21 20:04:48",
    "calendarYear": "2012",
    "period": "Q4",
    "revenue": 2711573000,
    "costOfRevenue": 2984947000,
    "grossProfit": -273374000,
    "grossProfitRatio": -0.100817496,
    "researchAndDevelopmentExpenses": 0,
    "generalAndAdministrativeExpenses": 86679000,
    "sellingAndMarketingExpenses": 880451000,
    "sellingGeneralAndAdministrativeExpenses": 967130000,
    "otherExpenses": -862443000,
    "operatingExpenses": 104687000,
    "costAndExpenses": 3089634000,
    "interestIncome": 0,
    "interestExpense": 0,
    "depreciationAndAmortization": 786344000,
    "ebitda": 499867000,
    "ebitdaratio": 0.1843457654,
    "operatingIncome": -378061000,
    "operatingIncomeRatio": -0.1394249758,
    "totalOtherIncomeExpensesNet": -67761000,
    "incomeBeforeTax": -445822000,
    "incomeBeforeTaxRatio": -0.1644145299,
    "incomeTaxExpense": 59177000,
    "netIncome": -504999000,
    "netIncomeRatio": -0.1862383937,
    "eps": -0.94,
    "epsdiluted": -0.94,
    "weightedAverageShsOut": 537800000,
    "weightedAverageShsOutDil": 537800000,
    "link": "https://www.sec.gov/Archives/edgar/data/821189/000082118913000014/0000821189-13-000014-index.htm",
    "finalLink": "https://www.sec.gov/Archives/edgar/data/821189/000082118913000014/eogform10-k.htm"
  },
  {
    "date": "2012-09-30",
    "symbol": "EOG",
    "reportedCurrency": "USD",
    "cik": "0000821189",
    "fillingDate": "2012-11-05",
    "acceptedDate": "2012-11-05 17:17:29",
    "calendarYear": "2012",
    "period": "Q3",
    "revenue": 2873632000,
    "costOfRevenue": 1105526000,
    "grossProfit": 1768106000,
    "grossProfitRatio": 0.6152861605,
    "researchAndDevelopmentExpenses": 0,
    "generalAndAdministrativeExpenses": 92870000,
    "sellingAndMarketingExpenses": 755457000,
    "sellingGeneralAndAdministrativeExpenses": 848327000,
    "otherExpenses": 314032000,
    "operatingExpenses": 1162359000,
    "costAndExpenses": 2267885000,
    "interestIncome": 0,
    "interestExpense": 53154000,
    "depreciationAndAmortization": 825851000,
    "ebitda": 1439194000,
    "ebitdaratio": 0.5008275242,
    "operatingIncome": 605747000,
    "operatingIncomeRatio": 0.2107949104,
    "totalOtherIncomeExpensesNet": -45558000,
    "incomeBeforeTax": 560189000,
    "incomeBeforeTaxRatio": 0.1949411059,
    "incomeTaxExpense": 204698000,
    "netIncome": 355491000,
    "netIncomeRatio": 0.1237079069,
    "eps": 0.67,
    "epsdiluted": 0.66,
    "weightedAverageShsOut": 535882000,
    "weightedAverageShsOutDil": 541964000,
    "link": "https://www.sec.gov/Archives/edgar/data/821189/000082118912000058/0000821189-12-000058-index.htm",
    "finalLink": "https://www.sec.gov/Archives/edgar/data/821189/000082118912000058/eog3qtr10-q.htm"
  },
  {
    "date": "2012-06-30",
    "symbol": "EOG",
    "reportedCurrency": "USD",
    "cik": "0000821189",
    "fillingDate": "2012-08-02",
    "acceptedDate": "2012-08-02 17:15:51",
    "calendarYear": "2012",
    "period": "Q2",
    "revenue": 2596442000,
    "costOfRevenue": 1080109000,
    "grossProfit": 1516333000,
    "grossProfitRatio": 0.5840041873,
    "researchAndDevelopmentExpenses": 0,
    "generalAndAdministrativeExpenses": 75727000,
    "sellingAndMarketingExpenses": 694118000,
    "sellingGeneralAndAdministrativeExpenses": 769845000,
    "otherExpenses": 54149000,
    "operatingExpenses": 823994000,
    "costAndExpenses": 1904103000,
    "interestIncome": 0,
    "interestExpense": 50775000,
    "depreciationAndAmortization": 808765000,
    "ebitda": 1505779000,
    "ebitdaratio": 0.579939394,
    "operatingIncome": 692339000,
    "operatingIncomeRatio": 0.2666491298,
    "totalOtherIncomeExpensesNet": -46100000,
    "incomeBeforeTax": 646239000,
    "incomeBeforeTaxRatio": 0.2488940635,
    "incomeTaxExpense": 250461000,
    "netIncome": 395778000,
    "netIncomeRatio": 0.1524309035,
    "eps": 0.74,
    "epsdiluted": 0.74,
    "weightedAverageShsOut": 533748000,
    "weightedAverageShsOutDil": 539970000,
    "link": "https://www.sec.gov/Archives/edgar/data/821189/000082118912000042/0000821189-12-000042-index.htm",
    "finalLink": "https://www.sec.gov/Archives/edgar/data/821189/000082118912000042/eog2qtr10-q.htm"
  },
  {
    "date": "2012-03-31",
    "symbol": "EOG",
    "reportedCurrency": "USD",
    "cik": "0000821189",
    "fillingDate": "2012-05-08",
    "acceptedDate": "2012-05-08 17:06:37",
    "calendarYear": "2012",
    "period": "Q1",
    "revenue": 2594086000,
    "costOfRevenue": 1035830000,
    "grossProfit": 1558256000,
    "grossProfitRatio": 0.6006955822,
    "researchAndDevelopmentExpenses": 0,
    "generalAndAdministrativeExpenses": 76269000,
    "sellingAndMarketingExpenses": 705468000,
    "sellingGeneralAndAdministrativeExpenses": 781737000,
    "otherExpenses": 216747000,
    "operatingExpenses": 998484000,
    "costAndExpenses": 2034314000,
    "interestIncome": 0,
    "interestExpense": 50269000,
    "depreciationAndAmortization": 748743000,
    "ebitda": 1319146000,
    "ebitdaratio": 0.5085205348,
    "operatingIncome": 559772000,
    "operatingIncomeRatio": 0.2157877572,
    "totalOtherIncomeExpensesNet": -39638000,
    "incomeBeforeTax": 520134000,
    "incomeBeforeTaxRatio": 0.2005076162,
    "incomeTaxExpense": 196125000,
    "netIncome": 324009000,
    "netIncomeRatio": 0.1249029523,
    "eps": 0.61,
    "epsdiluted": 0.6,
    "weightedAverageShsOut": 533348000,
    "weightedAverageShsOutDil": 540484000,
    "link": "https://www.sec.gov/Archives/edgar/data/821189/000082118912000027/0000821189-12-000027-index.htm",
    "finalLink": "https://www.sec.gov/Archives/edgar/data/821189/000082118912000027/eog1qtr10-q.htm"
  },
  {
    "date": "2011-12-30",
    "symbol": "EOG",
    "reportedCurrency": "USD",
    "cik": "0000821189",
    "fillingDate": "2012-02-24",
    "acceptedDate": "2012-02-24 16:20:46",
    "calendarYear": "2011",
    "period": "Q4",
    "revenue": 2773015000,
    "costOfRevenue": 445614000,
    "grossProfit": 2327401000,
    "grossProfitRatio": 0.8393034297,
    "researchAndDevelopmentExpenses": 0,
    "generalAndAdministrativeExpenses": 85108000,
    "sellingAndMarketingExpenses": 644687000,
    "sellingGeneralAndAdministrativeExpenses": 729795000,
    "otherExpenses": 1295031000,
    "operatingExpenses": 2024826000,
    "costAndExpenses": 2470440000,
    "interestIncome": 0,
    "interestExpense": 56591000,
    "depreciationAndAmortization": 693527000,
    "ebitda": 991750000,
    "ebitdaratio": 0.3576432151,
    "operatingIncome": 302575000,
    "operatingIncomeRatio": 0.109114087,
    "totalOtherIncomeExpensesNet": -60943000,
    "incomeBeforeTax": 241632000,
    "incomeBeforeTaxRatio": 0.087136925,
    "incomeTaxExpense": 120934000,
    "netIncome": 120698000,
    "netIncomeRatio": 0.0435259095,
    "eps": 0.23,
    "epsdiluted": 0.23,
    "weightedAverageShsOut": 528753000,
    "weightedAverageShsOutDil": 535592000,
    "link": "https://www.sec.gov/Archives/edgar/data/821189/000082118912000014/0000821189-12-000014-index.htm",
    "finalLink": "https://www.sec.gov/Archives/edgar/data/821189/000082118912000014/eog10-k.htm"
  },
  {
    "date": "2011-09-30",
    "symbol": "EOG",
    "reportedCurrency": "USD",
    "cik": "0000821189",
    "fillingDate": "2011-11-01",
    "acceptedDate": "2011-11-01 17:25:36",
    "calendarYear": "2011",
    "period": "Q3",
    "revenue": 2528080000,
    "costOfRevenue": 398740000,
    "grossProfit": 2129340000,
    "grossProfitRatio": 0.8422755609,
    "researchAndDevelopmentExpenses": 0,
    "generalAndAdministrativeExpenses": 82260000,
    "sellingAndMarketingExpenses": 572604000,
    "sellingGeneralAndAdministrativeExpenses": 654864000,
    "otherExpenses": 524446000,
    "operatingExpenses": 1179310000,
    "costAndExpenses": 1578050000,
    "interestIncome": 0,
    "interestExpense": 52186000,
    "depreciationAndAmortization": 651684000,
    "ebitda": 1327481000,
    "ebitdaratio": 0.5250945381,
    "operatingIncome": 950030000,
    "operatingIncomeRatio": 0.3757911142,
    "totalOtherIncomeExpensesNet": -50809000,
    "incomeBeforeTax": 899221000,
    "incomeBeforeTaxRatio": 0.3556932534,
    "incomeTaxExpense": 358343000,
    "netIncome": 540878000,
    "netIncomeRatio": 0.2139481346,
    "eps": 1.01,
    "epsdiluted": 1,
    "weightedAverageShsOut": 532106000,
    "weightedAverageShsOutDil": 538584000,
    "link": "https://www.sec.gov/Archives/edgar/data/821189/000082118911000065/0000821189-11-000065-index.htm",
    "finalLink": "https://www.sec.gov/Archives/edgar/data/821189/000082118911000065/eog3qtr10-q.htm"
  },
  {
    "date": "2011-06-30",
    "symbol": "EOG",
    "reportedCurrency": "USD",
    "cik": "0000821189",
    "fillingDate": "2011-08-04",
    "acceptedDate": "2011-08-04 17:10:53",
    "calendarYear": "2011",
    "period": "Q2",
    "revenue": 2380629000,
    "costOfRevenue": 338052000,
    "grossProfit": 2042577000,
    "grossProfitRatio": 0.8579988734,
    "researchAndDevelopmentExpenses": 0,
    "generalAndAdministrativeExpenses": 67406000,
    "sellingAndMarketingExpenses": 469437000,
    "sellingGeneralAndAdministrativeExpenses": 536843000,
    "otherExpenses": 917481000,
    "operatingExpenses": 1454324000,
    "costAndExpenses": 1792376000,
    "interestIncome": 0,
    "interestExpense": 51253000,
    "depreciationAndAmortization": 602944000,
    "ebitda": 1360230000,
    "ebitdaratio": 0.571374204,
    "operatingIncome": 588253000,
    "operatingIncomeRatio": 0.2470998211,
    "totalOtherIncomeExpensesNet": -45029000,
    "incomeBeforeTax": 543224000,
    "incomeBeforeTaxRatio": 0.2281850721,
    "incomeTaxExpense": 247650000,
    "netIncome": 295574000,
    "netIncomeRatio": 0.1241579431,
    "eps": 0.56,
    "epsdiluted": 0.55,
    "weightedAverageShsOut": 531660000,
    "weightedAverageShsOutDil": 538664000,
    "link": "https://www.sec.gov/Archives/edgar/data/821189/000082118911000053/0000821189-11-000053-index.htm",
    "finalLink": "https://www.sec.gov/Archives/edgar/data/821189/000082118911000053/eog2qtr10-q.htm"
  },
  {
    "date": "2011-03-31",
    "symbol": "EOG",
    "reportedCurrency": "USD",
    "cik": "0000821189",
    "fillingDate": "2011-05-06",
    "acceptedDate": "2011-05-05 18:40:16",
    "calendarYear": "2011",
    "period": "Q1",
    "revenue": 1897106000,
    "costOfRevenue": 405778000,
    "grossProfit": 1491328000,
    "grossProfitRatio": 0.7861068385,
    "researchAndDevelopmentExpenses": 0,
    "generalAndAdministrativeExpenses": 70037000,
    "sellingAndMarketingExpenses": 385409000,
    "sellingGeneralAndAdministrativeExpenses": 455446000,
    "otherExpenses": 763431000,
    "operatingExpenses": 1218877000,
    "costAndExpenses": 1624655000,
    "interestIncome": 0,
    "interestExpense": 50333000,
    "depreciationAndAmortization": 568226000,
    "ebitda": 844281000,
    "ebitdaratio": 0.4450362816,
    "operatingIncome": 272451000,
    "operatingIncomeRatio": 0.14361401,
    "totalOtherIncomeExpensesNet": -46729000,
    "incomeBeforeTax": 225722000,
    "incomeBeforeTaxRatio": 0.1189822814,
    "incomeTaxExpense": 91749000,
    "netIncome": 133973000,
    "netIncomeRatio": 0.0706196702,
    "eps": 0.26,
    "epsdiluted": 0.26,
    "weightedAverageShsOut": 510400000,
    "weightedAverageShsOutDil": 517638000,
    "link": "https://www.sec.gov/Archives/edgar/data/821189/000082118911000036/0000821189-11-000036-index.htm",
    "finalLink": "https://www.sec.gov/Archives/edgar/data/821189/000082118911000036/eog1qtr10-q.htm"
  },
  {
    "date": "2010-12-31",
    "symbol": "EOG",
    "reportedCurrency": "USD",
    "cik": "0000821189",
    "fillingDate": "2011-02-24",
    "acceptedDate": "2011-02-24 17:06:25",
    "calendarYear": "2010",
    "period": "Q4",
    "revenue": 1789160000,
    "costOfRevenue": 375196000,
    "grossProfit": 1413964000,
    "grossProfitRatio": 0.790294887,
    "researchAndDevelopmentExpenses": 0,
    "generalAndAdministrativeExpenses": 74004000,
    "sellingAndMarketingExpenses": 292477000,
    "sellingGeneralAndAdministrativeExpenses": 366481000,
    "otherExpenses": 872872000,
    "operatingExpenses": 1239353000,
    "costAndExpenses": 1614549000,
    "interestIncome": 0,
    "interestExpense": 41371000,
    "depreciationAndAmortization": 543789000,
    "ebitda": 724733000,
    "ebitdaratio": 0.4050688591,
    "operatingIncome": 174611000,
    "operatingIncomeRatio": 0.0975938429,
    "totalOtherIncomeExpensesNet": -35038000,
    "incomeBeforeTax": 139573000,
    "incomeBeforeTaxRatio": 0.0780103512,
    "incomeTaxExpense": 85900000,
    "netIncome": 53673000,
    "netIncomeRatio": 0.0299989939,
    "eps": 0.11,
    "epsdiluted": 0.11,
    "weightedAverageShsOut": 502000000,
    "weightedAverageShsOutDil": 502000000,
    "link": "https://www.sec.gov/Archives/edgar/data/821189/000082118911000022/0000821189-11-000022-index.htm",
    "finalLink": "https://www.sec.gov/Archives/edgar/data/821189/000082118911000022/eogform10-k.htm"
  },
  {
    "date": "2010-09-30",
    "symbol": "EOG",
    "reportedCurrency": "USD",
    "cik": "0000821189",
    "fillingDate": "2010-11-02",
    "acceptedDate": "2010-11-02 17:25:46",
    "calendarYear": "2010",
    "period": "Q3",
    "revenue": 1582075000,
    "costOfRevenue": 352662000,
    "grossProfit": 1229413000,
    "grossProfitRatio": 0.7770889496,
    "researchAndDevelopmentExpenses": 0,
    "generalAndAdministrativeExpenses": 81310000,
    "sellingAndMarketingExpenses": 231758000,
    "sellingGeneralAndAdministrativeExpenses": 313068000,
    "otherExpenses": 928040000,
    "operatingExpenses": 1241108000,
    "costAndExpenses": 1593770000,
    "interestIncome": 0,
    "interestExpense": 32890000,
    "depreciationAndAmortization": 500888000,
    "ebitda": 494965000,
    "ebitdaratio": 0.3128581136,
    "operatingIncome": -11695000,
    "operatingIncomeRatio": -0.0073921906,
    "totalOtherIncomeExpensesNet": -27118000,
    "incomeBeforeTax": -38813000,
    "incomeBeforeTaxRatio": -0.0245329709,
    "incomeTaxExpense": 32093000,
    "netIncome": -70906000,
    "netIncomeRatio": -0.0448183556,
    "eps": -0.14,
    "epsdiluted": -0.14,
    "weightedAverageShsOut": 502000000,
    "weightedAverageShsOutDil": 502000000,
    "link": "https://www.sec.gov/Archives/edgar/data/821189/000082118910000048/0000821189-10-000048-index.htm",
    "finalLink": "https://www.sec.gov/Archives/edgar/data/821189/000082118910000048/eog3qtr10-q.htm"
  },
  {
    "date": "2010-06-30",
    "symbol": "EOG",
    "reportedCurrency": "USD",
    "cik": "0000821189",
    "fillingDate": "2010-08-05",
    "acceptedDate": "2010-08-05 17:11:04",
    "calendarYear": "2010",
    "period": "Q2",
    "revenue": 1357968000,
    "costOfRevenue": 337748000,
    "grossProfit": 1020220000,
    "grossProfitRatio": 0.7512842718,
    "researchAndDevelopmentExpenses": 0,
    "generalAndAdministrativeExpenses": 64737000,
    "sellingAndMarketingExpenses": 191213000,
    "sellingGeneralAndAdministrativeExpenses": 255950000,
    "otherExpenses": 623769000,
    "operatingExpenses": 879719000,
    "costAndExpenses": 1217467000,
    "interestIncome": 0,
    "interestExpense": 29897000,
    "depreciationAndAmortization": 465343000,
    "ebitda": 605299000,
    "ebitdaratio": 0.4457387803,
    "operatingIncome": 140501000,
    "operatingIncomeRatio": 0.1034641464,
    "totalOtherIncomeExpensesNet": -30442000,
    "incomeBeforeTax": 110059000,
    "incomeBeforeTaxRatio": 0.0810468288,
    "incomeTaxExpense": 50187000,
    "netIncome": 59872000,
    "netIncomeRatio": 0.0440894042,
    "eps": 0.12,
    "epsdiluted": 0.12,
    "weightedAverageShsOut": 501600000,
    "weightedAverageShsOutDil": 509000000,
    "link": "https://www.sec.gov/Archives/edgar/data/821189/000082118910000037/0000821189-10-000037-index.htm",
    "finalLink": "https://www.sec.gov/Archives/edgar/data/821189/000082118910000037/eog2qtr10-q.htm"
  },
  {
    "date": "2010-03-31",
    "symbol": "EOG",
    "reportedCurrency": "USD",
    "cik": "0000821189",
    "fillingDate": "2010-05-04",
    "acceptedDate": "2010-05-03 18:15:02",
    "calendarYear": "2010",
    "period": "Q1",
    "revenue": 1370693000,
    "costOfRevenue": 344638000,
    "grossProfit": 1026055000,
    "grossProfitRatio": 0.748566601,
    "researchAndDevelopmentExpenses": 0,
    "generalAndAdministrativeExpenses": 60423000,
    "sellingAndMarketingExpenses": 168764000,
    "sellingGeneralAndAdministrativeExpenses": 229187000,
    "otherExpenses": 576966000,
    "operatingExpenses": 806153000,
    "costAndExpenses": 1150791000,
    "interestIncome": 0,
    "interestExpense": 25428000,
    "depreciationAndAmortization": 431906000,
    "ebitda": 654491000,
    "ebitdaratio": 0.4774891241,
    "operatingIncome": 219902000,
    "operatingIncomeRatio": 0.1604312563,
    "totalOtherIncomeExpensesNet": -22745000,
    "incomeBeforeTax": 197157000,
    "incomeBeforeTaxRatio": 0.1438374603,
    "incomeTaxExpense": 79142000,
    "netIncome": 118015000,
    "netIncomeRatio": 0.0860987836,
    "eps": 0.24,
    "epsdiluted": 0.23,
    "weightedAverageShsOut": 500740000,
    "weightedAverageShsOutDil": 507738000,
    "link": "https://www.sec.gov/Archives/edgar/data/821189/000082118910000019/0000821189-10-000019-index.htm",
    "finalLink": "https://www.sec.gov/Archives/edgar/data/821189/000082118910000019/eog1qtr10-q.htm"
  },
  {
    "date": "2009-12-31",
    "symbol": "EOG",
    "reportedCurrency": "USD",
    "cik": "0000821189",
    "fillingDate": "2010-02-25",
    "acceptedDate": "2010-02-25 17:10:39",
    "calendarYear": "2009",
    "period": "Q4",
    "revenue": 1760862000,
    "costOfRevenue": 299909000,
    "grossProfit": 1460953000,
    "grossProfitRatio": 0.8296805769,
    "researchAndDevelopmentExpenses": 0,
    "generalAndAdministrativeExpenses": 68793000,
    "sellingAndMarketingExpenses": 159556000,
    "sellingGeneralAndAdministrativeExpenses": 228349000,
    "otherExpenses": 578496000,
    "operatingExpenses": 806845000,
    "costAndExpenses": 1106754000,
    "interestIncome": 0,
    "interestExpense": 27307000,
    "depreciationAndAmortization": 398937000,
    "ebitda": 1052479000,
    "ebitdaratio": 0.5977066914,
    "operatingIncome": 654108000,
    "operatingIncomeRatio": 0.3714703367,
    "totalOtherIncomeExpensesNet": -27873000,
    "incomeBeforeTax": 626235000,
    "incomeBeforeTaxRatio": 0.3556411576,
    "incomeTaxExpense": 225808000,
    "netIncome": 400427000,
    "netIncomeRatio": 0.2274039646,
    "eps": 0.8,
    "epsdiluted": 0.8,
    "weightedAverageShsOut": 499070000,
    "weightedAverageShsOutDil": 499070000,
    "link": "https://www.sec.gov/Archives/edgar/data/821189/000082118910000011/0000821189-10-000011-index.htm",
    "finalLink": "https://www.sec.gov/Archives/edgar/data/821189/000082118910000011/form10-k.htm"
  },
  {
    "date": "2009-09-30",
    "symbol": "EOG",
    "reportedCurrency": "USD",
    "cik": "0000821189",
    "fillingDate": "2009-11-05",
    "acceptedDate": "2009-11-05 17:22:08",
    "calendarYear": "2009",
    "period": "Q3",
    "revenue": 1006849000,
    "costOfRevenue": 274398000,
    "grossProfit": 732451000,
    "grossProfitRatio": 0.7274685678,
    "researchAndDevelopmentExpenses": 0,
    "generalAndAdministrativeExpenses": 62775000,
    "sellingAndMarketingExpenses": 131816000,
    "sellingGeneralAndAdministrativeExpenses": 194591000,
    "otherExpenses": 502557000,
    "operatingExpenses": 697148000,
    "costAndExpenses": 971546000,
    "interestIncome": 0,
    "interestExpense": 30407000,
    "depreciationAndAmortization": 385330000,
    "ebitda": 420294000,
    "ebitdaratio": 0.4174349878,
    "operatingIncome": 35303000,
    "operatingIncomeRatio": 0.0350628545,
    "totalOtherIncomeExpensesNet": -30746000,
    "incomeBeforeTax": 4557000,
    "incomeBeforeTaxRatio": 0.0045260014,
    "incomeTaxExpense": 361000,
    "netIncome": 4196000,
    "netIncomeRatio": 0.0041674571,
    "eps": 0.01,
    "epsdiluted": 0.01,
    "weightedAverageShsOut": 499070000,
    "weightedAverageShsOutDil": 504844000,
    "link": "https://www.sec.gov/Archives/edgar/data/821189/000082118909000067/0000821189-09-000067-index.htm",
    "finalLink": "https://www.sec.gov/Archives/edgar/data/821189/000082118909000067/eog3qtr10-q.htm"
  },
  {
    "date": "2009-06-30",
    "symbol": "EOG",
    "reportedCurrency": "USD",
    "cik": "0000821189",
    "fillingDate": "2009-08-06",
    "acceptedDate": "2009-08-06 17:08:51",
    "calendarYear": "2009",
    "period": "Q2",
    "revenue": 861039000,
    "costOfRevenue": 282081000,
    "grossProfit": 578958000,
    "grossProfitRatio": 0.6723946302,
    "researchAndDevelopmentExpenses": 0,
    "generalAndAdministrativeExpenses": 58760000,
    "sellingAndMarketingExpenses": 74050000,
    "sellingGeneralAndAdministrativeExpenses": 132810000,
    "otherExpenses": 446130000,
    "operatingExpenses": 578940000,
    "costAndExpenses": 861021000,
    "interestIncome": 0,
    "interestExpense": 24811000,
    "depreciationAndAmortization": 375592000,
    "ebitda": 376847000,
    "ebitdaratio": 0.4376654251,
    "operatingIncome": 18000,
    "operatingIncomeRatio": 0.000020905,
    "totalOtherIncomeExpensesNet": -23574000,
    "incomeBeforeTax": -23556000,
    "incomeBeforeTaxRatio": -0.0273576458,
    "incomeTaxExpense": -6850000,
    "netIncome": -16706000,
    "netIncomeRatio": -0.0194021409,
    "eps": -0.0337,
    "epsdiluted": -0.0337,
    "weightedAverageShsOut": 496414000,
    "weightedAverageShsOutDil": 496414000,
    "link": "https://www.sec.gov/Archives/edgar/data/821189/000082118909000047/0000821189-09-000047-index.htm",
    "finalLink": "https://www.sec.gov/Archives/edgar/data/821189/000082118909000047/eog2qtr10-q.htm"
  },
  {
    "date": "2009-03-31",
    "symbol": "EOG",
    "reportedCurrency": "USD",
    "cik": "0000821189",
    "fillingDate": "2009-05-04",
    "acceptedDate": "2009-05-04 16:57:25",
    "calendarYear": "2009",
    "period": "Q1",
    "revenue": 1158209000,
    "costOfRevenue": 284698000,
    "grossProfit": 873511000,
    "grossProfitRatio": 0.7541911693,
    "researchAndDevelopmentExpenses": 0,
    "generalAndAdministrativeExpenses": 57946000,
    "sellingAndMarketingExpenses": 31953000,
    "sellingGeneralAndAdministrativeExpenses": 89899000,
    "otherExpenses": 502200000,
    "operatingExpenses": 592099000,
    "costAndExpenses": 876797000,
    "interestIncome": 0,
    "interestExpense": 18376000,
    "depreciationAndAmortization": 389329000,
    "ebitda": 672480000,
    "ebitdaratio": 0.5806205961,
    "operatingIncome": 281412000,
    "operatingIncomeRatio": 0.2429716916,
    "totalOtherIncomeExpensesNet": -16637000,
    "incomeBeforeTax": 264775000,
    "incomeBeforeTaxRatio": 0.2286072721,
    "incomeTaxExpense": 106065000,
    "netIncome": 158710000,
    "netIncomeRatio": 0.1370305359,
    "eps": 0.32,
    "epsdiluted": 0.32,
    "weightedAverageShsOut": 495982000,
    "weightedAverageShsOutDil": 500408000,
    "link": "https://www.sec.gov/Archives/edgar/data/821189/000082118909000024/0000821189-09-000024-index.htm",
    "finalLink": "https://www.sec.gov/Archives/edgar/data/821189/000082118909000024/eog1qtr10-q.htm"
  },
  {
    "date": "2008-12-31",
    "symbol": "EOG",
    "reportedCurrency": "USD",
    "cik": "0000821189",
    "fillingDate": "2009-02-25",
    "acceptedDate": "2009-02-25 17:23:53",
    "calendarYear": "2008",
    "period": "Q4",
    "revenue": 1033514000,
    "costOfRevenue": 476377000,
    "grossProfit": 557137000,
    "grossProfitRatio": 0.5390705883,
    "researchAndDevelopmentExpenses": 0,
    "generalAndAdministrativeExpenses": 0,
    "sellingAndMarketingExpenses": 0,
    "sellingGeneralAndAdministrativeExpenses": 58249000,
    "otherExpenses": -252291000,
    "operatingExpenses": -194042000,
    "costAndExpenses": 282335000,
    "interestIncome": 0,
    "interestExpense": 0,
    "depreciationAndAmortization": 368135000,
    "ebitda": 1198582000,
    "ebitdaratio": 1.1597153014,
    "operatingIncome": 751179000,
    "operatingIncomeRatio": 0.726820343,
    "totalOtherIncomeExpensesNet": -16087000,
    "incomeBeforeTax": 735092000,
    "incomeBeforeTaxRatio": 0.7112549999,
    "incomeTaxExpense": 273620000,
    "netIncome": 461472000,
    "netIncomeRatio": 0.4465077396,
    "eps": 0.93,
    "epsdiluted": 0.93,
    "weightedAverageShsOut": 494310000,
    "weightedAverageShsOutDil": 494310000,
    "link": "https://www.sec.gov/Archives/edgar/data/821189/000082118909000008/0000821189-09-000008-index.htm",
    "finalLink": "https://www.sec.gov/Archives/edgar/data/821189/000082118909000008/form10-k.htm"
  },
  {
    "date": "2008-09-30",
    "symbol": "EOG",
    "reportedCurrency": "USD",
    "cik": "0000821189",
    "fillingDate": "2008-11-03",
    "acceptedDate": "2008-11-03 16:24:04",
    "calendarYear": "2008",
    "period": "Q3",
    "revenue": 3263886000,
    "costOfRevenue": 280270000,
    "grossProfit": 2983616000,
    "grossProfitRatio": 0.9141299665,
    "researchAndDevelopmentExpenses": 0,
    "generalAndAdministrativeExpenses": 70893000,
    "sellingAndMarketingExpenses": 44380000,
    "sellingGeneralAndAdministrativeExpenses": 115273000,
    "otherExpenses": 476160000,
    "operatingExpenses": 591433000,
    "costAndExpenses": 871703000,
    "interestIncome": 0,
    "interestExpense": 12095000,
    "depreciationAndAmortization": 346247000,
    "ebitda": 2752294000,
    "ebitdaratio": 0.8432567804,
    "operatingIncome": 2392183000,
    "operatingIncomeRatio": 0.7329248019,
    "totalOtherIncomeExpensesNet": 1769000,
    "incomeBeforeTax": 2393952000,
    "incomeBeforeTaxRatio": 0.7334667939,
    "incomeTaxExpense": 837667000,
    "netIncome": 1556285000,
    "netIncomeRatio": 0.4768196561,
    "eps": 3.15,
    "epsdiluted": 3.1,
    "weightedAverageShsOut": 494310000,
    "weightedAverageShsOutDil": 501860000,
    "link": "https://www.sec.gov/Archives/edgar/data/821189/000082118908000234/0000821189-08-000234-index.htm",
    "finalLink": "https://www.sec.gov/Archives/edgar/data/821189/000082118908000234/eog3qtr10-q.htm"
  },
  {
    "date": "2008-06-30",
    "symbol": "EOG",
    "reportedCurrency": "USD",
    "cik": "0000821189",
    "fillingDate": "2008-07-29",
    "acceptedDate": "2008-07-29 16:21:50",
    "calendarYear": "2008",
    "period": "Q2",
    "revenue": 1095512000,
    "costOfRevenue": 268269000,
    "grossProfit": 827243000,
    "grossProfitRatio": 0.7551199804,
    "researchAndDevelopmentExpenses": 0,
    "generalAndAdministrativeExpenses": 61640000,
    "sellingAndMarketingExpenses": 62986000,
    "sellingGeneralAndAdministrativeExpenses": 124626000,
    "otherExpenses": 459514000,
    "operatingExpenses": 584140000,
    "costAndExpenses": 852409000,
    "interestIncome": 0,
    "interestExpense": 9029000,
    "depreciationAndAmortization": 315294000,
    "ebitda": 571706000,
    "ebitdaratio": 0.5218619239,
    "operatingIncome": 243103000,
    "operatingIncomeRatio": 0.2219081124,
    "totalOtherIncomeExpensesNet": 4280000,
    "incomeBeforeTax": 247383000,
    "incomeBeforeTaxRatio": 0.2258149614,
    "incomeTaxExpense": 69177000,
    "netIncome": 178206000,
    "netIncomeRatio": 0.1626691447,
    "eps": 0.36,
    "epsdiluted": 0.36,
    "weightedAverageShsOut": 493072000,
    "weightedAverageShsOutDil": 502270000,
    "link": "https://www.sec.gov/Archives/edgar/data/821189/000082118908000168/0000821189-08-000168-index.htm",
    "finalLink": "https://www.sec.gov/Archives/edgar/data/821189/000082118908000168/eog2qtr10-q.htm"
  },
  {
    "date": "2008-03-31",
    "symbol": "EOG",
    "reportedCurrency": "USD",
    "cik": "0000821189",
    "fillingDate": "2008-05-08",
    "acceptedDate": "2008-05-08 17:02:32",
    "calendarYear": "2008",
    "period": "Q1",
    "revenue": 1134018000,
    "costOfRevenue": 283849000,
    "grossProfit": 850169000,
    "grossProfitRatio": 0.7496962129,
    "researchAndDevelopmentExpenses": 0,
    "generalAndAdministrativeExpenses": 0,
    "sellingAndMarketingExpenses": 0,
    "sellingGeneralAndAdministrativeExpenses": 52926000,
    "otherExpenses": 416523000,
    "operatingExpenses": 469449000,
    "costAndExpenses": 753298000,
    "interestIncome": 0,
    "interestExpense": 12191000,
    "depreciationAndAmortization": 297199000,
    "ebitda": 679502000,
    "ebitdaratio": 0.5991986018,
    "operatingIncome": 380720000,
    "operatingIncomeRatio": 0.3357265934,
    "totalOtherIncomeExpensesNet": -10608000,
    "incomeBeforeTax": 370112000,
    "incomeBeforeTaxRatio": 0.3263722445,
    "incomeTaxExpense": 129156000,
    "netIncome": 240956000,
    "netIncomeRatio": 0.2124798725,
    "eps": 0.49,
    "epsdiluted": 0.48,
    "weightedAverageShsOut": 490860000,
    "weightedAverageShsOutDil": 499526000,
    "link": "https://www.sec.gov/Archives/edgar/data/821189/000082118908000117/0000821189-08-000117-index.htm",
    "finalLink": "https://www.sec.gov/Archives/edgar/data/821189/000082118908000117/eog1qtr10-q.htm"
  },
  {
    "date": "2007-12-31",
    "symbol": "EOG",
    "reportedCurrency": "USD",
    "cik": "0000821189",
    "fillingDate": "2008-02-28",
    "acceptedDate": "2008-02-28 16:16:03",
    "calendarYear": "2007",
    "period": "Q4",
    "revenue": 1176273000,
    "costOfRevenue": 263782000,
    "grossProfit": 912491000,
    "grossProfitRatio": 0.7757476368,
    "researchAndDevelopmentExpenses": 0,
    "generalAndAdministrativeExpenses": 0,
    "sellingAndMarketingExpenses": 0,
    "sellingGeneralAndAdministrativeExpenses": 66047000,
    "otherExpenses": 326627000,
    "operatingExpenses": 392674000,
    "costAndExpenses": 656456000,
    "interestIncome": 0,
    "interestExpense": 0,
    "depreciationAndAmortization": 282234000,
    "ebitda": 862708000,
    "ebitdaratio": 0.7334249787,
    "operatingIncome": 519817000,
    "operatingIncomeRatio": 0.4419186702,
    "totalOtherIncomeExpensesNet": -8737000,
    "incomeBeforeTax": 511080000,
    "incomeBeforeTaxRatio": 0.4344909728,
    "incomeTaxExpense": 149885000,
    "netIncome": 361195000,
    "netIncomeRatio": 0.307067322,
    "eps": 0.74,
    "epsdiluted": 0.74,
    "weightedAverageShsOut": 486972000,
    "weightedAverageShsOutDil": 486972000,
    "link": "https://www.sec.gov/Archives/edgar/data/821189/000082118908000042/0000821189-08-000042-index.htm",
    "finalLink": "https://www.sec.gov/Archives/edgar/data/821189/000082118908000042/form10-k.htm"
  },
  {
    "date": "2007-09-30",
    "symbol": "EOG",
    "reportedCurrency": "USD",
    "cik": "0000821189",
    "fillingDate": "2007-10-29",
    "acceptedDate": "2007-10-29 16:49:47",
    "calendarYear": "2007",
    "period": "Q3",
    "revenue": 942565000,
    "costOfRevenue": 249190000,
    "grossProfit": 693375000,
    "grossProfitRatio": 0.7356256598,
    "researchAndDevelopmentExpenses": 0,
    "generalAndAdministrativeExpenses": 0,
    "sellingAndMarketingExpenses": 0,
    "sellingGeneralAndAdministrativeExpenses": 48101000,
    "otherExpenses": 320416000,
    "operatingExpenses": 368517000,
    "costAndExpenses": 617707000,
    "interestIncome": 0,
    "interestExpense": 0,
    "depreciationAndAmortization": 279189000,
    "ebitda": 646061000,
    "ebitdaratio": 0.6854285911,
    "operatingIncome": 324858000,
    "operatingIncomeRatio": 0.3446531539,
    "totalOtherIncomeExpensesNet": -6260000,
    "incomeBeforeTax": 318598000,
    "incomeBeforeTaxRatio": 0.3380117021,
    "incomeTaxExpense": 114595000,
    "netIncome": 204003000,
    "netIncomeRatio": 0.2164338799,
    "eps": 0.42,
    "epsdiluted": 0.41,
    "weightedAverageShsOut": 486972000,
    "weightedAverageShsOutDil": 494850000,
    "link": "https://www.sec.gov/Archives/edgar/data/821189/000082118907000214/0000821189-07-000214-index.htm",
    "finalLink": "https://www.sec.gov/Archives/edgar/data/821189/000082118907000214/eog3qtr10-q.htm"
  },
  {
    "date": "2007-06-30",
    "symbol": "EOG",
    "reportedCurrency": "USD",
    "cik": "0000821189",
    "fillingDate": "2007-08-02",
    "acceptedDate": "2007-08-02 17:17:51",
    "calendarYear": "2007",
    "period": "Q2",
    "revenue": 1009152000,
    "costOfRevenue": 217811000,
    "grossProfit": 791341000,
    "grossProfitRatio": 0.7841643281,
    "researchAndDevelopmentExpenses": 0,
    "generalAndAdministrativeExpenses": 0,
    "sellingAndMarketingExpenses": 0,
    "sellingGeneralAndAdministrativeExpenses": 47183000,
    "otherExpenses": 296540000,
    "operatingExpenses": 343723000,
    "costAndExpenses": 561534000,
    "interestIncome": 0,
    "interestExpense": 0,
    "depreciationAndAmortization": 259780000,
    "ebitda": 728202000,
    "ebitdaratio": 0.7215979357,
    "operatingIncome": 447618000,
    "operatingIncomeRatio": 0.4435585521,
    "totalOtherIncomeExpensesNet": 18251000,
    "incomeBeforeTax": 465869000,
    "incomeBeforeTaxRatio": 0.4616440338,
    "incomeTaxExpense": 158816000,
    "netIncome": 307053000,
    "netIncomeRatio": 0.3042683362,
    "eps": 0.63,
    "epsdiluted": 0.62,
    "weightedAverageShsOut": 486454000,
    "weightedAverageShsOutDil": 494522000,
    "link": "https://www.sec.gov/Archives/edgar/data/821189/000082118907000172/0000821189-07-000172-index.htm",
    "finalLink": "https://www.sec.gov/Archives/edgar/data/821189/000082118907000172/eog2qtr10-q.htm"
  },
  {
    "date": "2007-03-31",
    "symbol": "EOG",
    "reportedCurrency": "USD",
    "cik": "0000821189",
    "fillingDate": "2007-04-30",
    "acceptedDate": "2007-04-30 16:56:13",
    "calendarYear": "2007",
    "period": "Q1",
    "revenue": 911038000,
    "costOfRevenue": 219887000,
    "grossProfit": 691151000,
    "grossProfitRatio": 0.7586412422,
    "researchAndDevelopmentExpenses": 0,
    "generalAndAdministrativeExpenses": 0,
    "sellingAndMarketingExpenses": 0,
    "sellingGeneralAndAdministrativeExpenses": 43879000,
    "otherExpenses": 310237000,
    "operatingExpenses": 354116000,
    "costAndExpenses": 574003000,
    "interestIncome": 0,
    "interestExpense": 0,
    "depreciationAndAmortization": 244342000,
    "ebitda": 605419000,
    "ebitdaratio": 0.6645375934,
    "operatingIncome": 337035000,
    "operatingIncomeRatio": 0.3699461493,
    "totalOtherIncomeExpensesNet": -1714000,
    "incomeBeforeTax": 335321000,
    "incomeBeforeTaxRatio": 0.3680647789,
    "incomeTaxExpense": 117654000,
    "netIncome": 217667000,
    "netIncomeRatio": 0.2389219769,
    "eps": 0.45,
    "epsdiluted": 0.44,
    "weightedAverageShsOut": 485526000,
    "weightedAverageShsOutDil": 493354000,
    "link": "https://www.sec.gov/Archives/edgar/data/821189/000082118907000104/0000821189-07-000104-index.htm",
    "finalLink": "https://www.sec.gov/Archives/edgar/data/821189/000082118907000104/eog1qtr10-q.htm"
  },
  {
    "date": "2006-12-31",
    "symbol": "EOG",
    "reportedCurrency": "USD",
    "cik": "0000821189",
    "fillingDate": "2007-02-28",
    "acceptedDate": "2007-02-28 16:31:51",
    "calendarYear": "2006",
    "period": "Q4",
    "revenue": 932543000,
    "costOfRevenue": 217064000,
    "grossProfit": 715479000,
    "grossProfitRatio": 0.7672343259,
    "researchAndDevelopmentExpenses": 0,
    "generalAndAdministrativeExpenses": 0,
    "sellingAndMarketingExpenses": 0,
    "sellingGeneralAndAdministrativeExpenses": 47721000,
    "otherExpenses": 317382000,
    "operatingExpenses": 365103000,
    "costAndExpenses": 582167000,
    "interestIncome": 0,
    "interestExpense": 0,
    "depreciationAndAmortization": 230438000,
    "ebitda": 621513000,
    "ebitdaratio": 0.666471144,
    "operatingIncome": 350376000,
    "operatingIncomeRatio": 0.3757210123,
    "totalOtherIncomeExpensesNet": 2144000,
    "incomeBeforeTax": 352520000,
    "incomeBeforeTaxRatio": 0.378020102,
    "incomeTaxExpense": 109895000,
    "netIncome": 242625000,
    "netIncomeRatio": 0.2601756702,
    "eps": 0.5,
    "epsdiluted": 0.5,
    "weightedAverageShsOut": 483822000,
    "weightedAverageShsOutDil": 483822000,
    "link": "https://www.sec.gov/Archives/edgar/data/821189/000082118907000056/0000821189-07-000056-index.htm",
    "finalLink": "https://www.sec.gov/Archives/edgar/data/821189/000082118907000056/form10-k.htm"
  },
  {
    "date": "2006-09-30",
    "symbol": "EOG",
    "reportedCurrency": "USD",
    "cik": "0000821189",
    "fillingDate": "2006-11-01",
    "acceptedDate": "2006-11-01 12:50:31",
    "calendarYear": "2006",
    "period": "Q3",
    "revenue": 968726000,
    "costOfRevenue": 171855000,
    "grossProfit": 796871000,
    "grossProfitRatio": 0.8225968953,
    "researchAndDevelopmentExpenses": 0,
    "generalAndAdministrativeExpenses": 0,
    "sellingAndMarketingExpenses": 0,
    "sellingGeneralAndAdministrativeExpenses": 42362000,
    "otherExpenses": 292243000,
    "operatingExpenses": 334605000,
    "costAndExpenses": 506460000,
    "interestIncome": 0,
    "interestExpense": 0,
    "depreciationAndAmortization": 216071000,
    "ebitda": 700443000,
    "ebitdaratio": 0.7230558486,
    "operatingIncome": 462266000,
    "operatingIncomeRatio": 0.4771896284,
    "totalOtherIncomeExpensesNet": 3730000,
    "incomeBeforeTax": 465996000,
    "incomeBeforeTaxRatio": 0.4810400464,
    "incomeTaxExpense": 166860000,
    "netIncome": 299136000,
    "netIncomeRatio": 0.3087931985,
    "eps": 0.62,
    "epsdiluted": 0.61,
    "weightedAverageShsOut": 483822000,
    "weightedAverageShsOutDil": 492272000,
    "link": "https://www.sec.gov/Archives/edgar/data/821189/000082118906000190/0000821189-06-000190-index.htm",
    "finalLink": "https://www.sec.gov/Archives/edgar/data/821189/000082118906000190/eog3qtr10-q.htm"
  },
  {
    "date": "2006-06-30",
    "symbol": "EOG",
    "reportedCurrency": "USD",
    "cik": "0000821189",
    "fillingDate": "2006-08-01",
    "acceptedDate": "2006-08-01 13:19:28",
    "calendarYear": "2006",
    "period": "Q2",
    "revenue": 919088000,
    "costOfRevenue": 163181000,
    "grossProfit": 755907000,
    "grossProfitRatio": 0.8224533451,
    "researchAndDevelopmentExpenses": 0,
    "generalAndAdministrativeExpenses": 0,
    "sellingAndMarketingExpenses": 0,
    "sellingGeneralAndAdministrativeExpenses": 38607000,
    "otherExpenses": 262466000,
    "operatingExpenses": 301073000,
    "costAndExpenses": 464254000,
    "interestIncome": 0,
    "interestExpense": 0,
    "depreciationAndAmortization": 192928000,
    "ebitda": 670442000,
    "ebitdaratio": 0.7294644256,
    "operatingIncome": 454834000,
    "operatingIncomeRatio": 0.4948753547,
    "totalOtherIncomeExpensesNet": 9460000,
    "incomeBeforeTax": 464294000,
    "incomeBeforeTaxRatio": 0.5051681667,
    "incomeTaxExpense": 132877000,
    "netIncome": 331417000,
    "netIncomeRatio": 0.3605933273,
    "eps": 0.68,
    "epsdiluted": 0.67,
    "weightedAverageShsOut": 483226000,
    "weightedAverageShsOutDil": 491774000,
    "link": "https://www.sec.gov/Archives/edgar/data/821189/000082118906000129/0000821189-06-000129-index.htm",
    "finalLink": "https://www.sec.gov/Archives/edgar/data/821189/000082118906000129/eog2qtr10-q.htm"
  },
  {
    "date": "2006-03-31",
    "symbol": "EOG",
    "reportedCurrency": "USD",
    "cik": "0000821189",
    "fillingDate": "2006-05-04",
    "acceptedDate": "2006-05-04 16:14:01",
    "calendarYear": "2006",
    "period": "Q1",
    "revenue": 1084536000,
    "costOfRevenue": 165698000,
    "grossProfit": 918838000,
    "grossProfitRatio": 0.847217612,
    "researchAndDevelopmentExpenses": 0,
    "generalAndAdministrativeExpenses": 0,
    "sellingAndMarketingExpenses": 0,
    "sellingGeneralAndAdministrativeExpenses": 36291000,
    "otherExpenses": 254119000,
    "operatingExpenses": 290410000,
    "costAndExpenses": 456108000,
    "interestIncome": 0,
    "interestExpense": 0,
    "depreciationAndAmortization": 177652000,
    "ebitda": 828853000,
    "ebitdaratio": 0.7642466456,
    "operatingIncome": 628428000,
    "operatingIncomeRatio": 0.5794441125,
    "totalOtherIncomeExpensesNet": 1403000,
    "incomeBeforeTax": 629831000,
    "incomeBeforeTaxRatio": 0.5807377533,
    "incomeTaxExpense": 203124000,
    "netIncome": 426707000,
    "netIncomeRatio": 0.3934465984,
    "eps": 0.88,
    "epsdiluted": 0.87,
    "weightedAverageShsOut": 482236000,
    "weightedAverageShsOutDil": 491846000,
    "link": "https://www.sec.gov/Archives/edgar/data/821189/000082118906000086/0000821189-06-000086-index.htm",
    "finalLink": "https://www.sec.gov/Archives/edgar/data/821189/000082118906000086/eog1qtr10-q.htm"
  },
  {
    "date": "2005-12-31",
    "symbol": "EOG",
    "reportedCurrency": "USD",
    "cik": "0000821189",
    "fillingDate": "2006-02-23",
    "acceptedDate": "2006-02-22 18:19:04",
    "calendarYear": "2005",
    "period": "Q4",
    "revenue": 1200465000,
    "costOfRevenue": 103770000,
    "grossProfit": 1096695000,
    "grossProfitRatio": 0.9135584961,
    "researchAndDevelopmentExpenses": 0,
    "generalAndAdministrativeExpenses": 0,
    "sellingAndMarketingExpenses": 0,
    "sellingGeneralAndAdministrativeExpenses": 37039000,
    "otherExpenses": 304781000,
    "operatingExpenses": 341820000,
    "costAndExpenses": 445590000,
    "interestIncome": 0,
    "interestExpense": 0,
    "depreciationAndAmortization": 176974000,
    "ebitda": 1009781000,
    "ebitdaratio": 0.8411582179,
    "operatingIncome": 754875000,
    "operatingIncomeRatio": 0.6288188327,
    "totalOtherIncomeExpensesNet": -6655000,
    "incomeBeforeTax": 748220000,
    "incomeBeforeTaxRatio": 0.6232751475,
    "incomeTaxExpense": 284564000,
    "netIncome": 463656000,
    "netIncomeRatio": 0.3862303357,
    "eps": 0.97,
    "epsdiluted": 0.97,
    "weightedAverageShsOut": 478688000,
    "weightedAverageShsOutDil": 478688000,
    "link": "https://www.sec.gov/Archives/edgar/data/821189/000082118906000040/0000821189-06-000040-index.htm",
    "finalLink": "https://www.sec.gov/Archives/edgar/data/821189/000082118906000040/form10-k.htm"
  },
  {
    "date": "2005-09-30",
    "symbol": "EOG",
    "reportedCurrency": "USD",
    "cik": "0000821189",
    "fillingDate": "2005-11-01",
    "acceptedDate": "2005-11-01 16:40:13",
    "calendarYear": "2005",
    "period": "Q3",
    "revenue": 934445000,
    "costOfRevenue": 161455000,
    "grossProfit": 772990000,
    "grossProfitRatio": 0.8272182954,
    "researchAndDevelopmentExpenses": 0,
    "generalAndAdministrativeExpenses": 0,
    "sellingAndMarketingExpenses": 0,
    "sellingGeneralAndAdministrativeExpenses": 30079000,
    "otherExpenses": 220755000,
    "operatingExpenses": 250834000,
    "costAndExpenses": 412289000,
    "interestIncome": 0,
    "interestExpense": 0,
    "depreciationAndAmortization": 164372000,
    "ebitda": 686528000,
    "ebitdaratio": 0.7346906452,
    "operatingIncome": 522156000,
    "operatingIncomeRatio": 0.5587873016,
    "totalOtherIncomeExpensesNet": -3718000,
    "incomeBeforeTax": 518438000,
    "incomeBeforeTaxRatio": 0.5548084692,
    "incomeTaxExpense": 174677000,
    "netIncome": 343761000,
    "netIncomeRatio": 0.3678771891,
    "eps": 0.72,
    "epsdiluted": 0.7,
    "weightedAverageShsOut": 478688000,
    "weightedAverageShsOutDil": 489800000,
    "link": "https://www.sec.gov/Archives/edgar/data/821189/000082118905000216/0000821189-05-000216-index.htm",
    "finalLink": "https://www.sec.gov/Archives/edgar/data/821189/000082118905000216/eog3qtr10-q.htm"
  },
  {
    "date": "2005-06-30",
    "symbol": "EOG",
    "reportedCurrency": "USD",
    "cik": "0000821189",
    "fillingDate": "2005-07-29",
    "acceptedDate": "2005-07-29 11:29:22",
    "calendarYear": "2005",
    "period": "Q2",
    "revenue": 783924000,
    "costOfRevenue": 137382000,
    "grossProfit": 646542000,
    "grossProfitRatio": 0.8247508687,
    "researchAndDevelopmentExpenses": 0,
    "generalAndAdministrativeExpenses": 0,
    "sellingAndMarketingExpenses": 0,
    "sellingGeneralAndAdministrativeExpenses": 30113000,
    "otherExpenses": 221740000,
    "operatingExpenses": 251853000,
    "costAndExpenses": 389235000,
    "interestIncome": 0,
    "interestExpense": 0,
    "depreciationAndAmortization": 159896000,
    "ebitda": 578816000,
    "ebitdaratio": 0.7383572897,
    "operatingIncome": 394689000,
    "operatingIncomeRatio": 0.5034786535,
    "totalOtherIncomeExpensesNet": -7813000,
    "incomeBeforeTax": 386876000,
    "incomeBeforeTaxRatio": 0.4935121262,
    "incomeTaxExpense": 137420000,
    "netIncome": 249456000,
    "netIncomeRatio": 0.3182145208,
    "eps": 0.52,
    "epsdiluted": 0.51,
    "weightedAverageShsOut": 476504000,
    "weightedAverageShsOutDil": 486828000,
    "link": "https://www.sec.gov/Archives/edgar/data/821189/000082118905000156/0000821189-05-000156-index.htm",
    "finalLink": "https://www.sec.gov/Archives/edgar/data/821189/000082118905000156/form10q.htm"
  },
  {
    "date": "2005-03-31",
    "symbol": "EOG",
    "reportedCurrency": "USD",
    "cik": "0000821189",
    "fillingDate": "2005-04-27",
    "acceptedDate": "2005-04-26 19:09:10",
    "calendarYear": "2005",
    "period": "Q1",
    "revenue": 688156000,
    "costOfRevenue": 132273000,
    "grossProfit": 555883000,
    "grossProfitRatio": 0.8077863159,
    "researchAndDevelopmentExpenses": 0,
    "generalAndAdministrativeExpenses": 0,
    "sellingAndMarketingExpenses": 0,
    "sellingGeneralAndAdministrativeExpenses": 28687000,
    "otherExpenses": 207101000,
    "operatingExpenses": 235788000,
    "costAndExpenses": 368061000,
    "interestIncome": 0,
    "interestExpense": 0,
    "depreciationAndAmortization": 153016000,
    "ebitda": 485283000,
    "ebitdaratio": 0.7051932992,
    "operatingIncome": 320095000,
    "operatingIncomeRatio": 0.4651488907,
    "totalOtherIncomeExpensesNet": -8492000,
    "incomeBeforeTax": 311603000,
    "incomeBeforeTaxRatio": 0.4528086655,
    "incomeTaxExpense": 108900000,
    "netIncome": 202703000,
    "netIncomeRatio": 0.2945596638,
    "eps": 0.43,
    "epsdiluted": 0.42,
    "weightedAverageShsOut": 474586000,
    "weightedAverageShsOutDil": 484228000,
    "link": "https://www.sec.gov/Archives/edgar/data/821189/000082118905000095/0000821189-05-000095-index.htm",
    "finalLink": "https://www.sec.gov/Archives/edgar/data/821189/000082118905000095/form10q.htm"
  },
  {
    "date": "2004-12-31",
    "symbol": "EOG",
    "reportedCurrency": "USD",
    "cik": "0000821189",
    "fillingDate": "2005-02-25",
    "acceptedDate": "2005-02-25 14:02:17",
    "calendarYear": "2004",
    "period": "Q4",
    "revenue": 690051000,
    "costOfRevenue": 140522000,
    "grossProfit": 549529000,
    "grossProfitRatio": 0.7963599792,
    "researchAndDevelopmentExpenses": 0,
    "generalAndAdministrativeExpenses": 0,
    "sellingAndMarketingExpenses": 0,
    "sellingGeneralAndAdministrativeExpenses": 34152000,
    "otherExpenses": 208854000,
    "operatingExpenses": 243006000,
    "costAndExpenses": 383528000,
    "interestIncome": 0,
    "interestExpense": 0,
    "depreciationAndAmortization": 144125000,
    "ebitda": 399359000,
    "ebitdaratio": 0.5787383831,
    "operatingIncome": 306523000,
    "operatingIncomeRatio": 0.4442033995,
    "totalOtherIncomeExpensesNet": -7623000,
    "incomeBeforeTax": 298900000,
    "incomeBeforeTaxRatio": 0.4331563899,
    "incomeTaxExpense": 92145000,
    "netIncome": 206755000,
    "netIncomeRatio": 0.2996227815,
    "eps": 0.44,
    "epsdiluted": 0.44,
    "weightedAverageShsOut": 469644000,
    "weightedAverageShsOutDil": 469644000,
    "link": "https://www.sec.gov/Archives/edgar/data/821189/000082118905000054/0000821189-05-000054-index.htm",
    "finalLink": "https://www.sec.gov/Archives/edgar/data/821189/000082118905000054/eog10-k04.txt"
  },
  {
    "date": "2004-09-30",
    "symbol": "EOG",
    "reportedCurrency": "USD",
    "cik": "0000821189",
    "fillingDate": "2004-10-28",
    "acceptedDate": "2004-10-28 15:10:43",
    "calendarYear": "2004",
    "period": "Q3",
    "revenue": 594230000,
    "costOfRevenue": 129945000,
    "grossProfit": 464285000,
    "grossProfitRatio": 0.781322047,
    "researchAndDevelopmentExpenses": 0,
    "generalAndAdministrativeExpenses": 0,
    "sellingAndMarketingExpenses": 0,
    "sellingGeneralAndAdministrativeExpenses": 29576000,
    "otherExpenses": 160209000,
    "operatingExpenses": 189785000,
    "costAndExpenses": 319730000,
    "interestIncome": 0,
    "interestExpense": 0,
    "depreciationAndAmortization": 130257000,
    "ebitda": 404757000,
    "ebitdaratio": 0.6811453478,
    "operatingIncome": 274500000,
    "operatingIncomeRatio": 0.4619423456,
    "totalOtherIncomeExpensesNet": -12157000,
    "incomeBeforeTax": 262343000,
    "incomeBeforeTaxRatio": 0.4414839372,
    "incomeTaxExpense": 90033000,
    "netIncome": 172310000,
    "netIncomeRatio": 0.2899718964,
    "eps": 0.36,
    "epsdiluted": 0.36,
    "weightedAverageShsOut": 469644000,
    "weightedAverageShsOutDil": 478708000,
    "link": "https://www.sec.gov/Archives/edgar/data/821189/000082118904000213/0000821189-04-000213-index.htm",
    "finalLink": "https://www.sec.gov/Archives/edgar/data/821189/000082118904000213/eog3q10q.txt"
  },
  {
    "date": "2004-06-30",
    "symbol": "EOG",
    "reportedCurrency": "USD",
    "cik": "0000821189",
    "fillingDate": "2004-08-03",
    "acceptedDate": "2004-08-03 15:18:09",
    "calendarYear": "2004",
    "period": "Q2",
    "revenue": 519021000,
    "costOfRevenue": 104192000,
    "grossProfit": 414829000,
    "grossProfitRatio": 0.7992528241,
    "researchAndDevelopmentExpenses": 0,
    "generalAndAdministrativeExpenses": 0,
    "sellingAndMarketingExpenses": 0,
    "sellingGeneralAndAdministrativeExpenses": 26370000,
    "otherExpenses": 161723000,
    "operatingExpenses": 188093000,
    "costAndExpenses": 292285000,
    "interestIncome": 0,
    "interestExpense": 0,
    "depreciationAndAmortization": 116224000,
    "ebitda": 358671000,
    "ebitdaratio": 0.6910529632,
    "operatingIncome": 226736000,
    "operatingIncomeRatio": 0.4368532294,
    "totalOtherIncomeExpensesNet": -13991000,
    "incomeBeforeTax": 212745000,
    "incomeBeforeTaxRatio": 0.4098967094,
    "incomeTaxExpense": 67808000,
    "netIncome": 144937000,
    "netIncomeRatio": 0.2792507432,
    "eps": 0.31,
    "epsdiluted": 0.3,
    "weightedAverageShsOut": 465552000,
    "weightedAverageShsOutDil": 474834000,
    "link": "https://www.sec.gov/Archives/edgar/data/821189/000082118904000178/0000821189-04-000178-index.htm",
    "finalLink": "https://www.sec.gov/Archives/edgar/data/821189/000082118904000178/eog2q10q.txt"
  },
  {
    "date": "2004-03-31",
    "symbol": "EOG",
    "reportedCurrency": "USD",
    "cik": "0000821189",
    "fillingDate": "2004-05-04",
    "acceptedDate": "2004-05-03 18:13:40",
    "calendarYear": "2004",
    "period": "Q1",
    "revenue": 464320000,
    "costOfRevenue": 100440000,
    "grossProfit": 363880000,
    "grossProfitRatio": 0.7836836664,
    "researchAndDevelopmentExpenses": 0,
    "generalAndAdministrativeExpenses": 0,
    "sellingAndMarketingExpenses": 0,
    "sellingGeneralAndAdministrativeExpenses": 24915000,
    "otherExpenses": 167529000,
    "operatingExpenses": 192444000,
    "costAndExpenses": 292884000,
    "interestIncome": 0,
    "interestExpense": 0,
    "depreciationAndAmortization": 113797000,
    "ebitda": 302881000,
    "ebitdaratio": 0.6523109063,
    "operatingIncome": 171436000,
    "operatingIncomeRatio": 0.3692195038,
    "totalOtherIncomeExpensesNet": -19412000,
    "incomeBeforeTax": 152024000,
    "incomeBeforeTaxRatio": 0.3274121296,
    "incomeTaxExpense": 51171000,
    "netIncome": 100853000,
    "netIncomeRatio": 0.2172058063,
    "eps": 0.21,
    "epsdiluted": 0.21,
    "weightedAverageShsOut": 462578000,
    "weightedAverageShsOutDil": 470484000,
    "link": "https://www.sec.gov/Archives/edgar/data/821189/000082118904000083/0000821189-04-000083-index.htm",
    "finalLink": "https://www.sec.gov/Archives/edgar/data/821189/000082118904000083/eog1q10q.txt"
  },
  {
    "date": "2003-12-31",
    "symbol": "EOG",
    "reportedCurrency": "USD",
    "cik": "0000821189",
    "fillingDate": "2004-03-11",
    "acceptedDate": "2004-03-11 12:30:45",
    "calendarYear": "2003",
    "period": "Q4",
    "revenue": 438953000,
    "costOfRevenue": 33836000,
    "grossProfit": 405117000,
    "grossProfitRatio": 0.9229165765,
    "researchAndDevelopmentExpenses": 0,
    "generalAndAdministrativeExpenses": 0,
    "sellingAndMarketingExpenses": 0,
    "sellingGeneralAndAdministrativeExpenses": 28669000,
    "otherExpenses": 275443000,
    "operatingExpenses": 304112000,
    "costAndExpenses": 337948000,
    "interestIncome": 0,
    "interestExpense": 0,
    "depreciationAndAmortization": 121265000,
    "ebitda": 222270000,
    "ebitdaratio": 0.5063640071,
    "operatingIncome": 101005000,
    "operatingIncomeRatio": 0.230104362,
    "totalOtherIncomeExpensesNet": -3437000,
    "incomeBeforeTax": 97568000,
    "incomeBeforeTaxRatio": 0.2222743665,
    "incomeTaxExpense": 23058000,
    "netIncome": 74510000,
    "netIncomeRatio": 0.1697448246,
    "eps": 0.16,
    "epsdiluted": 0.16,
    "weightedAverageShsOut": 458464000,
    "weightedAverageShsOutDil": 458464000,
    "link": "https://www.sec.gov/Archives/edgar/data/821189/000082118904000070/0000821189-04-000070-index.htm",
    "finalLink": "https://www.sec.gov/Archives/edgar/data/821189/000082118904000070/eog10-k03.txt"
  },
  {
    "date": "2003-09-30",
    "symbol": "EOG",
    "reportedCurrency": "USD",
    "cik": "0000821189",
    "fillingDate": "2003-11-06",
    "acceptedDate": "2003-11-06 09:53:00",
    "calendarYear": "2003",
    "period": "Q3",
    "revenue": 432728000,
    "costOfRevenue": 107236000,
    "grossProfit": 325492000,
    "grossProfitRatio": 0.7521861308,
    "researchAndDevelopmentExpenses": 0,
    "generalAndAdministrativeExpenses": 0,
    "sellingAndMarketingExpenses": 0,
    "sellingGeneralAndAdministrativeExpenses": 26379000,
    "otherExpenses": 105801000,
    "operatingExpenses": 132180000,
    "costAndExpenses": 239416000,
    "interestIncome": 0,
    "interestExpense": 0,
    "depreciationAndAmortization": 110438000,
    "ebitda": 303750000,
    "ebitdaratio": 0.7019420976,
    "operatingIncome": 193312000,
    "operatingIncomeRatio": 0.446728661,
    "totalOtherIncomeExpensesNet": -13708000,
    "incomeBeforeTax": 179604000,
    "incomeBeforeTaxRatio": 0.4150505629,
    "incomeTaxExpense": 62185000,
    "netIncome": 117419000,
    "netIncomeRatio": 0.2713459725,
    "eps": 0.25,
    "epsdiluted": 0.25,
    "weightedAverageShsOut": 458464000,
    "weightedAverageShsOutDil": 465480000,
    "link": "https://www.sec.gov/Archives/edgar/data/821189/000082118903000216/0000821189-03-000216-index.htm",
    "finalLink": "https://www.sec.gov/Archives/edgar/data/821189/000082118903000216/eog3q10q.txt"
  },
  {
    "date": "2003-06-30",
    "symbol": "EOG",
    "reportedCurrency": "USD",
    "cik": "0000821189",
    "fillingDate": "2003-08-07",
    "acceptedDate": "2003-08-07 09:04:25",
    "calendarYear": "2003",
    "period": "Q2",
    "revenue": 424754000,
    "costOfRevenue": 104670000,
    "grossProfit": 320084000,
    "grossProfitRatio": 0.7535750105,
    "researchAndDevelopmentExpenses": 0,
    "generalAndAdministrativeExpenses": 0,
    "sellingAndMarketingExpenses": 0,
    "sellingGeneralAndAdministrativeExpenses": 24934000,
    "otherExpenses": 118282000,
    "operatingExpenses": 143216000,
    "costAndExpenses": 247886000,
    "interestIncome": 0,
    "interestExpense": 0,
    "depreciationAndAmortization": 106587000,
    "ebitda": 283455000,
    "ebitdaratio": 0.6673392128,
    "operatingIncome": 176868000,
    "operatingIncomeRatio": 0.4164010227,
    "totalOtherIncomeExpensesNet": -11127000,
    "incomeBeforeTax": 165741000,
    "incomeBeforeTaxRatio": 0.3902046832,
    "incomeTaxExpense": 56950000,
    "netIncome": 108791000,
    "netIncomeRatio": 0.2561270759,
    "eps": 0.23,
    "epsdiluted": 0.23,
    "weightedAverageShsOut": 457528000,
    "weightedAverageShsOutDil": 464524000,
    "link": "https://www.sec.gov/Archives/edgar/data/821189/000082118903000177/0000821189-03-000177-index.htm",
    "finalLink": "https://www.sec.gov/Archives/edgar/data/821189/000082118903000177/eog2q10q.txt"
  },
  {
    "date": "2003-03-31",
    "symbol": "EOG",
    "reportedCurrency": "USD",
    "cik": "0000821189",
    "fillingDate": "2003-05-05",
    "acceptedDate": "2003-05-05 16:52:22",
    "calendarYear": "2003",
    "period": "Q1",
    "revenue": 464378000,
    "costOfRevenue": 72417000,
    "grossProfit": 391961000,
    "grossProfitRatio": 0.84405592,
    "researchAndDevelopmentExpenses": 0,
    "generalAndAdministrativeExpenses": 0,
    "sellingAndMarketingExpenses": 0,
    "sellingGeneralAndAdministrativeExpenses": 20421000,
    "otherExpenses": 145411000,
    "operatingExpenses": 165832000,
    "costAndExpenses": 238249000,
    "interestIncome": 0,
    "interestExpense": 0,
    "depreciationAndAmortization": 103553000,
    "ebitda": 341638000,
    "ebitdaratio": 0.7356894599,
    "operatingIncome": 226129000,
    "operatingIncomeRatio": 0.4869502862,
    "totalOtherIncomeExpensesNet": -15166000,
    "incomeBeforeTax": 210963000,
    "incomeBeforeTaxRatio": 0.454291547,
    "incomeTaxExpense": 74407000,
    "netIncome": 129425000,
    "netIncomeRatio": 0.2787061403,
    "eps": 0.28,
    "epsdiluted": 0.27,
    "weightedAverageShsOut": 457708000,
    "weightedAverageShsOutDil": 464896000,
    "link": "https://www.sec.gov/Archives/edgar/data/821189/000082118903000115/0000821189-03-000115-index.htm",
    "finalLink": "https://www.sec.gov/Archives/edgar/data/821189/000082118903000115/eog1q10q.txt"
  },
  {
    "date": "2002-12-31",
    "symbol": "EOG",
    "reportedCurrency": "USD",
    "cik": "0000821189",
    "fillingDate": "2003-03-13",
    "acceptedDate": "2003-03-13 16:50:47",
    "calendarYear": "2002",
    "period": "Q4",
    "revenue": 338161000,
    "costOfRevenue": 116482000,
    "grossProfit": 221679000,
    "grossProfitRatio": 0.655542774,
    "researchAndDevelopmentExpenses": 0,
    "generalAndAdministrativeExpenses": 0,
    "sellingAndMarketingExpenses": 0,
    "sellingGeneralAndAdministrativeExpenses": 24669000,
    "otherExpenses": 126313000,
    "operatingExpenses": 150982000,
    "costAndExpenses": 267464000,
    "interestIncome": 0,
    "interestExpense": 0,
    "depreciationAndAmortization": 105412000,
    "ebitda": 176109000,
    "ebitdaratio": 0.5207844784,
    "operatingIncome": 70697000,
    "operatingIncomeRatio": 0.2090631386,
    "totalOtherIncomeExpensesNet": -13586000,
    "incomeBeforeTax": 57111000,
    "incomeBeforeTaxRatio": 0.1688870094,
    "incomeTaxExpense": 12692000,
    "netIncome": 44419000,
    "netIncomeRatio": 0.1313545915,
    "eps": 0.096,
    "epsdiluted": 0.096,
    "weightedAverageShsOut": 458700000,
    "weightedAverageShsOutDil": 462484000,
    "link": "https://www.sec.gov/Archives/edgar/data/821189/000082118903000097/0000821189-03-000097-index.htm",
    "finalLink": "https://www.sec.gov/Archives/edgar/data/821189/000082118903000097/eog10-k.txt"
  },
  {
    "date": "2002-09-30",
    "symbol": "EOG",
    "reportedCurrency": "USD",
    "cik": "0000821189",
    "fillingDate": "2002-10-30",
    "acceptedDate": "2002-10-30 14:23:41",
    "calendarYear": "2002",
    "period": "Q3",
    "revenue": 279869000,
    "costOfRevenue": 79447000,
    "grossProfit": 200422000,
    "grossProfitRatio": 0.7161279027,
    "researchAndDevelopmentExpenses": 0,
    "generalAndAdministrativeExpenses": 0,
    "sellingAndMarketingExpenses": 0,
    "sellingGeneralAndAdministrativeExpenses": 21582000,
    "otherExpenses": 117140000,
    "operatingExpenses": 138722000,
    "costAndExpenses": 218169000,
    "interestIncome": 0,
    "interestExpense": 0,
    "depreciationAndAmortization": 100208000,
    "ebitda": 161908000,
    "ebitdaratio": 0.5785135188,
    "operatingIncome": 61700000,
    "operatingIncomeRatio": 0.2204602868,
    "totalOtherIncomeExpensesNet": -18834000,
    "incomeBeforeTax": 42866000,
    "incomeBeforeTaxRatio": 0.1531645163,
    "incomeTaxExpense": 13979000,
    "netIncome": 28887000,
    "netIncomeRatio": 0.1032161476,
    "eps": 0.0575,
    "epsdiluted": 0.055,
    "weightedAverageShsOut": 462484000,
    "weightedAverageShsOutDil": 468312000,
    "link": "https://www.sec.gov/Archives/edgar/data/821189/000082118902000044/0000821189-02-000044-index.htm",
    "finalLink": "https://www.sec.gov/Archives/edgar/data/821189/000082118902000044/eog3q10q.txt"
  },
  {
    "date": "2002-06-20",
    "symbol": "EOG",
    "reportedCurrency": "USD",
    "cik": "0000821189",
    "fillingDate": "2002-08-13",
    "acceptedDate": "2002-08-13 11:47:01",
    "calendarYear": "2002",
    "period": "Q2",
    "revenue": 290503000,
    "costOfRevenue": 82911000,
    "grossProfit": 207592000,
    "grossProfitRatio": 0.71459503,
    "researchAndDevelopmentExpenses": 0,
    "generalAndAdministrativeExpenses": 0,
    "sellingAndMarketingExpenses": 0,
    "sellingGeneralAndAdministrativeExpenses": 21988000,
    "otherExpenses": 115964000,
    "operatingExpenses": 137952000,
    "costAndExpenses": 220863000,
    "interestIncome": 0,
    "interestExpense": 0,
    "depreciationAndAmortization": 97956000,
    "ebitda": 167596000,
    "ebitdaratio": 0.5769165895,
    "operatingIncome": 69640000,
    "operatingIncomeRatio": 0.2397221371,
    "totalOtherIncomeExpensesNet": -14085000,
    "incomeBeforeTax": 55555000,
    "incomeBeforeTaxRatio": 0.1912372678,
    "incomeTaxExpense": 17447000,
    "netIncome": 38108000,
    "netIncomeRatio": 0.1311793682,
    "eps": 0.0775,
    "epsdiluted": 0.075,
    "weightedAverageShsOut": 462948000,
    "weightedAverageShsOutDil": 470756000,
    "link": "https://www.sec.gov/Archives/edgar/data/821189/000082118902000029/0000821189-02-000029-index.htm",
    "finalLink": "https://www.sec.gov/Archives/edgar/data/821189/000082118902000029/eog2q10q.txt"
  },
  {
    "date": "2002-03-31",
    "symbol": "EOG",
    "reportedCurrency": "USD",
    "cik": "0000821189",
    "fillingDate": "2002-05-07",
    "acceptedDate": "2002-05-07 10:11:59",
    "calendarYear": "2002",
    "period": "Q1",
    "revenue": 186503000,
    "costOfRevenue": 75996000,
    "grossProfit": 110507000,
    "grossProfitRatio": 0.5925212999,
    "researchAndDevelopmentExpenses": 0,
    "generalAndAdministrativeExpenses": 0,
    "sellingAndMarketingExpenses": 0,
    "sellingGeneralAndAdministrativeExpenses": 20713000,
    "otherExpenses": 110500000,
    "operatingExpenses": 131213000,
    "costAndExpenses": 207209000,
    "interestIncome": 0,
    "interestExpense": 0,
    "depreciationAndAmortization": 94460000,
    "ebitda": 73754000,
    "ebitdaratio": 0.3954574457,
    "operatingIncome": -20706000,
    "operatingIncomeRatio": -0.1110223428,
    "totalOtherIncomeExpensesNet": -15154000,
    "incomeBeforeTax": -35860000,
    "incomeBeforeTaxRatio": -0.1922757275,
    "incomeTaxExpense": -11619000,
    "netIncome": -24241000,
    "netIncomeRatio": -0.1299764615,
    "eps": -0.0525,
    "epsdiluted": -0.0525,
    "weightedAverageShsOut": 461940000,
    "weightedAverageShsOutDil": 461940000,
    "link": "https://www.sec.gov/Archives/edgar/data/821189/000082118902000016/0000821189-02-000016-index.htm",
    "finalLink": "https://www.sec.gov/Archives/edgar/data/821189/000082118902000016/eog1q10q.txt"
  },
  {
    "date": "2001-12-31",
    "symbol": "EOG",
    "reportedCurrency": "USD",
    "cik": "0000821189",
    "fillingDate": "2002-03-20",
    "acceptedDate": "2002-03-20 00:00:00",
    "calendarYear": "2001",
    "period": "Q4",
    "revenue": 237414000,
    "costOfRevenue": 121648000,
    "grossProfit": 115766000,
    "grossProfitRatio": 0.4876123565,
    "researchAndDevelopmentExpenses": 0,
    "generalAndAdministrativeExpenses": 0,
    "sellingAndMarketingExpenses": 0,
    "sellingGeneralAndAdministrativeExpenses": 22354000,
    "otherExpenses": 131070000,
    "operatingExpenses": 153424000,
    "costAndExpenses": 275072000,
    "interestIncome": 0,
    "interestExpense": 0,
    "depreciationAndAmortization": 97617000,
    "ebitda": 79170000,
    "ebitdaratio": 0.333468119,
    "operatingIncome": -37658000,
    "operatingIncomeRatio": -0.1586174362,
    "totalOtherIncomeExpensesNet": -10835000,
    "incomeBeforeTax": -48493000,
    "incomeBeforeTaxRatio": -0.2042550144,
    "incomeTaxExpense": -23696000,
    "netIncome": -24797000,
    "netIncomeRatio": -0.1044462416,
    "eps": -0.0539,
    "epsdiluted": -0.0536,
    "weightedAverageShsOut": 460456000,
    "weightedAverageShsOutDil": 462768000,
    "link": "https://www.sec.gov/Archives/edgar/data/821189/000082118902000013/0000821189-02-000013-index.htm",
    "finalLink": "https://www.sec.gov/Archives/edgar/data/821189/000082118902000013/eogform10k.txt"
  },
  {
    "date": "2001-09-30",
    "symbol": "EOG",
    "reportedCurrency": "USD",
    "cik": "0000821189",
    "fillingDate": "2001-10-29",
    "acceptedDate": "2001-10-29 00:00:00",
    "calendarYear": "2001",
    "period": "Q3",
    "revenue": 354172000,
    "costOfRevenue": 87262000,
    "grossProfit": 266910000,
    "grossProfitRatio": 0.7536168867,
    "researchAndDevelopmentExpenses": 0,
    "generalAndAdministrativeExpenses": 0,
    "sellingAndMarketingExpenses": 0,
    "sellingGeneralAndAdministrativeExpenses": 20925000,
    "otherExpenses": 122038000,
    "operatingExpenses": 142963000,
    "costAndExpenses": 230225000,
    "interestIncome": 0,
    "interestExpense": 0,
    "depreciationAndAmortization": 103351000,
    "ebitda": 227298000,
    "ebitdaratio": 0.6417729239,
    "operatingIncome": 123947000,
    "operatingIncomeRatio": 0.34996273,
    "totalOtherIncomeExpensesNet": -8970000,
    "incomeBeforeTax": 114977000,
    "incomeBeforeTaxRatio": 0.3246360525,
    "incomeTaxExpense": 43014000,
    "netIncome": 71963000,
    "netIncomeRatio": 0.2031865873,
    "eps": 0.15,
    "epsdiluted": 0.15,
    "weightedAverageShsOut": 462768000,
    "weightedAverageShsOutDil": 468564000,
    "link": "https://www.sec.gov/Archives/edgar/data/821189/000082118901500030/0000821189-01-500030-index.htm",
    "finalLink": "https://www.sec.gov/Archives/edgar/data/821189/000082118901500030/eog3q10q.txt"
  },
  {
    "date": "2001-06-30",
    "symbol": "EOG",
    "reportedCurrency": "USD",
    "cik": "0000821189",
    "fillingDate": "2001-07-31",
    "acceptedDate": "2001-07-31 00:00:00",
    "calendarYear": "2001",
    "period": "Q2",
    "revenue": 466048000,
    "costOfRevenue": 90232000,
    "grossProfit": 375816000,
    "grossProfitRatio": 0.8063890415,
    "researchAndDevelopmentExpenses": 0,
    "generalAndAdministrativeExpenses": 0,
    "sellingAndMarketingExpenses": 0,
    "sellingGeneralAndAdministrativeExpenses": 18735000,
    "otherExpenses": 122842000,
    "operatingExpenses": 141577000,
    "costAndExpenses": 231809000,
    "interestIncome": 0,
    "interestExpense": 0,
    "depreciationAndAmortization": 97470000,
    "ebitda": 331709000,
    "ebitdaratio": 0.7117485753,
    "operatingIncome": 234239000,
    "operatingIncomeRatio": 0.5026070276,
    "totalOtherIncomeExpensesNet": -9374000,
    "incomeBeforeTax": 224865000,
    "incomeBeforeTaxRatio": 0.4824932196,
    "incomeTaxExpense": 88662000,
    "netIncome": 136203000,
    "netIncomeRatio": 0.2922510128,
    "eps": 0.29,
    "epsdiluted": 0.28,
    "weightedAverageShsOut": 463480000,
    "weightedAverageShsOutDil": 472188000,
    "link": "https://www.sec.gov/Archives/edgar/data/821189/000082118901500025/0000821189-01-500025-index.htm",
    "finalLink": "https://www.sec.gov/Archives/edgar/data/821189/000082118901500025/eog2qtrform10q.txt"
  },
  {
    "date": "2001-03-31",
    "symbol": "EOG",
    "reportedCurrency": "USD",
    "cik": "0000821189",
    "fillingDate": "2001-05-09",
    "acceptedDate": "2001-05-09 00:00:00",
    "calendarYear": "2001",
    "period": "Q1",
    "revenue": 597253000,
    "costOfRevenue": 94287000,
    "grossProfit": 502966000,
    "grossProfitRatio": 0.8421322287,
    "researchAndDevelopmentExpenses": 0,
    "generalAndAdministrativeExpenses": 0,
    "sellingAndMarketingExpenses": 0,
    "sellingGeneralAndAdministrativeExpenses": 17949000,
    "otherExpenses": 130993000,
    "operatingExpenses": 148942000,
    "costAndExpenses": 243229000,
    "interestIncome": 0,
    "interestExpense": 0,
    "depreciationAndAmortization": 93961000,
    "ebitda": 447985000,
    "ebitdaratio": 0.7500757635,
    "operatingIncome": 354024000,
    "operatingIncomeRatio": 0.5927538246,
    "totalOtherIncomeExpensesNet": -13928000,
    "incomeBeforeTax": 340096000,
    "incomeBeforeTaxRatio": 0.5694337241,
    "incomeTaxExpense": 124849000,
    "netIncome": 215247000,
    "netIncomeRatio": 0.3603950085,
    "eps": 0.46,
    "epsdiluted": 0.45,
    "weightedAverageShsOut": 465536000,
    "weightedAverageShsOutDil": 475808000,
    "link": "https://www.sec.gov/Archives/edgar/data/821189/000082118901500013/0000821189-01-500013-index.htm",
    "finalLink": "https://www.sec.gov/Archives/edgar/data/821189/000082118901500013/form10q1stqtr.txt"
  },
  {
    "date": "2000-12-31",
    "symbol": "EOG",
    "reportedCurrency": "USD",
    "cik": "0000821189",
    "fillingDate": "2001-03-23",
    "acceptedDate": "2001-03-23 00:00:00",
    "calendarYear": "2000",
    "period": "Q4",
    "revenue": 527597000,
    "costOfRevenue": 65744000,
    "grossProfit": 461853000,
    "grossProfitRatio": 0.8753897388,
    "researchAndDevelopmentExpenses": 0,
    "generalAndAdministrativeExpenses": 0,
    "sellingAndMarketingExpenses": 0,
    "sellingGeneralAndAdministrativeExpenses": 53282000,
    "otherExpenses": 134811000,
    "operatingExpenses": 188093000,
    "costAndExpenses": 253837000,
    "interestIncome": 0,
    "interestExpense": 0,
    "depreciationAndAmortization": 103239000,
    "ebitda": 376999000,
    "ebitdaratio": 0.7145586499,
    "operatingIncome": 273760000,
    "operatingIncomeRatio": 0.5188808883,
    "totalOtherIncomeExpensesNet": -19222000,
    "incomeBeforeTax": 254538000,
    "incomeBeforeTaxRatio": 0.4824477774,
    "incomeTaxExpense": 93091000,
    "netIncome": 161447000,
    "netIncomeRatio": 0.3060043935,
    "eps": 0.35,
    "epsdiluted": 0.35,
    "weightedAverageShsOut": 466236000,
    "weightedAverageShsOutDil": 466236000,
    "link": "https://www.sec.gov/Archives/edgar/data/821189/000082118901500007/0000821189-01-500007-index.htm",
    "finalLink": "https://www.sec.gov/Archives/edgar/data/821189/000082118901500007/form10k2000.txt"
  },
  {
    "date": "2000-09-30",
    "symbol": "EOG",
    "reportedCurrency": "USD",
    "cik": "0000821189",
    "fillingDate": "2000-10-31",
    "acceptedDate": "2000-10-31 00:00:00",
    "calendarYear": "2000",
    "period": "Q3",
    "revenue": 402151000,
    "costOfRevenue": 65615000,
    "grossProfit": 336536000,
    "grossProfitRatio": 0.8368398935,
    "researchAndDevelopmentExpenses": 0,
    "generalAndAdministrativeExpenses": 0,
    "sellingAndMarketingExpenses": 0,
    "sellingGeneralAndAdministrativeExpenses": 17053000,
    "otherExpenses": 115790000,
    "operatingExpenses": 132843000,
    "costAndExpenses": 198458000,
    "interestIncome": 0,
    "interestExpense": 0,
    "depreciationAndAmortization": 92056000,
    "ebitda": 295749000,
    "ebitdaratio": 0.7354177908,
    "operatingIncome": 203693000,
    "operatingIncomeRatio": 0.5065087492,
    "totalOtherIncomeExpensesNet": -14750000,
    "incomeBeforeTax": 188943000,
    "incomeBeforeTaxRatio": 0.4698309839,
    "incomeTaxExpense": 72466000,
    "netIncome": 116477000,
    "netIncomeRatio": 0.2896349879,
    "eps": 0.25,
    "epsdiluted": 0.24,
    "weightedAverageShsOut": 467440916,
    "weightedAverageShsOutDil": 467440916,
    "link": "https://www.sec.gov/Archives/edgar/data/821189/000082118900500007/0000821189-00-500007-index.htm",
    "finalLink": "https://www.sec.gov/Archives/edgar/data/821189/000082118900500007/qtr310q.txt"
  },
  {
    "date": "2000-06-30",
    "symbol": "EOG",
    "reportedCurrency": "USD",
    "cik": "0000821189",
    "fillingDate": "2000-08-08",
    "acceptedDate": "2000-08-08 00:00:00",
    "calendarYear": "2000",
    "period": "Q2",
    "revenue": 322727000,
    "costOfRevenue": 58840000,
    "grossProfit": 263887000,
    "grossProfitRatio": 0.8176787192,
    "researchAndDevelopmentExpenses": 0,
    "generalAndAdministrativeExpenses": 0,
    "sellingAndMarketingExpenses": 0,
    "sellingGeneralAndAdministrativeExpenses": 16027000,
    "otherExpenses": 108625000,
    "operatingExpenses": 124652000,
    "costAndExpenses": 183492000,
    "interestIncome": 0,
    "interestExpense": 0,
    "depreciationAndAmortization": 90594000,
    "ebitda": 229829000,
    "ebitdaratio": 0.712146799,
    "operatingIncome": 139235000,
    "operatingIncomeRatio": 0.431432759,
    "totalOtherIncomeExpensesNet": -14818000,
    "incomeBeforeTax": 124417000,
    "incomeBeforeTaxRatio": 0.3855177906,
    "incomeTaxExpense": 46900000,
    "netIncome": 77517000,
    "netIncomeRatio": 0.2401937241,
    "eps": 0.16,
    "epsdiluted": 0.16,
    "weightedAverageShsOut": 464904000,
    "weightedAverageShsOutDil": 476708000,
    "link": "https://www.sec.gov/Archives/edgar/data/821189/000082118900000010/0000821189-00-000010-index.htm",
    "finalLink": "https://www.sec.gov/Archives/edgar/data/821189/000082118900000010/0000821189-00-000010-0001.txt"
  },
  {
    "date": "2000-03-31",
    "symbol": "EOG",
    "reportedCurrency": "USD",
    "cik": "0000821189",
    "fillingDate": "2000-05-10",
    "acceptedDate": "2000-05-10 00:00:00",
    "calendarYear": "2000",
    "period": "Q1",
    "revenue": 259896000,
    "costOfRevenue": 60847000,
    "grossProfit": 199049000,
    "grossProfitRatio": 0.7658794287,
    "researchAndDevelopmentExpenses": 0,
    "generalAndAdministrativeExpenses": 0,
    "sellingAndMarketingExpenses": 0,
    "sellingGeneralAndAdministrativeExpenses": 16287000,
    "otherExpenses": 102552000,
    "operatingExpenses": 118839000,
    "costAndExpenses": 179686000,
    "interestIncome": 0,
    "interestExpense": 0,
    "depreciationAndAmortization": 84137000,
    "ebitda": 164347000,
    "ebitdaratio": 0.6323567889,
    "operatingIncome": 80210000,
    "operatingIncomeRatio": 0.3086234494,
    "totalOtherIncomeExpensesNet": -14551000,
    "incomeBeforeTax": 65659000,
    "incomeBeforeTaxRatio": 0.2526356697,
    "incomeTaxExpense": 24169000,
    "netIncome": 41490000,
    "netIncomeRatio": 0.1596407794,
    "eps": 0.0825,
    "epsdiluted": 0.0825,
    "weightedAverageShsOut": 471308000,
    "weightedAverageShsOutDil": 473116000,
    "link": "https://www.sec.gov/Archives/edgar/data/821189/000082118900000007/0000821189-00-000007-index.html",
    "finalLink": "https://www.sec.gov/Archives/edgar/data/821189/000082118900000007/"
  },
  {
    "date": "1999-12-31",
    "symbol": "EOG",
    "reportedCurrency": "USD",
    "cik": "0000821189",
    "fillingDate": "2000-03-08",
    "acceptedDate": "2000-03-08 00:00:00",
    "calendarYear": "1999",
    "period": "Q4",
    "revenue": 228500000,
    "costOfRevenue": 89800000,
    "grossProfit": 138700000,
    "grossProfitRatio": 0.6070021882,
    "researchAndDevelopmentExpenses": 0,
    "generalAndAdministrativeExpenses": 0,
    "sellingAndMarketingExpenses": 0,
    "sellingGeneralAndAdministrativeExpenses": 8000000,
    "otherExpenses": 103400000,
    "operatingExpenses": 111400000,
    "costAndExpenses": 201200000,
    "interestIncome": 0,
    "interestExpense": 0,
    "depreciationAndAmortization": 91000000,
    "ebitda": 118300000,
    "ebitdaratio": 0.5177242888,
    "operatingIncome": 27300000,
    "operatingIncomeRatio": 0.1194748359,
    "totalOtherIncomeExpensesNet": -17200000,
    "incomeBeforeTax": 10100000,
    "incomeBeforeTaxRatio": 0.0442013129,
    "incomeTaxExpense": -20400000,
    "netIncome": 30500000,
    "netIncomeRatio": 0.1334792123,
    "eps": 0.0557,
    "epsdiluted": 0.0557,
    "weightedAverageShsOut": 547093333,
    "weightedAverageShsOutDil": 547093333,
    "link": "https://www.sec.gov/Archives/edgar/data/821189/000095012900001017/0000950129-00-001017-index.html",
    "finalLink": "https://www.sec.gov/Archives/edgar/data/821189/000095012900001017/"
  },
  {
    "date": "1999-09-30",
    "symbol": "EOG",
    "reportedCurrency": "USD",
    "cik": "0000821189",
    "fillingDate": "1999-11-12",
    "acceptedDate": "1999-11-12 00:00:00",
    "calendarYear": "1999",
    "period": "Q3",
    "revenue": 226800000,
    "costOfRevenue": 42900000,
    "grossProfit": 183900000,
    "grossProfitRatio": 0.8108465608,
    "researchAndDevelopmentExpenses": 0,
    "generalAndAdministrativeExpenses": 0,
    "sellingAndMarketingExpenses": 0,
    "sellingGeneralAndAdministrativeExpenses": 24900000,
    "otherExpenses": 212300000,
    "operatingExpenses": 237200000,
    "costAndExpenses": 280100000,
    "interestIncome": 0,
    "interestExpense": 0,
    "depreciationAndAmortization": 198100000,
    "ebitda": 144800000,
    "ebitdaratio": 0.6384479718,
    "operatingIncome": -53300000,
    "operatingIncomeRatio": -0.2350088183,
    "totalOtherIncomeExpensesNet": 537600000,
    "incomeBeforeTax": 484300000,
    "incomeBeforeTaxRatio": 2.135361552,
    "incomeTaxExpense": -28600000,
    "netIncome": 512900000,
    "netIncomeRatio": 2.2614638448,
    "eps": 0.94,
    "epsdiluted": 0.93,
    "weightedAverageShsOut": 547093333,
    "weightedAverageShsOutDil": 552991914,
    "link": "https://www.sec.gov/Archives/edgar/data/821189/000095012999004977/0000950129-99-004977-index.html",
    "finalLink": "https://www.sec.gov/Archives/edgar/data/821189/000095012999004977/"
  },
  {
    "date": "1999-06-30",
    "symbol": "EOG",
    "reportedCurrency": "USD",
    "cik": "0000821189",
    "fillingDate": "1999-07-30",
    "acceptedDate": "1999-07-30 00:00:00",
    "calendarYear": "1999",
    "period": "Q2",
    "revenue": 187200000,
    "costOfRevenue": 44000000,
    "grossProfit": 143200000,
    "grossProfitRatio": 0.764957265,
    "researchAndDevelopmentExpenses": 0,
    "generalAndAdministrativeExpenses": 0,
    "sellingAndMarketingExpenses": 0,
    "sellingGeneralAndAdministrativeExpenses": 26400000,
    "otherExpenses": 101200000,
    "operatingExpenses": 127600000,
    "costAndExpenses": 171600000,
    "interestIncome": 0,
    "interestExpense": 0,
    "depreciationAndAmortization": 88800000,
    "ebitda": 104400000,
    "ebitdaratio": 0.5576923077,
    "operatingIncome": 15600000,
    "operatingIncomeRatio": 0.0833333333,
    "totalOtherIncomeExpensesNet": 16600000,
    "incomeBeforeTax": 32200000,
    "incomeBeforeTaxRatio": 0.172008547,
    "incomeTaxExpense": 11600000,
    "netIncome": 20600000,
    "netIncomeRatio": 0.110042735,
    "eps": 0.0325,
    "epsdiluted": 0.0325,
    "weightedAverageShsOut": 633846154,
    "weightedAverageShsOutDil": 633846154,
    "link": "https://www.sec.gov/Archives/edgar/data/821189/000095012999003398/0000950129-99-003398-index.html",
    "finalLink": "https://www.sec.gov/Archives/edgar/data/821189/000095012999003398/"
  },
  {
    "date": "1999-03-31",
    "symbol": "EOG",
    "reportedCurrency": "USD",
    "cik": "0000821189",
    "fillingDate": "1999-04-26",
    "acceptedDate": "1999-04-26 00:00:00",
    "calendarYear": "1999",
    "period": "Q1",
    "revenue": 158954000,
    "costOfRevenue": 49200000,
    "grossProfit": 109754000,
    "grossProfitRatio": 0.6904764901,
    "researchAndDevelopmentExpenses": 0,
    "generalAndAdministrativeExpenses": 0,
    "sellingAndMarketingExpenses": 0,
    "sellingGeneralAndAdministrativeExpenses": 23600000,
    "otherExpenses": 95700000,
    "operatingExpenses": 119300000,
    "costAndExpenses": 168500000,
    "interestIncome": 0,
    "interestExpense": 0,
    "depreciationAndAmortization": 82000000,
    "ebitda": 72454000,
    "ebitdaratio": 0.4558174063,
    "operatingIncome": -9546000,
    "operatingIncomeRatio": -0.0600551103,
    "totalOtherIncomeExpensesNet": 12646000,
    "incomeBeforeTax": 3100000,
    "incomeBeforeTaxRatio": 0.0195024976,
    "incomeTaxExpense": -2000000,
    "netIncome": 5100000,
    "netIncomeRatio": 0.0320847541,
    "eps": 0.0075,
    "epsdiluted": 0.0075,
    "weightedAverageShsOut": 680000000,
    "weightedAverageShsOutDil": 680000000,
    "link": "https://www.sec.gov/Archives/edgar/data/821189/000095012999001732/0000950129-99-001732-index.html",
    "finalLink": "https://www.sec.gov/Archives/edgar/data/821189/"
  },
  {
    "date": "1998-12-31",
    "symbol": "EOG",
    "reportedCurrency": "USD",
    "cik": "0000821189",
    "fillingDate": "1999-03-18",
    "acceptedDate": "1999-03-18 00:00:00",
    "calendarYear": "1998",
    "period": "Q4",
    "revenue": 194800000,
    "costOfRevenue": 21500000,
    "grossProfit": 173300000,
    "grossProfitRatio": 0.8896303901,
    "researchAndDevelopmentExpenses": 0,
    "generalAndAdministrativeExpenses": 0,
    "sellingAndMarketingExpenses": 0,
    "sellingGeneralAndAdministrativeExpenses": 21400000,
    "otherExpenses": 128400000,
    "operatingExpenses": 149800000,
    "costAndExpenses": 171300000,
    "interestIncome": 0,
    "interestExpense": 0,
    "depreciationAndAmortization": 118100000,
    "ebitda": 141600000,
    "ebitdaratio": 0.726899384,
    "operatingIncome": 23500000,
    "operatingIncomeRatio": 0.1206365503,
    "totalOtherIncomeExpensesNet": -17500000,
    "incomeBeforeTax": 6000000,
    "incomeBeforeTaxRatio": 0.0308008214,
    "incomeTaxExpense": -4000000,
    "netIncome": 10000000,
    "netIncomeRatio": 0.0513347023,
    "eps": 0.0169,
    "epsdiluted": 0.0169,
    "weightedAverageShsOut": 590000000,
    "weightedAverageShsOutDil": 590000000,
    "link": "https://www.sec.gov/Archives/edgar/data/821189/000095012999001042/0000950129-99-001042-index.html",
    "finalLink": "https://www.sec.gov/Archives/edgar/data/821189/"
  },
  {
    "date": "1998-09-30",
    "symbol": "EOG",
    "reportedCurrency": "USD",
    "cik": "0000821189",
    "fillingDate": "1998-11-13",
    "acceptedDate": "1998-11-13 00:00:00",
    "calendarYear": "1998",
    "period": "Q3",
    "revenue": 191300000,
    "costOfRevenue": 58200000,
    "grossProfit": 133100000,
    "grossProfitRatio": 0.6957658129,
    "researchAndDevelopmentExpenses": 0,
    "generalAndAdministrativeExpenses": 0,
    "sellingAndMarketingExpenses": 0,
    "sellingGeneralAndAdministrativeExpenses": 15800000,
    "otherExpenses": 98200000,
    "operatingExpenses": 114000000,
    "costAndExpenses": 172200000,
    "interestIncome": 0,
    "interestExpense": 0,
    "depreciationAndAmortization": 84400000,
    "ebitda": 103500000,
    "ebitdaratio": 0.5410350235,
    "operatingIncome": 19100000,
    "operatingIncomeRatio": 0.0998431783,
    "totalOtherIncomeExpensesNet": -15200000,
    "incomeBeforeTax": 3900000,
    "incomeBeforeTaxRatio": 0.020386827,
    "incomeTaxExpense": -2000000,
    "netIncome": 5900000,
    "netIncomeRatio": 0.03084161,
    "eps": 0.01,
    "epsdiluted": 0.01,
    "weightedAverageShsOut": 590000000,
    "weightedAverageShsOutDil": 590000000,
    "link": "https://www.sec.gov/Archives/edgar/data/821189/000095012998004686/0000950129-98-004686-index.html",
    "finalLink": "https://www.sec.gov/Archives/edgar/data/821189/"
  },
  {
    "date": "1998-06-30",
    "symbol": "EOG",
    "reportedCurrency": "USD",
    "cik": "0000821189",
    "fillingDate": "1998-08-14",
    "acceptedDate": "1998-08-14 00:00:00",
    "calendarYear": "1998",
    "period": "Q2",
    "revenue": 183300000,
    "costOfRevenue": 49000000,
    "grossProfit": 134300000,
    "grossProfitRatio": 0.7326786688,
    "researchAndDevelopmentExpenses": 0,
    "generalAndAdministrativeExpenses": 0,
    "sellingAndMarketingExpenses": 0,
    "sellingGeneralAndAdministrativeExpenses": 15200000,
    "otherExpenses": 86400000,
    "operatingExpenses": 101600000,
    "costAndExpenses": 150600000,
    "interestIncome": 0,
    "interestExpense": 0,
    "depreciationAndAmortization": 83700000,
    "ebitda": 116400000,
    "ebitdaratio": 0.6350245499,
    "operatingIncome": 32700000,
    "operatingIncomeRatio": 0.178396072,
    "totalOtherIncomeExpensesNet": -10500000,
    "incomeBeforeTax": 22200000,
    "incomeBeforeTaxRatio": 0.1211129296,
    "incomeTaxExpense": 8900000,
    "netIncome": 13300000,
    "netIncomeRatio": 0.072558647,
    "eps": 0.0225,
    "epsdiluted": 0.0225,
    "weightedAverageShsOut": 591111111,
    "weightedAverageShsOutDil": 591111111,
    "link": "https://www.sec.gov/Archives/edgar/data/821189/000095012998003537/0000950129-98-003537-index.html",
    "finalLink": "https://www.sec.gov/Archives/edgar/data/821189/"
  },
  {
    "date": "1998-03-31",
    "symbol": "EOG",
    "reportedCurrency": "USD",
    "cik": "0000821189",
    "fillingDate": "1998-05-15",
    "acceptedDate": "1998-05-15 00:00:00",
    "calendarYear": "1998",
    "period": "Q1",
    "revenue": 199800000,
    "costOfRevenue": 69200000,
    "grossProfit": 130600000,
    "grossProfitRatio": 0.6536536537,
    "researchAndDevelopmentExpenses": 0,
    "generalAndAdministrativeExpenses": 0,
    "sellingAndMarketingExpenses": 0,
    "sellingGeneralAndAdministrativeExpenses": 16600000,
    "otherExpenses": 75800000,
    "operatingExpenses": 92400000,
    "costAndExpenses": 161600000,
    "interestIncome": 0,
    "interestExpense": 0,
    "depreciationAndAmortization": 61300000,
    "ebitda": 99500000,
    "ebitdaratio": 0.497997998,
    "operatingIncome": 38200000,
    "operatingIncomeRatio": 0.1911911912,
    "totalOtherIncomeExpensesNet": -10000000,
    "incomeBeforeTax": 28200000,
    "incomeBeforeTaxRatio": 0.1411411411,
    "incomeTaxExpense": 1200000,
    "netIncome": 27000000,
    "netIncomeRatio": 0.1351351351,
    "eps": 0.0425,
    "epsdiluted": 0.0425,
    "weightedAverageShsOut": 635294118,
    "weightedAverageShsOutDil": 635294118,
    "link": "https://www.sec.gov/Archives/edgar/data/821189/000095012998002131/0000950129-98-002131-index.html",
    "finalLink": "https://www.sec.gov/Archives/edgar/data/821189/"
  },
  {
    "date": "1997-12-31",
    "symbol": "EOG",
    "reportedCurrency": "USD",
    "cik": "0000821189",
    "fillingDate": "1998-03-13",
    "acceptedDate": "1998-03-13 00:00:00",
    "calendarYear": "1997",
    "period": "Q4",
    "revenue": 238000000,
    "costOfRevenue": 58700000,
    "grossProfit": 179300000,
    "grossProfitRatio": 0.7533613445,
    "researchAndDevelopmentExpenses": 0,
    "generalAndAdministrativeExpenses": 0,
    "sellingAndMarketingExpenses": 0,
    "sellingGeneralAndAdministrativeExpenses": 13700000,
    "otherExpenses": 91500000,
    "operatingExpenses": 105200000,
    "costAndExpenses": 163900000,
    "interestIncome": 0,
    "interestExpense": 0,
    "depreciationAndAmortization": 74200000,
    "ebitda": 148300000,
    "ebitdaratio": 0.6231092437,
    "operatingIncome": 74100000,
    "operatingIncomeRatio": 0.3113445378,
    "totalOtherIncomeExpensesNet": -13000000,
    "incomeBeforeTax": 61100000,
    "incomeBeforeTaxRatio": 0.2567226891,
    "incomeTaxExpense": 17900000,
    "netIncome": 43200000,
    "netIncomeRatio": 0.181512605,
    "eps": 0.0692,
    "epsdiluted": 0.0692,
    "weightedAverageShsOut": 611364103,
    "weightedAverageShsOutDil": 624000000,
    "link": "https://www.sec.gov/Archives/edgar/data/821189/000095012998001025/0000950129-98-001025-index.html",
    "finalLink": "https://www.sec.gov/Archives/edgar/data/821189/"
  },
  {
    "date": "1997-09-30",
    "symbol": "EOG",
    "reportedCurrency": "USD",
    "cik": "0000821189",
    "fillingDate": "1997-11-14",
    "acceptedDate": "1997-11-14 00:00:00",
    "calendarYear": "1997",
    "period": "Q3",
    "revenue": 193100000,
    "costOfRevenue": 44200000,
    "grossProfit": 148900000,
    "grossProfitRatio": 0.7711030554,
    "researchAndDevelopmentExpenses": 0,
    "generalAndAdministrativeExpenses": 0,
    "sellingAndMarketingExpenses": 0,
    "sellingGeneralAndAdministrativeExpenses": 14900000,
    "otherExpenses": 85200000,
    "operatingExpenses": 100100000,
    "costAndExpenses": 144300000,
    "interestIncome": 0,
    "interestExpense": 0,
    "depreciationAndAmortization": 93700000,
    "ebitda": 142500000,
    "ebitdaratio": 0.7379596064,
    "operatingIncome": 48800000,
    "operatingIncomeRatio": 0.2527187985,
    "totalOtherIncomeExpensesNet": -7800000,
    "incomeBeforeTax": 41000000,
    "incomeBeforeTaxRatio": 0.2123252201,
    "incomeTaxExpense": 9800000,
    "netIncome": 31200000,
    "netIncomeRatio": 0.1615743138,
    "eps": 0.05,
    "epsdiluted": 0.05,
    "weightedAverageShsOut": 624000000,
    "weightedAverageShsOutDil": 624000000,
    "link": "https://www.sec.gov/Archives/edgar/data/821189/000082118997000017/0000821189-97-000017-index.html",
    "finalLink": "https://www.sec.gov/Archives/edgar/data/821189/"
  },
  {
    "date": "1997-06-30",
    "symbol": "EOG",
    "reportedCurrency": "USD",
    "cik": "0000821189",
    "fillingDate": "1997-08-14",
    "acceptedDate": "1997-08-14 00:00:00",
    "calendarYear": "1997",
    "period": "Q2",
    "revenue": 171800000,
    "costOfRevenue": 60400000,
    "grossProfit": 111400000,
    "grossProfitRatio": 0.6484284051,
    "researchAndDevelopmentExpenses": 0,
    "generalAndAdministrativeExpenses": 0,
    "sellingAndMarketingExpenses": 0,
    "sellingGeneralAndAdministrativeExpenses": 12100000,
    "otherExpenses": 70700000,
    "operatingExpenses": 82800000,
    "costAndExpenses": 143200000,
    "interestIncome": 0,
    "interestExpense": 0,
    "depreciationAndAmortization": 58300000,
    "ebitda": 86900000,
    "ebitdaratio": 0.5058207218,
    "operatingIncome": 28600000,
    "operatingIncomeRatio": 0.1664726426,
    "totalOtherIncomeExpensesNet": -4500000,
    "incomeBeforeTax": 24100000,
    "incomeBeforeTaxRatio": 0.1402793946,
    "incomeTaxExpense": -500000,
    "netIncome": 24600000,
    "netIncomeRatio": 0.1431897555,
    "eps": 0.04,
    "epsdiluted": 0.04,
    "weightedAverageShsOut": 615000000,
    "weightedAverageShsOutDil": 615000000,
    "link": "https://www.sec.gov/Archives/edgar/data/821189/000082118997000011/0000821189-97-000011-index.html",
    "finalLink": "https://www.sec.gov/Archives/edgar/data/821189/"
  },
  {
    "date": "1997-03-31",
    "symbol": "EOG",
    "reportedCurrency": "USD",
    "cik": "0000821189",
    "fillingDate": "1997-05-15",
    "acceptedDate": "1997-05-15 00:00:00",
    "calendarYear": "1997",
    "period": "Q1",
    "revenue": 180700000,
    "costOfRevenue": 56600000,
    "grossProfit": 124100000,
    "grossProfitRatio": 0.686773658,
    "researchAndDevelopmentExpenses": 0,
    "generalAndAdministrativeExpenses": 0,
    "sellingAndMarketingExpenses": 0,
    "sellingGeneralAndAdministrativeExpenses": 13600000,
    "otherExpenses": 69300000,
    "operatingExpenses": 82900000,
    "costAndExpenses": 139500000,
    "interestIncome": 0,
    "interestExpense": 0,
    "depreciationAndAmortization": 52000000,
    "ebitda": 93200000,
    "ebitdaratio": 0.5157719978,
    "operatingIncome": 41200000,
    "operatingIncomeRatio": 0.2280022136,
    "totalOtherIncomeExpensesNet": -3900000,
    "incomeBeforeTax": 37300000,
    "incomeBeforeTaxRatio": 0.2064194798,
    "incomeTaxExpense": 14200000,
    "netIncome": 23100000,
    "netIncomeRatio": 0.1278361926,
    "eps": 0.0375,
    "epsdiluted": 0.035,
    "weightedAverageShsOut": 616000000,
    "weightedAverageShsOutDil": 660000000,
    "link": "https://www.sec.gov/Archives/edgar/data/821189/000095012997002081/0000950129-97-002081-index.html",
    "finalLink": "https://www.sec.gov/Archives/edgar/data/821189/"
  },
  {
    "date": "1996-12-31",
    "symbol": "EOG",
    "reportedCurrency": "USD",
    "cik": "0000821189",
    "fillingDate": "1997-03-07",
    "acceptedDate": "1997-03-07 00:00:00",
    "calendarYear": "1996",
    "period": "Q4",
    "revenue": 204300000,
    "costOfRevenue": 47400000,
    "grossProfit": 156900000,
    "grossProfitRatio": 0.7679882526,
    "researchAndDevelopmentExpenses": 0,
    "generalAndAdministrativeExpenses": 0,
    "sellingAndMarketingExpenses": 0,
    "sellingGeneralAndAdministrativeExpenses": 14900000,
    "otherExpenses": 85000000,
    "operatingExpenses": 99900000,
    "costAndExpenses": 147300000,
    "interestIncome": 0,
    "interestExpense": 0,
    "depreciationAndAmortization": 69600000,
    "ebitda": 126600000,
    "ebitdaratio": 0.6196769457,
    "operatingIncome": 57000000,
    "operatingIncomeRatio": 0.2790014684,
    "totalOtherIncomeExpensesNet": -7100000,
    "incomeBeforeTax": 49900000,
    "incomeBeforeTaxRatio": 0.2442486539,
    "incomeTaxExpense": 14800000,
    "netIncome": 35100000,
    "netIncomeRatio": 0.1718061674,
    "eps": 0.0559,
    "epsdiluted": 0.0559,
    "weightedAverageShsOut": 628000000,
    "weightedAverageShsOutDil": 628000000,
    "link": "https://www.sec.gov/Archives/edgar/data/821189/000095012997000928/0000950129-97-000928-index.html",
    "finalLink": "https://www.sec.gov/Archives/edgar/data/821189/"
  },
  {
    "date": "1996-09-30",
    "symbol": "EOG",
    "reportedCurrency": "USD",
    "cik": "0000821189",
    "fillingDate": "1996-11-08",
    "acceptedDate": "1996-11-08 00:00:00",
    "calendarYear": "1996",
    "period": "Q3",
    "revenue": 170200000,
    "costOfRevenue": 41500000,
    "grossProfit": 128700000,
    "grossProfitRatio": 0.7561692127,
    "researchAndDevelopmentExpenses": 0,
    "generalAndAdministrativeExpenses": 0,
    "sellingAndMarketingExpenses": 0,
    "sellingGeneralAndAdministrativeExpenses": 13000000,
    "otherExpenses": 69400000,
    "operatingExpenses": 82400000,
    "costAndExpenses": 123900000,
    "interestIncome": 0,
    "interestExpense": 0,
    "depreciationAndAmortization": 59400000,
    "ebitda": 105700000,
    "ebitdaratio": 0.6210340776,
    "operatingIncome": 46300000,
    "operatingIncomeRatio": 0.2720329025,
    "totalOtherIncomeExpensesNet": -2900000,
    "incomeBeforeTax": 43400000,
    "incomeBeforeTaxRatio": 0.2549941246,
    "incomeTaxExpense": 12000000,
    "netIncome": 31400000,
    "netIncomeRatio": 0.1844888367,
    "eps": 0.05,
    "epsdiluted": 0.0475,
    "weightedAverageShsOut": 628000000,
    "weightedAverageShsOutDil": 661052632,
    "link": "https://www.sec.gov/Archives/edgar/data/821189/000082118996000006/0000821189-96-000006-index.html",
    "finalLink": "https://www.sec.gov/Archives/edgar/data/821189/"
  },
  {
    "date": "1996-06-30",
    "symbol": "EOG",
    "reportedCurrency": "USD",
    "cik": "0000821189",
    "fillingDate": "1996-08-12",
    "acceptedDate": "1996-08-12 00:00:00",
    "calendarYear": "1996",
    "period": "Q2",
    "revenue": 197100000,
    "costOfRevenue": 39000000,
    "grossProfit": 158100000,
    "grossProfitRatio": 0.802130898,
    "researchAndDevelopmentExpenses": 0,
    "generalAndAdministrativeExpenses": 0,
    "sellingAndMarketingExpenses": 0,
    "sellingGeneralAndAdministrativeExpenses": 14300000,
    "otherExpenses": 70200000,
    "operatingExpenses": 84500000,
    "costAndExpenses": 123500000,
    "interestIncome": 0,
    "interestExpense": 0,
    "depreciationAndAmortization": 69800000,
    "ebitda": 143400000,
    "ebitdaratio": 0.7275494673,
    "operatingIncome": 73600000,
    "operatingIncomeRatio": 0.3734145104,
    "totalOtherIncomeExpensesNet": -3200000,
    "incomeBeforeTax": 70400000,
    "incomeBeforeTaxRatio": 0.3571790969,
    "incomeTaxExpense": 22800000,
    "netIncome": 47600000,
    "netIncomeRatio": 0.2415017757,
    "eps": 0.075,
    "epsdiluted": 0.0725,
    "weightedAverageShsOut": 634666667,
    "weightedAverageShsOutDil": 656551724,
    "link": "https://www.sec.gov/Archives/edgar/data/821189/000082118996000003/0000821189-96-000003-index.html",
    "finalLink": "https://www.sec.gov/Archives/edgar/data/821189/"
  },
  {
    "date": "1996-03-31",
    "symbol": "EOG",
    "reportedCurrency": "USD",
    "cik": "0000821189",
    "fillingDate": "1996-05-13",
    "acceptedDate": "1996-05-13 00:00:00",
    "calendarYear": "1996",
    "period": "Q1",
    "revenue": 159000000,
    "costOfRevenue": 48900000,
    "grossProfit": 110100000,
    "grossProfitRatio": 0.6924528302,
    "researchAndDevelopmentExpenses": 0,
    "generalAndAdministrativeExpenses": 0,
    "sellingAndMarketingExpenses": 0,
    "sellingGeneralAndAdministrativeExpenses": 14200000,
    "otherExpenses": 64000000,
    "operatingExpenses": 78200000,
    "costAndExpenses": 127100000,
    "interestIncome": 0,
    "interestExpense": 0,
    "depreciationAndAmortization": 52500000,
    "ebitda": 84400000,
    "ebitdaratio": 0.5308176101,
    "operatingIncome": 31900000,
    "operatingIncomeRatio": 0.2006289308,
    "totalOtherIncomeExpensesNet": -4600000,
    "incomeBeforeTax": 27300000,
    "incomeBeforeTaxRatio": 0.1716981132,
    "incomeTaxExpense": 1400000,
    "netIncome": 25900000,
    "netIncomeRatio": 0.1628930818,
    "eps": 0.04,
    "epsdiluted": 0.04,
    "weightedAverageShsOut": 647500000,
    "weightedAverageShsOutDil": 647500000,
    "link": "https://www.sec.gov/Archives/edgar/data/821189/000082118996000002/0000821189-96-000002-index.html",
    "finalLink": "https://www.sec.gov/Archives/edgar/data/821189/"
  },
  {
    "date": "1995-12-31",
    "symbol": "EOG",
    "reportedCurrency": "USD",
    "cik": "0000821189",
    "fillingDate": "1996-03-05",
    "acceptedDate": "1996-03-05 00:00:00",
    "calendarYear": "1995",
    "period": "Q4",
    "revenue": 156400000,
    "costOfRevenue": 34500000,
    "grossProfit": 121900000,
    "grossProfitRatio": 0.7794117647,
    "researchAndDevelopmentExpenses": 0,
    "generalAndAdministrativeExpenses": 0,
    "sellingAndMarketingExpenses": 0,
    "sellingGeneralAndAdministrativeExpenses": 15400000,
    "otherExpenses": 65100000,
    "operatingExpenses": 80500000,
    "costAndExpenses": 115000000,
    "interestIncome": 0,
    "interestExpense": 0,
    "depreciationAndAmortization": 58100000,
    "ebitda": 99500000,
    "ebitdaratio": 0.6361892583,
    "operatingIncome": 41400000,
    "operatingIncomeRatio": 0.2647058824,
    "totalOtherIncomeExpensesNet": -1500000,
    "incomeBeforeTax": 39900000,
    "incomeBeforeTaxRatio": 0.2551150895,
    "incomeTaxExpense": 8500000,
    "netIncome": 31400000,
    "netIncomeRatio": 0.2007672634,
    "eps": 0.05,
    "epsdiluted": 0.05,
    "weightedAverageShsOut": 628571429,
    "weightedAverageShsOutDil": 628571429,
    "link": "https://www.sec.gov/Archives/edgar/data/821189/000095012996000285/0000950129-96-000285-index.html",
    "finalLink": "https://www.sec.gov/Archives/edgar/data/821189/"
  },
  {
    "date": "1995-09-30",
    "symbol": "EOG",
    "reportedCurrency": "USD",
    "cik": "0000821189",
    "fillingDate": "1995-11-08",
    "acceptedDate": "1995-11-08 00:00:00",
    "calendarYear": "1995",
    "period": "Q3",
    "revenue": 153000000,
    "costOfRevenue": 36900000,
    "grossProfit": 116100000,
    "grossProfitRatio": 0.7588235294,
    "researchAndDevelopmentExpenses": 0,
    "generalAndAdministrativeExpenses": 0,
    "sellingAndMarketingExpenses": 0,
    "sellingGeneralAndAdministrativeExpenses": 14000000,
    "otherExpenses": 64100000,
    "operatingExpenses": 78100000,
    "costAndExpenses": 115000000,
    "interestIncome": 0,
    "interestExpense": 0,
    "depreciationAndAmortization": 56200000,
    "ebitda": 94200000,
    "ebitdaratio": 0.6156862745,
    "operatingIncome": 38000000,
    "operatingIncomeRatio": 0.2483660131,
    "totalOtherIncomeExpensesNet": -4600000,
    "incomeBeforeTax": 33400000,
    "incomeBeforeTaxRatio": 0.2183006536,
    "incomeTaxExpense": 400000,
    "netIncome": 33000000,
    "netIncomeRatio": 0.2156862745,
    "eps": 0.0525,
    "epsdiluted": 0.0525,
    "weightedAverageShsOut": 628571429,
    "weightedAverageShsOutDil": 628571429,
    "link": "https://www.sec.gov/Archives/edgar/data/821189/000082118995000013/0000821189-95-000013-index.html",
    "finalLink": "https://www.sec.gov/Archives/edgar/data/821189/"
  }
]