[
  {
    "date": "2024-12-31",
    "symbol": "EOG",
    "reportedCurrency": "USD",
    "cik": "0000821189",
    "fillingDate": "2025-02-27",
    "acceptedDate": "2025-02-27 16:33:55",
    "calendarYear": "2024",
    "period": "FY",
    "revenue": 23378000000,
    "costOfRevenue": 5680000000,
    "grossProfit": 17698000000,
    "grossProfitRatio": 0.7570365301,
    "researchAndDevelopmentExpenses": 0,
    "generalAndAdministrativeExpenses": 669000000,
    "sellingAndMarketingExpenses": 5717000000,
    "sellingGeneralAndAdministrativeExpenses": 6386000000,
    "otherExpenses": 3230000000,
    "operatingExpenses": 9616000000,
    "costAndExpenses": 15296000000,
    "interestIncome": 277000000,
    "interestExpense": 138000000,
    "depreciationAndAmortization": 4108000000,
    "ebitda": 12464000000,
    "ebitdaratio": 0.5331508256,
    "operatingIncome": 8082000000,
    "operatingIncomeRatio": 0.3457096415,
    "totalOtherIncomeExpensesNet": 136000000,
    "incomeBeforeTax": 8218000000,
    "incomeBeforeTaxRatio": 0.3515270767,
    "incomeTaxExpense": 1815000000,
    "netIncome": 6403000000,
    "netIncomeRatio": 0.273889982,
    "eps": 11.31,
    "epsdiluted": 11.25,
    "weightedAverageShsOut": 566000000,
    "weightedAverageShsOutDil": 569000000,
    "link": "https://www.sec.gov/Archives/edgar/data/821189/000082118925000011/0000821189-25-000011-index.htm",
    "finalLink": "https://www.sec.gov/Archives/edgar/data/821189/000082118925000011/eog-20241231.htm"
  },
  {
    "date": "2023-12-31",
    "symbol": "EOG",
    "reportedCurrency": "USD",
    "cik": "0000821189",
    "fillingDate": "2024-02-22",
    "acceptedDate": "2024-02-22 16:43:31",
    "calendarYear": "2023",
    "period": "FY",
    "revenue": 23182000000,
    "costOfRevenue": 4946000000,
    "grossProfit": 18236000000,
    "grossProfitRatio": 0.7866448106,
    "researchAndDevelopmentExpenses": 0,
    "generalAndAdministrativeExpenses": 640000000,
    "sellingAndMarketingExpenses": 5709000000,
    "sellingGeneralAndAdministrativeExpenses": 6349000000,
    "otherExpenses": 2284000000,
    "operatingExpenses": 8633000000,
    "costAndExpenses": 13579000000,
    "interestIncome": 240000000,
    "interestExpense": 148000000,
    "depreciationAndAmortization": 3492000000,
    "ebitda": 13329000000,
    "ebitdaratio": 0.574971961,
    "operatingIncome": 9603000000,
    "operatingIncomeRatio": 0.4142438099,
    "totalOtherIncomeExpensesNet": 86000000,
    "incomeBeforeTax": 9689000000,
    "incomeBeforeTaxRatio": 0.4179535847,
    "incomeTaxExpense": 2095000000,
    "netIncome": 7594000000,
    "netIncomeRatio": 0.3275817445,
    "eps": 13.07,
    "epsdiluted": 13,
    "weightedAverageShsOut": 581000000,
    "weightedAverageShsOutDil": 584000000,
    "link": "https://www.sec.gov/Archives/edgar/data/821189/000082118924000011/0000821189-24-000011-index.htm",
    "finalLink": "https://www.sec.gov/Archives/edgar/data/821189/000082118924000011/eog-20231231.htm"
  },
  {
    "date": "2022-12-31",
    "symbol": "EOG",
    "reportedCurrency": "USD",
    "cik": "0000821189",
    "fillingDate": "2023-02-23",
    "acceptedDate": "2023-02-23 16:23:25",
    "calendarYear": "2022",
    "period": "FY",
    "revenue": 29492000000,
    "costOfRevenue": 4873000000,
    "grossProfit": 24619000000,
    "grossProfitRatio": 0.8347687508,
    "researchAndDevelopmentExpenses": 0,
    "generalAndAdministrativeExpenses": 570000000,
    "sellingAndMarketingExpenses": 6535000000,
    "sellingGeneralAndAdministrativeExpenses": 7105000000,
    "otherExpenses": 7548000000,
    "operatingExpenses": 14653000000,
    "costAndExpenses": 19526000000,
    "interestIncome": 0,
    "interestExpense": 179000000,
    "depreciationAndAmortization": 3542000000,
    "ebitda": 13622000000,
    "ebitdaratio": 0.4618879696,
    "operatingIncome": 9966000000,
    "operatingIncomeRatio": 0.3379221484,
    "totalOtherIncomeExpensesNet": -65000000,
    "incomeBeforeTax": 9901000000,
    "incomeBeforeTaxRatio": 0.3357181609,
    "incomeTaxExpense": 2142000000,
    "netIncome": 7759000000,
    "netIncomeRatio": 0.2630882951,
    "eps": 13.31,
    "epsdiluted": 13.22,
    "weightedAverageShsOut": 583000000,
    "weightedAverageShsOutDil": 587000000,
    "link": "https://www.sec.gov/Archives/edgar/data/821189/000082118923000015/0000821189-23-000015-index.htm",
    "finalLink": "https://www.sec.gov/Archives/edgar/data/821189/000082118923000015/eog-20221231.htm"
  },
  {
    "date": "2021-12-31",
    "symbol": "EOG",
    "reportedCurrency": "USD",
    "cik": "0000821189",
    "fillingDate": "2022-02-24",
    "acceptedDate": "2022-02-24 16:51:16",
    "calendarYear": "2021",
    "period": "FY",
    "revenue": 19669000000,
    "costOfRevenue": 5345000000,
    "grossProfit": 14324000000,
    "grossProfitRatio": 0.7282525802,
    "researchAndDevelopmentExpenses": 0,
    "generalAndAdministrativeExpenses": 511000000,
    "sellingAndMarketingExpenses": 4173000000,
    "sellingGeneralAndAdministrativeExpenses": 4684000000,
    "otherExpenses": 3538000000,
    "operatingExpenses": 8222000000,
    "costAndExpenses": 13567000000,
    "interestIncome": 3000000,
    "interestExpense": 178000000,
    "depreciationAndAmortization": 3651000000,
    "ebitda": 9762000000,
    "ebitdaratio": 0.4963139966,
    "operatingIncome": 6102000000,
    "operatingIncomeRatio": 0.310234379,
    "totalOtherIncomeExpensesNet": -169000000,
    "incomeBeforeTax": 5933000000,
    "incomeBeforeTaxRatio": 0.301642178,
    "incomeTaxExpense": 1269000000,
    "netIncome": 4664000000,
    "netIncomeRatio": 0.237124409,
    "eps": 8.03,
    "epsdiluted": 7.99,
    "weightedAverageShsOut": 581000000,
    "weightedAverageShsOutDil": 584000000,
    "link": "https://www.sec.gov/Archives/edgar/data/821189/000082118922000017/0000821189-22-000017-index.htm",
    "finalLink": "https://www.sec.gov/Archives/edgar/data/821189/000082118922000017/eog-20211231.htm"
  },
  {
    "date": "2020-12-31",
    "symbol": "EOG",
    "reportedCurrency": "USD",
    "cik": "0000821189",
    "fillingDate": "2021-02-25",
    "acceptedDate": "2021-02-25 16:57:09",
    "calendarYear": "2020",
    "period": "FY",
    "revenue": 9874000000,
    "costOfRevenue": 4922000000,
    "grossProfit": 4952000000,
    "grossProfitRatio": 0.5015191412,
    "researchAndDevelopmentExpenses": 0,
    "generalAndAdministrativeExpenses": 484000000,
    "sellingAndMarketingExpenses": 2698000000,
    "sellingGeneralAndAdministrativeExpenses": 3182000000,
    "otherExpenses": 2314000000,
    "operatingExpenses": 5496000000,
    "costAndExpenses": 10418000000,
    "interestIncome": 0,
    "interestExpense": 205000000,
    "depreciationAndAmortization": 3400000000,
    "ebitda": 2866000000,
    "ebitdaratio": 0.2902572412,
    "operatingIncome": -544000000,
    "operatingIncomeRatio": -0.0550941868,
    "totalOtherIncomeExpensesNet": -195000000,
    "incomeBeforeTax": -739000000,
    "incomeBeforeTaxRatio": -0.0748430221,
    "incomeTaxExpense": -134000000,
    "netIncome": -605000000,
    "netIncomeRatio": -0.0612720275,
    "eps": -1.04,
    "epsdiluted": -1.04,
    "weightedAverageShsOut": 578949000,
    "weightedAverageShsOutDil": 578949000,
    "link": "https://www.sec.gov/Archives/edgar/data/821189/000082118921000017/0000821189-21-000017-index.htm",
    "finalLink": "https://www.sec.gov/Archives/edgar/data/821189/000082118921000017/eog-20201231.htm"
  },
  {
    "date": "2019-12-31",
    "symbol": "EOG",
    "reportedCurrency": "USD",
    "cik": "0000821189",
    "fillingDate": "2020-02-27",
    "acceptedDate": "2020-02-27 16:49:50",
    "calendarYear": "2019",
    "period": "FY",
    "revenue": 16942000000,
    "costOfRevenue": 5596000000,
    "grossProfit": 11346000000,
    "grossProfitRatio": 0.669696612,
    "researchAndDevelopmentExpenses": 0,
    "generalAndAdministrativeExpenses": 489000000,
    "sellingAndMarketingExpenses": 5352000000,
    "sellingGeneralAndAdministrativeExpenses": 5841000000,
    "otherExpenses": 1806000000,
    "operatingExpenses": 7647000000,
    "costAndExpenses": 13243000000,
    "interestIncome": 0,
    "interestExpense": 185000000,
    "depreciationAndAmortization": 3750000000,
    "ebitda": 7480000000,
    "ebitdaratio": 0.4415063157,
    "operatingIncome": 3699000000,
    "operatingIncomeRatio": 0.2183331366,
    "totalOtherIncomeExpensesNet": -154000000,
    "incomeBeforeTax": 3545000000,
    "incomeBeforeTaxRatio": 0.2092433007,
    "incomeTaxExpense": 810000000,
    "netIncome": 2735000000,
    "netIncomeRatio": 0.1614331248,
    "eps": 4.73,
    "epsdiluted": 4.71,
    "weightedAverageShsOut": 577670000,
    "weightedAverageShsOutDil": 580777000,
    "link": "https://www.sec.gov/Archives/edgar/data/821189/000082118920000010/0000821189-20-000010-index.htm",
    "finalLink": "https://www.sec.gov/Archives/edgar/data/821189/000082118920000010/a2019123110-k.htm"
  },
  {
    "date": "2018-12-31",
    "symbol": "EOG",
    "reportedCurrency": "USD",
    "cik": "0000821189",
    "fillingDate": "2019-02-26",
    "acceptedDate": "2019-02-26 16:24:41",
    "calendarYear": "2018",
    "period": "FY",
    "revenue": 17176842000,
    "costOfRevenue": 5155059000,
    "grossProfit": 12021783000,
    "grossProfitRatio": 0.6998831916,
    "researchAndDevelopmentExpenses": 0,
    "generalAndAdministrativeExpenses": 426969000,
    "sellingAndMarketingExpenses": 5203243000,
    "sellingGeneralAndAdministrativeExpenses": 5630212000,
    "otherExpenses": 1922225000,
    "operatingExpenses": 7552437000,
    "costAndExpenses": 12707496000,
    "interestIncome": 0,
    "interestExpense": 245052000,
    "depreciationAndAmortization": 3435408000,
    "ebitda": 7921458000,
    "ebitdaratio": 0.4611708019,
    "operatingIncome": 4469346000,
    "operatingIncomeRatio": 0.2601960244,
    "totalOtherIncomeExpensesNet": -228348000,
    "incomeBeforeTax": 4240998000,
    "incomeBeforeTaxRatio": 0.246902079,
    "incomeTaxExpense": 821958000,
    "netIncome": 3419040000,
    "netIncomeRatio": 0.1990493945,
    "eps": 5.93,
    "epsdiluted": 5.89,
    "weightedAverageShsOut": 576600000,
    "weightedAverageShsOutDil": 580400000,
    "link": "https://www.sec.gov/Archives/edgar/data/821189/000082118919000009/0000821189-19-000009-index.htm",
    "finalLink": "https://www.sec.gov/Archives/edgar/data/821189/000082118919000009/a2018123110-k.htm"
  },
  {
    "date": "2017-12-31",
    "symbol": "EOG",
    "reportedCurrency": "USD",
    "cik": "0000821189",
    "fillingDate": "2018-02-27",
    "acceptedDate": "2018-02-27 16:28:26",
    "calendarYear": "2017",
    "period": "FY",
    "revenue": 11205978000,
    "costOfRevenue": 4603009000,
    "grossProfit": 6602969000,
    "grossProfitRatio": 0.5892362987,
    "researchAndDevelopmentExpenses": 0,
    "generalAndAdministrativeExpenses": 434467000,
    "sellingAndMarketingExpenses": 3330237000,
    "sellingGeneralAndAdministrativeExpenses": 3764704000,
    "otherExpenses": 1911863000,
    "operatingExpenses": 5676567000,
    "costAndExpenses": 10279576000,
    "interestIncome": 0,
    "interestExpense": 274372000,
    "depreciationAndAmortization": 3409387000,
    "ebitda": 4344941000,
    "ebitdaratio": 0.3877342076,
    "operatingIncome": 926402000,
    "operatingIncomeRatio": 0.082670339,
    "totalOtherIncomeExpensesNet": -265220000,
    "incomeBeforeTax": 661182000,
    "incomeBeforeTaxRatio": 0.0590026145,
    "incomeTaxExpense": -1921397000,
    "netIncome": 2582579000,
    "netIncomeRatio": 0.2304644003,
    "eps": 4.49,
    "epsdiluted": 4.46,
    "weightedAverageShsOut": 574600000,
    "weightedAverageShsOutDil": 578700000,
    "link": "https://www.sec.gov/Archives/edgar/data/821189/000082118918000012/0000821189-18-000012-index.htm",
    "finalLink": "https://www.sec.gov/Archives/edgar/data/821189/000082118918000012/a2017123110-k.htm"
  },
  {
    "date": "2016-12-31",
    "symbol": "EOG",
    "reportedCurrency": "USD",
    "cik": "0000821189",
    "fillingDate": "2017-02-27",
    "acceptedDate": "2017-02-27 17:06:32",
    "calendarYear": "2016",
    "period": "FY",
    "revenue": 7463002000,
    "costOfRevenue": 4603770000,
    "grossProfit": 2859232000,
    "grossProfitRatio": 0.3831208942,
    "researchAndDevelopmentExpenses": 0,
    "generalAndAdministrativeExpenses": 394815000,
    "sellingAndMarketingExpenses": 2007635000,
    "sellingGeneralAndAdministrativeExpenses": 2402450000,
    "otherExpenses": 1682063000,
    "operatingExpenses": 4084513000,
    "costAndExpenses": 8688283000,
    "interestIncome": 0,
    "interestExpense": 281681000,
    "depreciationAndAmortization": 3553417000,
    "ebitda": 2277593000,
    "ebitdaratio": 0.3051845625,
    "operatingIncome": -1225281000,
    "operatingIncomeRatio": -0.1641807144,
    "totalOtherIncomeExpensesNet": -332224000,
    "incomeBeforeTax": -1557505000,
    "incomeBeforeTaxRatio": -0.2086968488,
    "incomeTaxExpense": -460819000,
    "netIncome": -1096686000,
    "netIncomeRatio": -0.1469497127,
    "eps": -1.98,
    "epsdiluted": -1.98,
    "weightedAverageShsOut": 553384000,
    "weightedAverageShsOutDil": 553400000,
    "link": "https://www.sec.gov/Archives/edgar/data/821189/000082118917000017/0000821189-17-000017-index.htm",
    "finalLink": "https://www.sec.gov/Archives/edgar/data/821189/000082118917000017/a2016123110-k.htm"
  },
  {
    "date": "2015-12-31",
    "symbol": "EOG",
    "reportedCurrency": "USD",
    "cik": "0000821189",
    "fillingDate": "2016-02-25",
    "acceptedDate": "2016-02-25 16:27:17",
    "calendarYear": "2015",
    "period": "FY",
    "revenue": 8656393000,
    "costOfRevenue": 4642082000,
    "grossProfit": 4014311000,
    "grossProfitRatio": 0.4637394582,
    "researchAndDevelopmentExpenses": 0,
    "generalAndAdministrativeExpenses": 366594000,
    "sellingAndMarketingExpenses": 2385982000,
    "sellingGeneralAndAdministrativeExpenses": 2752576000,
    "otherExpenses": 7947814000,
    "operatingExpenses": 10700390000,
    "costAndExpenses": 15342472000,
    "interestIncome": 0,
    "interestExpense": 237393000,
    "depreciationAndAmortization": 3313644000,
    "ebitda": -3370519000,
    "ebitdaratio": -0.3893676038,
    "operatingIncome": -6686079000,
    "operatingIncomeRatio": -0.7723862583,
    "totalOtherIncomeExpensesNet": -235477000,
    "incomeBeforeTax": -6921556000,
    "incomeBeforeTaxRatio": -0.7995889281,
    "incomeTaxExpense": -2397041000,
    "netIncome": -4524515000,
    "netIncomeRatio": -0.5226790188,
    "eps": -8.29,
    "epsdiluted": -8.29,
    "weightedAverageShsOut": 545697000,
    "weightedAverageShsOutDil": 545700000,
    "link": "https://www.sec.gov/Archives/edgar/data/821189/000082118916000054/0000821189-16-000054-index.htm",
    "finalLink": "https://www.sec.gov/Archives/edgar/data/821189/000082118916000054/a2015123110-k.htm"
  },
  {
    "date": "2014-12-31",
    "symbol": "EOG",
    "reportedCurrency": "USD",
    "cik": "0000821189",
    "fillingDate": "2015-02-18",
    "acceptedDate": "2015-02-18 17:28:02",
    "calendarYear": "2014",
    "period": "FY",
    "revenue": 16639233000,
    "costOfRevenue": 5559254000,
    "grossProfit": 11079979000,
    "grossProfitRatio": 0.6658948162,
    "researchAndDevelopmentExpenses": 0,
    "generalAndAdministrativeExpenses": 402010000,
    "sellingAndMarketingExpenses": 4126060000,
    "sellingGeneralAndAdministrativeExpenses": 4528070000,
    "otherExpenses": 1310086000,
    "operatingExpenses": 5838156000,
    "costAndExpenses": 11397410000,
    "interestIncome": 0,
    "interestExpense": 201458000,
    "depreciationAndAmortization": 3997041000,
    "ebitda": 9193814000,
    "ebitdaratio": 0.5525383291,
    "operatingIncome": 5241823000,
    "operatingIncomeRatio": 0.3150279223,
    "totalOtherIncomeExpensesNet": -246508000,
    "incomeBeforeTax": 4995315000,
    "incomeBeforeTaxRatio": 0.3002130567,
    "incomeTaxExpense": 2079828000,
    "netIncome": 2915487000,
    "netIncomeRatio": 0.1752176317,
    "eps": 5.36,
    "epsdiluted": 5.32,
    "weightedAverageShsOut": 543400000,
    "weightedAverageShsOutDil": 548500000,
    "link": "https://www.sec.gov/Archives/edgar/data/821189/000082118915000010/0000821189-15-000010-index.htm",
    "finalLink": "https://www.sec.gov/Archives/edgar/data/821189/000082118915000010/a2014123110-k.htm"
  },
  {
    "date": "2013-12-31",
    "symbol": "EOG",
    "reportedCurrency": "USD",
    "cik": "0000821189",
    "fillingDate": "2014-02-24",
    "acceptedDate": "2014-02-24 17:25:32",
    "calendarYear": "2013",
    "period": "FY",
    "revenue": 14399395000,
    "costOfRevenue": 4814825000,
    "grossProfit": 9584570000,
    "grossProfitRatio": 0.6656231043,
    "researchAndDevelopmentExpenses": 0,
    "generalAndAdministrativeExpenses": 348312000,
    "sellingAndMarketingExpenses": 3648840000,
    "sellingGeneralAndAdministrativeExpenses": 3997152000,
    "otherExpenses": 1912207000,
    "operatingExpenses": 5909359000,
    "costAndExpenses": 10724184000,
    "interestIncome": 0,
    "interestExpense": 235460000,
    "depreciationAndAmortization": 3600976000,
    "ebitda": 7273322000,
    "ebitdaratio": 0.5051130273,
    "operatingIncome": 3675211000,
    "operatingIncomeRatio": 0.2552337095,
    "totalOtherIncomeExpensesNet": -238325000,
    "incomeBeforeTax": 3436886000,
    "incomeBeforeTaxRatio": 0.2386826669,
    "incomeTaxExpense": 1239777000,
    "netIncome": 2197109000,
    "netIncomeRatio": 0.1525834245,
    "eps": 4.07,
    "epsdiluted": 4.02,
    "weightedAverageShsOut": 540341000,
    "weightedAverageShsOutDil": 546227000,
    "link": "https://www.sec.gov/Archives/edgar/data/821189/000082118914000007/0000821189-14-000007-index.htm",
    "finalLink": "https://www.sec.gov/Archives/edgar/data/821189/000082118914000007/eogform10-k.htm"
  },
  {
    "date": "2012-12-31",
    "symbol": "EOG",
    "reportedCurrency": "USD",
    "cik": "0000821189",
    "fillingDate": "2013-02-22",
    "acceptedDate": "2013-02-21 20:04:48",
    "calendarYear": "2012",
    "period": "FY",
    "revenue": 11055070000,
    "costOfRevenue": 4267700000,
    "grossProfit": 6787370000,
    "grossProfitRatio": 0.6139599297,
    "researchAndDevelopmentExpenses": 0,
    "generalAndAdministrativeExpenses": 331545000,
    "sellingAndMarketingExpenses": 3035494000,
    "sellingGeneralAndAdministrativeExpenses": 3367039000,
    "otherExpenses": 1940534000,
    "operatingExpenses": 5307573000,
    "costAndExpenses": 9575273000,
    "interestIncome": 0,
    "interestExpense": 213552000,
    "depreciationAndAmortization": 3169703000,
    "ebitda": 4663995000,
    "ebitdaratio": 0.4218874236,
    "operatingIncome": 1479797000,
    "operatingIncomeRatio": 0.1338568639,
    "totalOtherIncomeExpensesNet": -199057000,
    "incomeBeforeTax": 1280740000,
    "incomeBeforeTaxRatio": 0.1158509173,
    "incomeTaxExpense": 710461000,
    "netIncome": 570279000,
    "netIncomeRatio": 0.0515852907,
    "eps": 1.07,
    "epsdiluted": 1.06,
    "weightedAverageShsOut": 535200000,
    "weightedAverageShsOutDil": 541600000,
    "link": "https://www.sec.gov/Archives/edgar/data/821189/000082118913000014/0000821189-13-000014-index.htm",
    "finalLink": "https://www.sec.gov/Archives/edgar/data/821189/000082118913000014/eogform10-k.htm"
  },
  {
    "date": "2011-12-30",
    "symbol": "EOG",
    "reportedCurrency": "USD",
    "cik": "0000821189",
    "fillingDate": "2012-02-24",
    "acceptedDate": "2012-02-24 16:20:46",
    "calendarYear": "2011",
    "period": "FY",
    "revenue": 8973980000,
    "costOfRevenue": 3539062000,
    "grossProfit": 5434918000,
    "grossProfitRatio": 0.6056307235,
    "researchAndDevelopmentExpenses": 0,
    "generalAndAdministrativeExpenses": 304811000,
    "sellingAndMarketingExpenses": 2072137000,
    "sellingGeneralAndAdministrativeExpenses": 2376948000,
    "otherExpenses": 944661000,
    "operatingExpenses": 3321609000,
    "costAndExpenses": 6860671000,
    "interestIncome": 0,
    "interestExpense": 210363000,
    "depreciationAndAmortization": 2516381000,
    "ebitda": 4636543000,
    "ebitdaratio": 0.5166651809,
    "operatingIncome": 2113309000,
    "operatingIncomeRatio": 0.2354929474,
    "totalOtherIncomeExpensesNet": -203510000,
    "incomeBeforeTax": 1909799000,
    "incomeBeforeTaxRatio": 0.2128151612,
    "incomeTaxExpense": 818676000,
    "netIncome": 1091123000,
    "netIncomeRatio": 0.1215874116,
    "eps": 2.08,
    "epsdiluted": 2.05,
    "weightedAverageShsOut": 525400000,
    "weightedAverageShsOutDil": 532600000,
    "link": "https://www.sec.gov/Archives/edgar/data/821189/000082118912000014/0000821189-12-000014-index.htm",
    "finalLink": "https://www.sec.gov/Archives/edgar/data/821189/000082118912000014/eog10-k.htm"
  },
  {
    "date": "2010-12-31",
    "symbol": "EOG",
    "reportedCurrency": "USD",
    "cik": "0000821189",
    "fillingDate": "2011-02-24",
    "acceptedDate": "2011-02-24 17:06:25",
    "calendarYear": "2010",
    "period": "FY",
    "revenue": 5790895000,
    "costOfRevenue": 2707114000,
    "grossProfit": 3083781000,
    "grossProfitRatio": 0.5325223476,
    "researchAndDevelopmentExpenses": 0,
    "generalAndAdministrativeExpenses": 280474000,
    "sellingAndMarketingExpenses": 884212000,
    "sellingGeneralAndAdministrativeExpenses": 1164686000,
    "otherExpenses": 1395776000,
    "operatingExpenses": 2560462000,
    "costAndExpenses": 5267576000,
    "interestIncome": 0,
    "interestExpense": 129586000,
    "depreciationAndAmortization": 1941926000,
    "ebitda": 2479488000,
    "ebitdaratio": 0.4281700842,
    "operatingIncome": 523319000,
    "operatingIncomeRatio": 0.090369278,
    "totalOtherIncomeExpensesNet": -115343000,
    "incomeBeforeTax": 407976000,
    "incomeBeforeTaxRatio": 0.070451286,
    "incomeTaxExpense": 247322000,
    "netIncome": 160654000,
    "netIncomeRatio": 0.0277425165,
    "eps": 0.32,
    "epsdiluted": 0.32,
    "weightedAverageShsOut": 501800000,
    "weightedAverageShsOutDil": 509000000,
    "link": "https://www.sec.gov/Archives/edgar/data/821189/000082118911000022/0000821189-11-000022-index.htm",
    "finalLink": "https://www.sec.gov/Archives/edgar/data/821189/000082118911000022/eogform10-k.htm"
  },
  {
    "date": "2009-12-31",
    "symbol": "EOG",
    "reportedCurrency": "USD",
    "cik": "0000821189",
    "fillingDate": "2010-02-25",
    "acceptedDate": "2010-02-25 17:10:39",
    "calendarYear": "2009",
    "period": "FY",
    "revenue": 4786959000,
    "costOfRevenue": 1141086000,
    "grossProfit": 3645873000,
    "grossProfitRatio": 0.761626118,
    "researchAndDevelopmentExpenses": 0,
    "generalAndAdministrativeExpenses": 248274000,
    "sellingAndMarketingExpenses": 397375000,
    "sellingGeneralAndAdministrativeExpenses": 645649000,
    "otherExpenses": 2029383000,
    "operatingExpenses": 2675032000,
    "costAndExpenses": 3816118000,
    "interestIncome": 0,
    "interestExpense": 100901000,
    "depreciationAndAmortization": 1549188000,
    "ebitda": 2522100000,
    "ebitdaratio": 0.526868937,
    "operatingIncome": 970841000,
    "operatingIncomeRatio": 0.2028095499,
    "totalOtherIncomeExpensesNet": -98830000,
    "incomeBeforeTax": 872011000,
    "incomeBeforeTaxRatio": 0.1821638748,
    "incomeTaxExpense": 325384000,
    "netIncome": 546627000,
    "netIncomeRatio": 0.1141908673,
    "eps": 1.1,
    "epsdiluted": 1.09,
    "weightedAverageShsOut": 498000000,
    "weightedAverageShsOutDil": 503800000,
    "link": "https://www.sec.gov/Archives/edgar/data/821189/000082118910000011/0000821189-10-000011-index.htm",
    "finalLink": "https://www.sec.gov/Archives/edgar/data/821189/000082118910000011/form10-k.htm"
  },
  {
    "date": "2008-12-31",
    "symbol": "EOG",
    "reportedCurrency": "USD",
    "cik": "0000821189",
    "fillingDate": "2009-02-25",
    "acceptedDate": "2009-02-25 17:23:53",
    "calendarYear": "2008",
    "period": "FY",
    "revenue": 7127143000,
    "costOfRevenue": 1122878000,
    "grossProfit": 6004265000,
    "grossProfitRatio": 0.8424504742,
    "researchAndDevelopmentExpenses": 0,
    "generalAndAdministrativeExpenses": 243708000,
    "sellingAndMarketingExpenses": 152842000,
    "sellingGeneralAndAdministrativeExpenses": 396550000,
    "otherExpenses": 1840530000,
    "operatingExpenses": 2237080000,
    "costAndExpenses": 3359958000,
    "interestIncome": 0,
    "interestExpense": 51658000,
    "depreciationAndAmortization": 1326875000,
    "ebitda": 5125072000,
    "ebitdaratio": 0.7190920682,
    "operatingIncome": 3767185000,
    "operatingIncomeRatio": 0.5285687407,
    "totalOtherIncomeExpensesNet": -20646000,
    "incomeBeforeTax": 3746539000,
    "incomeBeforeTaxRatio": 0.5256719277,
    "incomeTaxExpense": 1309620000,
    "netIncome": 2436919000,
    "netIncomeRatio": 0.3419208791,
    "eps": 4.94,
    "epsdiluted": 4.86,
    "weightedAverageShsOut": 493324000,
    "weightedAverageShsOutDil": 501084000,
    "link": "https://www.sec.gov/Archives/edgar/data/821189/000082118909000008/0000821189-09-000008-index.htm",
    "finalLink": "https://www.sec.gov/Archives/edgar/data/821189/000082118909000008/form10-k.htm"
  },
  {
    "date": "2007-12-31",
    "symbol": "EOG",
    "reportedCurrency": "USD",
    "cik": "0000821189",
    "fillingDate": "2008-02-28",
    "acceptedDate": "2008-02-28 16:16:03",
    "calendarYear": "2007",
    "period": "FY",
    "revenue": 4093867000,
    "costOfRevenue": 964562000,
    "grossProfit": 3129305000,
    "grossProfitRatio": 0.7643885353,
    "researchAndDevelopmentExpenses": 0,
    "generalAndAdministrativeExpenses": 0,
    "sellingAndMarketingExpenses": 0,
    "sellingGeneralAndAdministrativeExpenses": 205210000,
    "otherExpenses": 1275699000,
    "operatingExpenses": 1480909000,
    "costAndExpenses": 2445471000,
    "interestIncome": 0,
    "interestExpense": 0,
    "depreciationAndAmortization": 1065545000,
    "ebitda": 2861458000,
    "ebitdaratio": 0.6989621304,
    "operatingIncome": 1648396000,
    "operatingIncomeRatio": 0.4026501105,
    "totalOtherIncomeExpensesNet": -17528000,
    "incomeBeforeTax": 1630868000,
    "incomeBeforeTaxRatio": 0.398368584,
    "incomeTaxExpense": 540950000,
    "netIncome": 1089918000,
    "netIncomeRatio": 0.2662319025,
    "eps": 2.23,
    "epsdiluted": 2.19,
    "weightedAverageShsOut": 486938000,
    "weightedAverageShsOutDil": 495274000,
    "link": "https://www.sec.gov/Archives/edgar/data/821189/000082118908000042/0000821189-08-000042-index.htm",
    "finalLink": "https://www.sec.gov/Archives/edgar/data/821189/000082118908000042/form10-k.htm"
  },
  {
    "date": "2006-12-31",
    "symbol": "EOG",
    "reportedCurrency": "USD",
    "cik": "0000821189",
    "fillingDate": "2007-02-28",
    "acceptedDate": "2007-02-28 16:31:51",
    "calendarYear": "2006",
    "period": "FY",
    "revenue": 3584233000,
    "costOfRevenue": 733897000,
    "grossProfit": 2850336000,
    "grossProfitRatio": 0.7952429432,
    "researchAndDevelopmentExpenses": 0,
    "generalAndAdministrativeExpenses": 0,
    "sellingAndMarketingExpenses": 0,
    "sellingGeneralAndAdministrativeExpenses": 164981000,
    "otherExpenses": 781802000,
    "operatingExpenses": 946783000,
    "costAndExpenses": 1680680000,
    "interestIncome": 0,
    "interestExpense": 0,
    "depreciationAndAmortization": 817089000,
    "ebitda": 2828900000,
    "ebitdaratio": 0.7892623052,
    "operatingIncome": 1903553000,
    "operatingIncomeRatio": 0.5310907522,
    "totalOtherIncomeExpensesNet": 9088000,
    "incomeBeforeTax": 1912641000,
    "incomeBeforeTaxRatio": 0.5336263016,
    "incomeTaxExpense": 612756000,
    "netIncome": 1299885000,
    "netIncomeRatio": 0.3626675498,
    "eps": 2.67,
    "epsdiluted": 2.62,
    "weightedAverageShsOut": 483564000,
    "weightedAverageShsOutDil": 492200000,
    "link": "https://www.sec.gov/Archives/edgar/data/821189/000082118907000056/0000821189-07-000056-index.htm",
    "finalLink": "https://www.sec.gov/Archives/edgar/data/821189/000082118907000056/form10-k.htm"
  },
  {
    "date": "2005-12-31",
    "symbol": "EOG",
    "reportedCurrency": "USD",
    "cik": "0000821189",
    "fillingDate": "2006-02-23",
    "acceptedDate": "2006-02-22 18:19:04",
    "calendarYear": "2005",
    "period": "FY",
    "revenue": 3606990000,
    "costOfRevenue": 571283000,
    "grossProfit": 3035707000,
    "grossProfitRatio": 0.8416178032,
    "researchAndDevelopmentExpenses": 0,
    "generalAndAdministrativeExpenses": 0,
    "sellingAndMarketingExpenses": 0,
    "sellingGeneralAndAdministrativeExpenses": 125918000,
    "otherExpenses": 905158000,
    "operatingExpenses": 1031076000,
    "costAndExpenses": 1602359000,
    "interestIncome": 0,
    "interestExpense": 0,
    "depreciationAndAmortization": 654258000,
    "ebitda": 2736821000,
    "ebitdaratio": 0.7587548066,
    "operatingIncome": 2004631000,
    "operatingIncomeRatio": 0.5557628383,
    "totalOtherIncomeExpensesNet": -39494000,
    "incomeBeforeTax": 1965137000,
    "incomeBeforeTaxRatio": 0.5448135426,
    "incomeTaxExpense": 705561000,
    "netIncome": 1259576000,
    "netIncomeRatio": 0.3492041841,
    "eps": 2.62,
    "epsdiluted": 2.57,
    "weightedAverageShsOut": 477594000,
    "weightedAverageShsOutDil": 487950000,
    "link": "https://www.sec.gov/Archives/edgar/data/821189/000082118906000040/0000821189-06-000040-index.htm",
    "finalLink": "https://www.sec.gov/Archives/edgar/data/821189/000082118906000040/form10-k.htm"
  },
  {
    "date": "2004-12-31",
    "symbol": "EOG",
    "reportedCurrency": "USD",
    "cik": "0000821189",
    "fillingDate": "2005-02-25",
    "acceptedDate": "2005-02-25 14:02:17",
    "calendarYear": "2004",
    "period": "FY",
    "revenue": 2300762000,
    "costOfRevenue": 457169000,
    "grossProfit": 1843593000,
    "grossProfitRatio": 0.8012967008,
    "researchAndDevelopmentExpenses": 0,
    "generalAndAdministrativeExpenses": 0,
    "sellingAndMarketingExpenses": 0,
    "sellingGeneralAndAdministrativeExpenses": 115013000,
    "otherExpenses": 749385000,
    "operatingExpenses": 864398000,
    "costAndExpenses": 1321567000,
    "interestIncome": 0,
    "interestExpense": 0,
    "depreciationAndAmortization": 504403000,
    "ebitda": 1565128000,
    "ebitdaratio": 0.68026506,
    "operatingIncome": 979195000,
    "operatingIncomeRatio": 0.4255959547,
    "totalOtherIncomeExpensesNet": -53183000,
    "incomeBeforeTax": 926012000,
    "incomeBeforeTaxRatio": 0.4024805695,
    "incomeTaxExpense": 301157000,
    "netIncome": 624855000,
    "netIncomeRatio": 0.2715861093,
    "eps": 1.32,
    "epsdiluted": 1.29,
    "weightedAverageShsOut": 467502000,
    "weightedAverageShsOutDil": 476752000,
    "link": "https://www.sec.gov/Archives/edgar/data/821189/000082118905000054/0000821189-05-000054-index.htm",
    "finalLink": "https://www.sec.gov/Archives/edgar/data/821189/000082118905000054/eog10-k04.txt"
  },
  {
    "date": "2003-12-31",
    "symbol": "EOG",
    "reportedCurrency": "USD",
    "cik": "0000821189",
    "fillingDate": "2004-03-11",
    "acceptedDate": "2004-03-11 12:30:45",
    "calendarYear": "2003",
    "period": "FY",
    "revenue": 1818246000,
    "costOfRevenue": 330115000,
    "grossProfit": 1488131000,
    "grossProfitRatio": 0.818443159,
    "researchAndDevelopmentExpenses": 0,
    "generalAndAdministrativeExpenses": 0,
    "sellingAndMarketingExpenses": 0,
    "sellingGeneralAndAdministrativeExpenses": 100403000,
    "otherExpenses": 690414000,
    "operatingExpenses": 790817000,
    "costAndExpenses": 1120932000,
    "interestIncome": 0,
    "interestExpense": 0,
    "depreciationAndAmortization": 441843000,
    "ebitda": 1228290000,
    "ebitdaratio": 0.6755356536,
    "operatingIncome": 697314000,
    "operatingIncomeRatio": 0.3835091621,
    "totalOtherIncomeExpensesNet": -43438000,
    "incomeBeforeTax": 653876000,
    "incomeBeforeTaxRatio": 0.3596191054,
    "incomeTaxExpense": 216600000,
    "netIncome": 430145000,
    "netIncomeRatio": 0.236571399,
    "eps": 0.92,
    "epsdiluted": 0.9,
    "weightedAverageShsOut": 458388000,
    "weightedAverageShsOutDil": 466076000,
    "link": "https://www.sec.gov/Archives/edgar/data/821189/000082118904000070/0000821189-04-000070-index.htm",
    "finalLink": "https://www.sec.gov/Archives/edgar/data/821189/000082118904000070/eog10-k03.txt"
  },
  {
    "date": "2002-12-31",
    "symbol": "EOG",
    "reportedCurrency": "USD",
    "cik": "0000821189",
    "fillingDate": "2003-03-13",
    "acceptedDate": "2003-03-13 16:50:47",
    "calendarYear": "2002",
    "period": "FY",
    "revenue": 1142438000,
    "costOfRevenue": 286406000,
    "grossProfit": 856032000,
    "grossProfitRatio": 0.7493028068,
    "researchAndDevelopmentExpenses": 0,
    "generalAndAdministrativeExpenses": 0,
    "sellingAndMarketingExpenses": 0,
    "sellingGeneralAndAdministrativeExpenses": 88952000,
    "otherExpenses": 586103000,
    "operatingExpenses": 675055000,
    "costAndExpenses": 961461000,
    "interestIncome": 0,
    "interestExpense": 0,
    "depreciationAndAmortization": 398036000,
    "ebitda": 579013000,
    "ebitdaratio": 0.5068222521,
    "operatingIncome": 180977000,
    "operatingIncomeRatio": 0.158412973,
    "totalOtherIncomeExpensesNet": -61305000,
    "incomeBeforeTax": 119672000,
    "incomeBeforeTaxRatio": 0.1047514176,
    "incomeTaxExpense": 32499000,
    "netIncome": 87173000,
    "netIncomeRatio": 0.0763043596,
    "eps": 0.17,
    "epsdiluted": 0.16,
    "weightedAverageShsOut": 461340000,
    "weightedAverageShsOutDil": 468980000,
    "link": "https://www.sec.gov/Archives/edgar/data/821189/000082118903000097/0000821189-03-000097-index.htm",
    "finalLink": "https://www.sec.gov/Archives/edgar/data/821189/000082118903000097/eog10-k.txt"
  },
  {
    "date": "2001-12-31",
    "symbol": "EOG",
    "reportedCurrency": "USD",
    "cik": "0000821189",
    "fillingDate": "2002-03-20",
    "acceptedDate": "2002-03-20 00:00:00",
    "calendarYear": "2001",
    "period": "FY",
    "revenue": 1654887000,
    "costOfRevenue": 393429000,
    "grossProfit": 1261458000,
    "grossProfitRatio": 0.7622623176,
    "researchAndDevelopmentExpenses": 0,
    "generalAndAdministrativeExpenses": 0,
    "sellingAndMarketingExpenses": 0,
    "sellingGeneralAndAdministrativeExpenses": 79963000,
    "otherExpenses": 506943000,
    "operatingExpenses": 586906000,
    "costAndExpenses": 980335000,
    "interestIncome": 0,
    "interestExpense": 0,
    "depreciationAndAmortization": 392399000,
    "ebitda": 1086162000,
    "ebitdaratio": 0.6563360519,
    "operatingIncome": 674552000,
    "operatingIncomeRatio": 0.4076121209,
    "totalOtherIncomeExpensesNet": -43107000,
    "incomeBeforeTax": 631445000,
    "incomeBeforeTaxRatio": 0.3815638167,
    "incomeTaxExpense": 232829000,
    "netIncome": 398616000,
    "netIncomeRatio": 0.2408720354,
    "eps": 0.84,
    "epsdiluted": 0.83,
    "weightedAverageShsOut": 463060000,
    "weightedAverageShsOutDil": 469952000,
    "link": "https://www.sec.gov/Archives/edgar/data/821189/000082118902000013/0000821189-02-000013-index.htm",
    "finalLink": "https://www.sec.gov/Archives/edgar/data/821189/000082118902000013/eogform10k.txt"
  },
  {
    "date": "2000-12-31",
    "symbol": "EOG",
    "reportedCurrency": "USD",
    "cik": "0000821189",
    "fillingDate": "2001-03-23",
    "acceptedDate": "2001-03-23 00:00:00",
    "calendarYear": "2000",
    "period": "FY",
    "revenue": 1489895000,
    "costOfRevenue": 271926000,
    "grossProfit": 1217969000,
    "grossProfitRatio": 0.8174864672,
    "researchAndDevelopmentExpenses": 0,
    "generalAndAdministrativeExpenses": 0,
    "sellingAndMarketingExpenses": 0,
    "sellingGeneralAndAdministrativeExpenses": 66932000,
    "otherExpenses": 454174000,
    "operatingExpenses": 521106000,
    "costAndExpenses": 793032000,
    "interestIncome": 0,
    "interestExpense": 0,
    "depreciationAndAmortization": 359265000,
    "ebitda": 1056128000,
    "ebitdaratio": 0.7088606915,
    "operatingIncome": 696863000,
    "operatingIncomeRatio": 0.4677262492,
    "totalOtherIncomeExpensesNet": -63306000,
    "incomeBeforeTax": 633557000,
    "incomeBeforeTaxRatio": 0.4252360066,
    "incomeTaxExpense": 236626000,
    "netIncome": 396931000,
    "netIncomeRatio": 0.2664154185,
    "eps": 0.83,
    "epsdiluted": 0.81,
    "weightedAverageShsOut": 467736000,
    "weightedAverageShsOutDil": 476408000,
    "link": "https://www.sec.gov/Archives/edgar/data/821189/000082118901500007/0000821189-01-500007-index.htm",
    "finalLink": "https://www.sec.gov/Archives/edgar/data/821189/000082118901500007/form10k2000.txt"
  },
  {
    "date": "1999-12-31",
    "symbol": "EOG",
    "reportedCurrency": "USD",
    "cik": "0000821189",
    "fillingDate": "2000-03-08",
    "acceptedDate": "2000-03-08 00:00:00",
    "calendarYear": "1999",
    "period": "FY",
    "revenue": 842099000,
    "costOfRevenue": 358716000,
    "grossProfit": 483383000,
    "grossProfitRatio": 0.5740215818,
    "researchAndDevelopmentExpenses": 0,
    "generalAndAdministrativeExpenses": 0,
    "sellingAndMarketingExpenses": 0,
    "sellingGeneralAndAdministrativeExpenses": 82857000,
    "otherExpenses": 382338000,
    "operatingExpenses": 465195000,
    "costAndExpenses": 823911000,
    "interestIncome": 0,
    "interestExpense": 0,
    "depreciationAndAmortization": 329668000,
    "ebitda": 347856000,
    "ebitdaratio": 0.4130820723,
    "operatingIncome": 18188000,
    "operatingIncomeRatio": 0.0215984106,
    "totalOtherIncomeExpensesNet": 549524000,
    "incomeBeforeTax": 567712000,
    "incomeBeforeTaxRatio": 0.6741630141,
    "incomeTaxExpense": -1382000,
    "netIncome": 569094000,
    "netIncomeRatio": 0.6758041513,
    "eps": 1.01,
    "epsdiluted": 1,
    "weightedAverageShsOut": 562592000,
    "weightedAverageShsOutDil": 566508000,
    "link": "https://www.sec.gov/Archives/edgar/data/821189/000095012900001017/0000950129-00-001017-index.html",
    "finalLink": "https://www.sec.gov/Archives/edgar/data/821189/000095012900001017/"
  },
  {
    "date": "1998-12-31",
    "symbol": "EOG",
    "reportedCurrency": "USD",
    "cik": "0000821189",
    "fillingDate": "1999-03-18",
    "acceptedDate": "1999-03-18 00:00:00",
    "calendarYear": "1998",
    "period": "FY",
    "revenue": 808252000,
    "costOfRevenue": 226623000,
    "grossProfit": 581629000,
    "grossProfitRatio": 0.7196134374,
    "researchAndDevelopmentExpenses": 0,
    "generalAndAdministrativeExpenses": 0,
    "sellingAndMarketingExpenses": 0,
    "sellingGeneralAndAdministrativeExpenses": 101086000,
    "otherExpenses": 366882000,
    "operatingExpenses": 467968000,
    "costAndExpenses": 694591000,
    "interestIncome": 0,
    "interestExpense": 0,
    "depreciationAndAmortization": 315106000,
    "ebitda": 428767000,
    "ebitdaratio": 0.5304867789,
    "operatingIncome": 113661000,
    "operatingIncomeRatio": 0.1406256959,
    "totalOtherIncomeExpensesNet": -53379000,
    "incomeBeforeTax": 60282000,
    "incomeBeforeTaxRatio": 0.0745831746,
    "incomeTaxExpense": 4111000,
    "netIncome": 56171000,
    "netIncomeRatio": 0.0694968896,
    "eps": 0.09,
    "epsdiluted": 0.09,
    "weightedAverageShsOut": 616008000,
    "weightedAverageShsOutDil": 618292000,
    "link": "https://www.sec.gov/Archives/edgar/data/821189/000095012999001042/0000950129-99-001042-index.html",
    "finalLink": "https://www.sec.gov/Archives/edgar/data/821189/"
  },
  {
    "date": "1997-12-31",
    "symbol": "EOG",
    "reportedCurrency": "USD",
    "cik": "0000821189",
    "fillingDate": "1998-03-13",
    "acceptedDate": "1998-03-13 00:00:00",
    "calendarYear": "1997",
    "period": "FY",
    "revenue": 783500000,
    "costOfRevenue": 198300000,
    "grossProfit": 585200000,
    "grossProfitRatio": 0.7469049138,
    "researchAndDevelopmentExpenses": 0,
    "generalAndAdministrativeExpenses": 0,
    "sellingAndMarketingExpenses": 0,
    "sellingGeneralAndAdministrativeExpenses": 54400000,
    "otherExpenses": 338100000,
    "operatingExpenses": 392500000,
    "costAndExpenses": 590800000,
    "interestIncome": 0,
    "interestExpense": 0,
    "depreciationAndAmortization": 278200000,
    "ebitda": 470900000,
    "ebitdaratio": 0.6010210593,
    "operatingIncome": 192700000,
    "operatingIncomeRatio": 0.2459476707,
    "totalOtherIncomeExpensesNet": -29200000,
    "incomeBeforeTax": 163500000,
    "incomeBeforeTaxRatio": 0.2086790045,
    "incomeTaxExpense": 41500000,
    "netIncome": 122000000,
    "netIncomeRatio": 0.1557115507,
    "eps": 0.2,
    "epsdiluted": 0.19,
    "weightedAverageShsOut": 625641026,
    "weightedAverageShsOutDil": 633766234,
    "link": "https://www.sec.gov/Archives/edgar/data/821189/000095012998001025/0000950129-98-001025-index.html",
    "finalLink": "https://www.sec.gov/Archives/edgar/data/821189/"
  },
  {
    "date": "1996-12-31",
    "symbol": "EOG",
    "reportedCurrency": "USD",
    "cik": "0000821189",
    "fillingDate": "1997-03-07",
    "acceptedDate": "1997-03-07 00:00:00",
    "calendarYear": "1996",
    "period": "FY",
    "revenue": 730600000,
    "costOfRevenue": 166000000,
    "grossProfit": 564600000,
    "grossProfitRatio": 0.7727894881,
    "researchAndDevelopmentExpenses": 0,
    "generalAndAdministrativeExpenses": 0,
    "sellingAndMarketingExpenses": 0,
    "sellingGeneralAndAdministrativeExpenses": 56400000,
    "otherExpenses": 299400000,
    "operatingExpenses": 355800000,
    "costAndExpenses": 521800000,
    "interestIncome": 0,
    "interestExpense": 0,
    "depreciationAndAmortization": 251300000,
    "ebitda": 460100000,
    "ebitdaratio": 0.6297563646,
    "operatingIncome": 208800000,
    "operatingIncomeRatio": 0.2857924993,
    "totalOtherIncomeExpensesNet": -17800000,
    "incomeBeforeTax": 191000000,
    "incomeBeforeTaxRatio": 0.2614289625,
    "incomeTaxExpense": 51000000,
    "netIncome": 140000000,
    "netIncomeRatio": 0.1916233233,
    "eps": 0.22,
    "epsdiluted": 0.22,
    "weightedAverageShsOut": 639412000,
    "weightedAverageShsOutDil": 655625000,
    "link": "https://www.sec.gov/Archives/edgar/data/821189/000095012997000928/0000950129-97-000928-index.html",
    "finalLink": "https://www.sec.gov/Archives/edgar/data/821189/"
  },
  {
    "date": "1995-12-31",
    "symbol": "EOG",
    "reportedCurrency": "USD",
    "cik": "0000821189",
    "fillingDate": "1996-03-05",
    "acceptedDate": "1996-03-05 00:00:00",
    "calendarYear": "1995",
    "period": "FY",
    "revenue": 648700000,
    "costOfRevenue": 148100000,
    "grossProfit": 500600000,
    "grossProfitRatio": 0.7716972406,
    "researchAndDevelopmentExpenses": 0,
    "generalAndAdministrativeExpenses": 0,
    "sellingAndMarketingExpenses": 0,
    "sellingGeneralAndAdministrativeExpenses": 56600000,
    "otherExpenses": 248600000,
    "operatingExpenses": 305200000,
    "costAndExpenses": 453300000,
    "interestIncome": 0,
    "interestExpense": 0,
    "depreciationAndAmortization": 216000000,
    "ebitda": 411400000,
    "ebitdaratio": 0.6341914598,
    "operatingIncome": 195400000,
    "operatingIncomeRatio": 0.3012178203,
    "totalOtherIncomeExpensesNet": -11400000,
    "incomeBeforeTax": 184000000,
    "incomeBeforeTaxRatio": 0.2836442115,
    "incomeTaxExpense": 41900000,
    "netIncome": 142100000,
    "netIncomeRatio": 0.2190534916,
    "eps": 0.22,
    "epsdiluted": 0.22,
    "weightedAverageShsOut": 639668000,
    "weightedAverageShsOutDil": 641739130,
    "link": "https://www.sec.gov/Archives/edgar/data/821189/000095012996000285/0000950129-96-000285-index.html",
    "finalLink": "https://www.sec.gov/Archives/edgar/data/821189/"
  },
  {
    "date": "1994-12-31",
    "symbol": "EOG",
    "reportedCurrency": "USD",
    "cik": "0000821189",
    "fillingDate": "1995-03-22",
    "acceptedDate": "1995-03-22 00:00:00",
    "calendarYear": "1994",
    "period": "FY",
    "revenue": 620200000,
    "costOfRevenue": 144300000,
    "grossProfit": 475900000,
    "grossProfitRatio": 0.7673331183,
    "researchAndDevelopmentExpenses": 0,
    "generalAndAdministrativeExpenses": 0,
    "sellingAndMarketingExpenses": 0,
    "sellingGeneralAndAdministrativeExpenses": 51400000,
    "otherExpenses": 270500000,
    "operatingExpenses": 321900000,
    "costAndExpenses": 466200000,
    "interestIncome": 0,
    "interestExpense": 0,
    "depreciationAndAmortization": 242200000,
    "ebitda": 396200000,
    "ebitdaratio": 0.6388261851,
    "operatingIncome": 154000000,
    "operatingIncomeRatio": 0.2483069977,
    "totalOtherIncomeExpensesNet": -100000,
    "incomeBeforeTax": 153900000,
    "incomeBeforeTaxRatio": 0.2481457594,
    "incomeTaxExpense": 5900000,
    "netIncome": 148000000,
    "netIncomeRatio": 0.2386326991,
    "eps": 0.23,
    "epsdiluted": 0.23,
    "weightedAverageShsOut": 639380000,
    "weightedAverageShsOutDil": 639380000,
    "link": "https://www.sec.gov/Archives/edgar/data/821189/000089056695000140/0000890566-95-000140-index.html",
    "finalLink": "https://www.sec.gov/Archives/edgar/data/821189/"
  },
  {
    "date": "1993-12-31",
    "symbol": "EOG",
    "reportedCurrency": "USD",
    "cik": "0000821189",
    "fillingDate": "1994-03-23",
    "acceptedDate": "1994-03-23 00:00:00",
    "calendarYear": "1993",
    "period": "FY",
    "revenue": 567700000,
    "costOfRevenue": 135100000,
    "grossProfit": 432600000,
    "grossProfitRatio": 0.7620221948,
    "researchAndDevelopmentExpenses": 0,
    "generalAndAdministrativeExpenses": 0,
    "sellingAndMarketingExpenses": 0,
    "sellingGeneralAndAdministrativeExpenses": 45300000,
    "otherExpenses": 285100000,
    "operatingExpenses": 330400000,
    "costAndExpenses": 465500000,
    "interestIncome": 0,
    "interestExpense": 0,
    "depreciationAndAmortization": 249700000,
    "ebitda": 351900000,
    "ebitdaratio": 0.6198696495,
    "operatingIncome": 102200000,
    "operatingIncomeRatio": 0.1800246609,
    "totalOtherIncomeExpensesNet": 10000000,
    "incomeBeforeTax": 112200000,
    "incomeBeforeTaxRatio": 0.1976395984,
    "incomeTaxExpense": -25800000,
    "netIncome": 138000000,
    "netIncomeRatio": 0.243086137,
    "eps": 0.22,
    "epsdiluted": 0.21,
    "weightedAverageShsOut": 641860465,
    "weightedAverageShsOutDil": 649411765,
    "link": "https://www.sec.gov/Archives/edgar/data/821189/000089056694000092/0000890566-94-000092-index.html",
    "finalLink": "https://www.sec.gov/Archives/edgar/data/821189/"
  },
  {
    "date": "1992-12-31",
    "symbol": "EOG",
    "reportedCurrency": "USD",
    "cik": "0000821189",
    "fillingDate": "1992-12-31",
    "acceptedDate": "1992-12-31 00:00:00",
    "calendarYear": "1992",
    "period": "FY",
    "revenue": 453000000,
    "costOfRevenue": 108600000,
    "grossProfit": 344400000,
    "grossProfitRatio": 0.7602649007,
    "researchAndDevelopmentExpenses": 0,
    "generalAndAdministrativeExpenses": 0,
    "sellingAndMarketingExpenses": 0,
    "sellingGeneralAndAdministrativeExpenses": 36600000,
    "otherExpenses": 208100000,
    "operatingExpenses": 244700000,
    "costAndExpenses": 353300000,
    "interestIncome": 0,
    "interestExpense": 0,
    "depreciationAndAmortization": 179800000,
    "ebitda": 279500000,
    "ebitdaratio": 0.6169977925,
    "operatingIncome": 99700000,
    "operatingIncomeRatio": 0.2200883002,
    "totalOtherIncomeExpensesNet": -19800000,
    "incomeBeforeTax": 79900000,
    "incomeBeforeTaxRatio": 0.1763796909,
    "incomeTaxExpense": -17700000,
    "netIncome": 97600000,
    "netIncomeRatio": 0.2154525386,
    "eps": 0.16,
    "epsdiluted": 0.16,
    "weightedAverageShsOut": 619682540,
    "weightedAverageShsOutDil": 619682540,
    "link": null,
    "finalLink": null
  },
  {
    "date": "1991-12-31",
    "symbol": "EOG",
    "reportedCurrency": "USD",
    "cik": "0000821189",
    "fillingDate": "1991-12-31",
    "acceptedDate": "1991-12-31 00:00:00",
    "calendarYear": "1991",
    "period": "FY",
    "revenue": 387600000,
    "costOfRevenue": 108900000,
    "grossProfit": 278700000,
    "grossProfitRatio": 0.7190402477,
    "researchAndDevelopmentExpenses": 0,
    "generalAndAdministrativeExpenses": 0,
    "sellingAndMarketingExpenses": 0,
    "sellingGeneralAndAdministrativeExpenses": 36200000,
    "otherExpenses": 179100000,
    "operatingExpenses": 215300000,
    "costAndExpenses": 324200000,
    "interestIncome": 0,
    "interestExpense": 0,
    "depreciationAndAmortization": 160900000,
    "ebitda": 224300000,
    "ebitdaratio": 0.5786893705,
    "operatingIncome": 63400000,
    "operatingIncomeRatio": 0.1635706914,
    "totalOtherIncomeExpensesNet": -17800000,
    "incomeBeforeTax": 45600000,
    "incomeBeforeTaxRatio": 0.1176470588,
    "incomeTaxExpense": -9300000,
    "netIncome": 54900000,
    "netIncomeRatio": 0.1416408669,
    "eps": 0.09,
    "epsdiluted": 0.09,
    "weightedAverageShsOut": 610000000,
    "weightedAverageShsOutDil": 610000000,
    "link": null,
    "finalLink": null
  },
  {
    "date": "1990-12-31",
    "symbol": "EOG",
    "reportedCurrency": "USD",
    "cik": "0000821189",
    "fillingDate": "1990-12-31",
    "acceptedDate": "1990-12-31 00:00:00",
    "calendarYear": "1990",
    "period": "FY",
    "revenue": 371300000,
    "costOfRevenue": 112400000,
    "grossProfit": 258900000,
    "grossProfitRatio": 0.6972798276,
    "researchAndDevelopmentExpenses": 0,
    "generalAndAdministrativeExpenses": 0,
    "sellingAndMarketingExpenses": 0,
    "sellingGeneralAndAdministrativeExpenses": 38300000,
    "otherExpenses": 178900000,
    "operatingExpenses": 217200000,
    "costAndExpenses": 329600000,
    "interestIncome": 0,
    "interestExpense": 0,
    "depreciationAndAmortization": 155900000,
    "ebitda": 197600000,
    "ebitdaratio": 0.5321842176,
    "operatingIncome": 41700000,
    "operatingIncomeRatio": 0.1123081067,
    "totalOtherIncomeExpensesNet": -7100000,
    "incomeBeforeTax": 34600000,
    "incomeBeforeTaxRatio": 0.0931861029,
    "incomeTaxExpense": -10900000,
    "netIncome": 45500000,
    "netIncomeRatio": 0.1225424185,
    "eps": 0.075,
    "epsdiluted": 0.075,
    "weightedAverageShsOut": 606666667,
    "weightedAverageShsOutDil": 606666667,
    "link": null,
    "finalLink": null
  },
  {
    "date": "1989-12-31",
    "symbol": "EOG",
    "reportedCurrency": "USD",
    "cik": "0000821189",
    "fillingDate": "1989-12-31",
    "acceptedDate": "1989-12-31 00:00:00",
    "calendarYear": "1989",
    "period": "FY",
    "revenue": 289400000,
    "costOfRevenue": 84900000,
    "grossProfit": 204500000,
    "grossProfitRatio": 0.706634416,
    "researchAndDevelopmentExpenses": 0,
    "generalAndAdministrativeExpenses": 0,
    "sellingAndMarketingExpenses": 0,
    "sellingGeneralAndAdministrativeExpenses": 40200000,
    "otherExpenses": 158100000,
    "operatingExpenses": 198300000,
    "costAndExpenses": 283200000,
    "interestIncome": 0,
    "interestExpense": 0,
    "depreciationAndAmortization": 134300000,
    "ebitda": 140500000,
    "ebitdaratio": 0.4854872149,
    "operatingIncome": 6200000,
    "operatingIncomeRatio": 0.0214236351,
    "totalOtherIncomeExpensesNet": -15700000,
    "incomeBeforeTax": -9500000,
    "incomeBeforeTaxRatio": -0.0328265377,
    "incomeTaxExpense": -3400000,
    "netIncome": -6100000,
    "netIncomeRatio": -0.0210780926,
    "eps": -0.0125,
    "epsdiluted": -0.0125,
    "weightedAverageShsOut": 488000000,
    "weightedAverageShsOutDil": 488000000,
    "link": null,
    "finalLink": null
  }
]