[
  {
    "date": "2025-06-30",
    "symbol": "EPAM",
    "reportedCurrency": "USD",
    "cik": "0001352010",
    "fillingDate": "2025-08-07",
    "acceptedDate": "2025-08-07 16:29:22",
    "calendarYear": "2025",
    "period": "Q2",
    "revenue": 1353443000,
    "costOfRevenue": 964012000,
    "grossProfit": 389431000,
    "grossProfitRatio": 0.2877335802,
    "researchAndDevelopmentExpenses": 0,
    "generalAndAdministrativeExpenses": 0,
    "sellingAndMarketingExpenses": 0,
    "sellingGeneralAndAdministrativeExpenses": 231681000,
    "otherExpenses": 31274000,
    "operatingExpenses": 262955000,
    "costAndExpenses": 1226967000,
    "interestIncome": 3519000,
    "interestExpense": 0,
    "depreciationAndAmortization": 41926000,
    "ebitda": 168402000,
    "ebitdaratio": 0.1244248927,
    "operatingIncome": 126476000,
    "operatingIncomeRatio": 0.0934475999,
    "totalOtherIncomeExpensesNet": -2708000,
    "incomeBeforeTax": 123768000,
    "incomeBeforeTaxRatio": 0.0914467768,
    "incomeTaxExpense": 35742000,
    "netIncome": 88026000,
    "netIncomeRatio": 0.065038572,
    "eps": 1.56,
    "epsdiluted": 1.56,
    "weightedAverageShsOut": 56548000,
    "weightedAverageShsOutDil": 56898000,
    "link": "https://www.sec.gov/Archives/edgar/data/1352010/000135201025000029/0001352010-25-000029-index.htm",
    "finalLink": "https://www.sec.gov/Archives/edgar/data/1352010/000135201025000029/epam-20250630.htm"
  },
  {
    "date": "2025-03-31",
    "symbol": "EPAM",
    "reportedCurrency": "USD",
    "cik": "0001352010",
    "fillingDate": "2025-05-08",
    "acceptedDate": "2025-05-08 16:23:13",
    "calendarYear": "2025",
    "period": "Q1",
    "revenue": 1301692000,
    "costOfRevenue": 952008000,
    "grossProfit": 349684000,
    "grossProfitRatio": 0.2686380496,
    "researchAndDevelopmentExpenses": 0,
    "generalAndAdministrativeExpenses": 0,
    "sellingAndMarketingExpenses": 0,
    "sellingGeneralAndAdministrativeExpenses": 218917000,
    "otherExpenses": 31437000,
    "operatingExpenses": 250354000,
    "costAndExpenses": 1202362000,
    "interestIncome": 5814000,
    "interestExpense": 0,
    "depreciationAndAmortization": 41366000,
    "ebitda": 140696000,
    "ebitdaratio": 0.1080870129,
    "operatingIncome": 99330000,
    "operatingIncomeRatio": 0.076308374,
    "totalOtherIncomeExpensesNet": -4913000,
    "incomeBeforeTax": 94417000,
    "incomeBeforeTaxRatio": 0.0725340557,
    "incomeTaxExpense": 20935000,
    "netIncome": 73482000,
    "netIncomeRatio": 0.0564511421,
    "eps": 1.29,
    "epsdiluted": 1.28,
    "weightedAverageShsOut": 56780000,
    "weightedAverageShsOutDil": 57262000,
    "link": "https://www.sec.gov/Archives/edgar/data/1352010/000135201025000015/0001352010-25-000015-index.htm",
    "finalLink": "https://www.sec.gov/Archives/edgar/data/1352010/000135201025000015/epam-20250331.htm"
  },
  {
    "date": "2024-12-31",
    "symbol": "EPAM",
    "reportedCurrency": "USD",
    "cik": "0001352010",
    "fillingDate": "2025-02-28",
    "acceptedDate": "2025-02-27 17:51:06",
    "calendarYear": "2024",
    "period": "Q4",
    "revenue": 1248351000,
    "costOfRevenue": 868314000,
    "grossProfit": 380037000,
    "grossProfitRatio": 0.3044312056,
    "researchAndDevelopmentExpenses": 0,
    "generalAndAdministrativeExpenses": 0,
    "sellingAndMarketingExpenses": 0,
    "sellingGeneralAndAdministrativeExpenses": 216969000,
    "otherExpenses": 26556000,
    "operatingExpenses": 243525000,
    "costAndExpenses": 1111839000,
    "interestIncome": 6451000,
    "interestExpense": 0,
    "depreciationAndAmortization": 36050000,
    "ebitda": 172562000,
    "ebitdaratio": 0.1382319556,
    "operatingIncome": 136512000,
    "operatingIncomeRatio": 0.1093538596,
    "totalOtherIncomeExpensesNet": 819000,
    "incomeBeforeTax": 137331000,
    "incomeBeforeTaxRatio": 0.1100099251,
    "incomeTaxExpense": 34032000,
    "netIncome": 103299000,
    "netIncomeRatio": 0.0827483616,
    "eps": 1.82,
    "epsdiluted": 1.8,
    "weightedAverageShsOut": 56818000,
    "weightedAverageShsOutDil": 57435000,
    "link": "https://www.sec.gov/Archives/edgar/data/1352010/000135201025000007/0001352010-25-000007-index.htm",
    "finalLink": "https://www.sec.gov/Archives/edgar/data/1352010/000135201025000007/epam-20241231.htm"
  },
  {
    "date": "2024-09-30",
    "symbol": "EPAM",
    "reportedCurrency": "USD",
    "cik": "0001352010",
    "fillingDate": "2024-11-07",
    "acceptedDate": "2024-11-07 17:19:15",
    "calendarYear": "2024",
    "period": "Q3",
    "revenue": 1167527000,
    "costOfRevenue": 763992000,
    "grossProfit": 403535000,
    "grossProfitRatio": 0.3456322638,
    "researchAndDevelopmentExpenses": 0,
    "generalAndAdministrativeExpenses": 0,
    "sellingAndMarketingExpenses": 0,
    "sellingGeneralAndAdministrativeExpenses": 206820000,
    "otherExpenses": 19736000,
    "operatingExpenses": 226556000,
    "costAndExpenses": 990548000,
    "interestIncome": 13347000,
    "interestExpense": 0,
    "depreciationAndAmortization": 29014000,
    "ebitda": 205993000,
    "ebitdaratio": 0.1764353201,
    "operatingIncome": 176979000,
    "operatingIncomeRatio": 0.151584503,
    "totalOtherIncomeExpensesNet": 12637000,
    "incomeBeforeTax": 189616000,
    "incomeBeforeTaxRatio": 0.1624082355,
    "incomeTaxExpense": 53270000,
    "netIncome": 136346000,
    "netIncomeRatio": 0.1167818817,
    "eps": 2.4,
    "epsdiluted": 2.37,
    "weightedAverageShsOut": 56910000,
    "weightedAverageShsOutDil": 57425000,
    "link": "https://www.sec.gov/Archives/edgar/data/1352010/000135201024000044/0001352010-24-000044-index.htm",
    "finalLink": "https://www.sec.gov/Archives/edgar/data/1352010/000135201024000044/epam-20240930.htm"
  },
  {
    "date": "2024-06-30",
    "symbol": "EPAM",
    "reportedCurrency": "USD",
    "cik": "0001352010",
    "fillingDate": "2024-08-08",
    "acceptedDate": "2024-08-08 17:27:58",
    "calendarYear": "2024",
    "period": "Q2",
    "revenue": 1146597000,
    "costOfRevenue": 810857000,
    "grossProfit": 335740000,
    "grossProfitRatio": 0.2928143018,
    "researchAndDevelopmentExpenses": 0,
    "generalAndAdministrativeExpenses": 0,
    "sellingAndMarketingExpenses": 0,
    "sellingGeneralAndAdministrativeExpenses": 194058000,
    "otherExpenses": 21121000,
    "operatingExpenses": 215179000,
    "costAndExpenses": 1026036000,
    "interestIncome": 12036000,
    "interestExpense": 0,
    "depreciationAndAmortization": 30460000,
    "ebitda": 151021000,
    "ebitdaratio": 0.1317123628,
    "operatingIncome": 120561000,
    "operatingIncomeRatio": 0.1051467953,
    "totalOtherIncomeExpensesNet": 13249000,
    "incomeBeforeTax": 133810000,
    "incomeBeforeTaxRatio": 0.1167018578,
    "incomeTaxExpense": 35165000,
    "netIncome": 98645000,
    "netIncomeRatio": 0.0860328433,
    "eps": 1.71,
    "epsdiluted": 1.7,
    "weightedAverageShsOut": 57594000,
    "weightedAverageShsOutDil": 58149000,
    "link": "https://www.sec.gov/Archives/edgar/data/1352010/000135201024000027/0001352010-24-000027-index.htm",
    "finalLink": "https://www.sec.gov/Archives/edgar/data/1352010/000135201024000027/epam-20240630.htm"
  },
  {
    "date": "2024-03-31",
    "symbol": "EPAM",
    "reportedCurrency": "USD",
    "cik": "0001352010",
    "fillingDate": "2024-05-09",
    "acceptedDate": "2024-05-09 16:26:37",
    "calendarYear": "2024",
    "period": "Q1",
    "revenue": 1165465000,
    "costOfRevenue": 834334000,
    "grossProfit": 331131000,
    "grossProfitRatio": 0.2841192142,
    "researchAndDevelopmentExpenses": 0,
    "generalAndAdministrativeExpenses": 0,
    "sellingAndMarketingExpenses": 0,
    "sellingGeneralAndAdministrativeExpenses": 198453000,
    "otherExpenses": 22146000,
    "operatingExpenses": 220599000,
    "costAndExpenses": 1054933000,
    "interestIncome": 15042000,
    "interestExpense": 0,
    "depreciationAndAmortization": 31580000,
    "ebitda": 142112000,
    "ebitdaratio": 0.1219358797,
    "operatingIncome": 110532000,
    "operatingIncomeRatio": 0.0948393989,
    "totalOtherIncomeExpensesNet": 13123000,
    "incomeBeforeTax": 123655000,
    "incomeBeforeTaxRatio": 0.1060992823,
    "incomeTaxExpense": 7412000,
    "netIncome": 116243000,
    "netIncomeRatio": 0.0997395889,
    "eps": 2.01,
    "epsdiluted": 1.97,
    "weightedAverageShsOut": 57837000,
    "weightedAverageShsOutDil": 58931000,
    "link": "https://www.sec.gov/Archives/edgar/data/1352010/000135201024000018/0001352010-24-000018-index.htm",
    "finalLink": "https://www.sec.gov/Archives/edgar/data/1352010/000135201024000018/epam-20240331.htm"
  },
  {
    "date": "2023-12-31",
    "symbol": "EPAM",
    "reportedCurrency": "USD",
    "cik": "0001352010",
    "fillingDate": "2024-02-22",
    "acceptedDate": "2024-02-22 17:09:32",
    "calendarYear": "2023",
    "period": "Q4",
    "revenue": 1157257000,
    "costOfRevenue": 797633000,
    "grossProfit": 359624000,
    "grossProfitRatio": 0.3107555193,
    "researchAndDevelopmentExpenses": 0,
    "generalAndAdministrativeExpenses": 0,
    "sellingAndMarketingExpenses": 0,
    "sellingGeneralAndAdministrativeExpenses": 213972000,
    "otherExpenses": 23158000,
    "operatingExpenses": 237130000,
    "costAndExpenses": 1034763000,
    "interestIncome": 13962000,
    "interestExpense": 0,
    "depreciationAndAmortization": 33218000,
    "ebitda": 155712000,
    "ebitdaratio": 0.1345526534,
    "operatingIncome": 122494000,
    "operatingIncomeRatio": 0.1058485712,
    "totalOtherIncomeExpensesNet": 4909000,
    "incomeBeforeTax": 127403000,
    "incomeBeforeTaxRatio": 0.1100904985,
    "incomeTaxExpense": 29849000,
    "netIncome": 97554000,
    "netIncomeRatio": 0.0842976106,
    "eps": 1.69,
    "epsdiluted": 1.66,
    "weightedAverageShsOut": 57767000,
    "weightedAverageShsOutDil": 58913000,
    "link": "https://www.sec.gov/Archives/edgar/data/1352010/000135201024000008/0001352010-24-000008-index.htm",
    "finalLink": "https://www.sec.gov/Archives/edgar/data/1352010/000135201024000008/epam-20231231.htm"
  },
  {
    "date": "2023-09-30",
    "symbol": "EPAM",
    "reportedCurrency": "USD",
    "cik": "0001352010",
    "fillingDate": "2023-11-03",
    "acceptedDate": "2023-11-02 19:03:11",
    "calendarYear": "2023",
    "period": "Q3",
    "revenue": 1152136000,
    "costOfRevenue": 794265000,
    "grossProfit": 357871000,
    "grossProfitRatio": 0.3106152399,
    "researchAndDevelopmentExpenses": 0,
    "generalAndAdministrativeExpenses": 0,
    "sellingAndMarketingExpenses": 0,
    "sellingGeneralAndAdministrativeExpenses": 194829000,
    "otherExpenses": 49014000,
    "operatingExpenses": 243843000,
    "costAndExpenses": 1038108000,
    "interestIncome": 13931000,
    "interestExpense": 0,
    "depreciationAndAmortization": 33306000,
    "ebitda": 173256000,
    "ebitdaratio": 0.1503780804,
    "operatingIncome": 114028000,
    "operatingIncomeRatio": 0.0989709548,
    "totalOtherIncomeExpensesNet": 17824000,
    "incomeBeforeTax": 131852000,
    "incomeBeforeTaxRatio": 0.1144413507,
    "incomeTaxExpense": 34648000,
    "netIncome": 97204000,
    "netIncomeRatio": 0.0843685121,
    "eps": 1.68,
    "epsdiluted": 1.65,
    "weightedAverageShsOut": 57853000,
    "weightedAverageShsOutDil": 58948000,
    "link": "https://www.sec.gov/Archives/edgar/data/1352010/000135201023000051/0001352010-23-000051-index.htm",
    "finalLink": "https://www.sec.gov/Archives/edgar/data/1352010/000135201023000051/epam-20230930.htm"
  },
  {
    "date": "2023-06-30",
    "symbol": "EPAM",
    "reportedCurrency": "USD",
    "cik": "0001352010",
    "fillingDate": "2023-08-03",
    "acceptedDate": "2023-08-03 17:23:32",
    "calendarYear": "2023",
    "period": "Q2",
    "revenue": 1170206000,
    "costOfRevenue": 808715000,
    "grossProfit": 361491000,
    "grossProfitRatio": 0.308912277,
    "researchAndDevelopmentExpenses": 0,
    "generalAndAdministrativeExpenses": 0,
    "sellingAndMarketingExpenses": 0,
    "sellingGeneralAndAdministrativeExpenses": 194377000,
    "otherExpenses": 22768000,
    "operatingExpenses": 217145000,
    "costAndExpenses": 1025860000,
    "interestIncome": 11710000,
    "interestExpense": 0,
    "depreciationAndAmortization": 33353000,
    "ebitda": 177699000,
    "ebitdaratio": 0.1518527507,
    "operatingIncome": 144346000,
    "operatingIncomeRatio": 0.1233509314,
    "totalOtherIncomeExpensesNet": 5700000,
    "incomeBeforeTax": 150046000,
    "incomeBeforeTaxRatio": 0.1282218686,
    "incomeTaxExpense": 30013000,
    "netIncome": 120033000,
    "netIncomeRatio": 0.1025742476,
    "eps": 2.07,
    "epsdiluted": 2.03,
    "weightedAverageShsOut": 57993000,
    "weightedAverageShsOutDil": 59181000,
    "link": "https://www.sec.gov/Archives/edgar/data/1352010/000135201023000044/0001352010-23-000044-index.htm",
    "finalLink": "https://www.sec.gov/Archives/edgar/data/1352010/000135201023000044/epam-20230630.htm"
  },
  {
    "date": "2023-03-31",
    "symbol": "EPAM",
    "reportedCurrency": "USD",
    "cik": "0001352010",
    "fillingDate": "2023-05-05",
    "acceptedDate": "2023-05-05 17:17:14",
    "calendarYear": "2023",
    "period": "Q1",
    "revenue": 1210941000,
    "costOfRevenue": 855901000,
    "grossProfit": 355040000,
    "grossProfitRatio": 0.2931934752,
    "researchAndDevelopmentExpenses": 0,
    "generalAndAdministrativeExpenses": 0,
    "sellingAndMarketingExpenses": 0,
    "sellingGeneralAndAdministrativeExpenses": 211887000,
    "otherExpenses": 22782000,
    "operatingExpenses": 234669000,
    "costAndExpenses": 1090570000,
    "interestIncome": 11521000,
    "interestExpense": 0,
    "depreciationAndAmortization": 32825000,
    "ebitda": 153196000,
    "ebitdaratio": 0.1265098795,
    "operatingIncome": 120371000,
    "operatingIncomeRatio": 0.0994028611,
    "totalOtherIncomeExpensesNet": 6913000,
    "incomeBeforeTax": 127284000,
    "incomeBeforeTaxRatio": 0.1051116446,
    "incomeTaxExpense": 24992000,
    "netIncome": 102292000,
    "netIncomeRatio": 0.0844731494,
    "eps": 1.77,
    "epsdiluted": 1.73,
    "weightedAverageShsOut": 57702000,
    "weightedAverageShsOutDil": 59298000,
    "link": "https://www.sec.gov/Archives/edgar/data/1352010/000135201023000027/0001352010-23-000027-index.htm",
    "finalLink": "https://www.sec.gov/Archives/edgar/data/1352010/000135201023000027/epam-20230331.htm"
  },
  {
    "date": "2022-12-31",
    "symbol": "EPAM",
    "reportedCurrency": "USD",
    "cik": "0001352010",
    "fillingDate": "2023-02-24",
    "acceptedDate": "2023-02-23 21:27:17",
    "calendarYear": "2022",
    "period": "Q4",
    "revenue": 1231303000,
    "costOfRevenue": 832728000,
    "grossProfit": 398575000,
    "grossProfitRatio": 0.3237018021,
    "researchAndDevelopmentExpenses": 0,
    "generalAndAdministrativeExpenses": 0,
    "sellingAndMarketingExpenses": 0,
    "sellingGeneralAndAdministrativeExpenses": 204952000,
    "otherExpenses": 23146000,
    "operatingExpenses": 228098000,
    "costAndExpenses": 1060826000,
    "interestIncome": 4383000,
    "interestExpense": 0,
    "depreciationAndAmortization": 33587000,
    "ebitda": 204064000,
    "ebitdaratio": 0.1657301249,
    "operatingIncome": 170477000,
    "operatingIncomeRatio": 0.1384525174,
    "totalOtherIncomeExpensesNet": 30685000,
    "incomeBeforeTax": 201162000,
    "incomeBeforeTaxRatio": 0.1633732721,
    "incomeTaxExpense": 46123000,
    "netIncome": 155039000,
    "netIncomeRatio": 0.1259145799,
    "eps": 2.69,
    "epsdiluted": 2.61,
    "weightedAverageShsOut": 57580000,
    "weightedAverageShsOutDil": 59349000,
    "link": "https://www.sec.gov/Archives/edgar/data/1352010/000135201023000013/0001352010-23-000013-index.htm",
    "finalLink": "https://www.sec.gov/Archives/edgar/data/1352010/000135201023000013/epam-20221231.htm"
  },
  {
    "date": "2022-09-30",
    "symbol": "EPAM",
    "reportedCurrency": "USD",
    "cik": "0001352010",
    "fillingDate": "2022-11-04",
    "acceptedDate": "2022-11-04 17:23:34",
    "calendarYear": "2022",
    "period": "Q3",
    "revenue": 1226920000,
    "costOfRevenue": 826796000,
    "grossProfit": 400124000,
    "grossProfitRatio": 0.3261206925,
    "researchAndDevelopmentExpenses": 0,
    "generalAndAdministrativeExpenses": 0,
    "sellingAndMarketingExpenses": 0,
    "sellingGeneralAndAdministrativeExpenses": 198021000,
    "otherExpenses": 21876000,
    "operatingExpenses": 219897000,
    "costAndExpenses": 1046693000,
    "interestIncome": 4228000,
    "interestExpense": 0,
    "depreciationAndAmortization": 33175000,
    "ebitda": 213402000,
    "ebitdaratio": 0.1739331008,
    "operatingIncome": 180227000,
    "operatingIncomeRatio": 0.146893848,
    "totalOtherIncomeExpensesNet": 10919000,
    "incomeBeforeTax": 191146000,
    "incomeBeforeTaxRatio": 0.1557933688,
    "incomeTaxExpense": 35092000,
    "netIncome": 156054000,
    "netIncomeRatio": 0.1271916669,
    "eps": 2.72,
    "epsdiluted": 2.63,
    "weightedAverageShsOut": 57420000,
    "weightedAverageShsOutDil": 59357000,
    "link": "https://www.sec.gov/Archives/edgar/data/1352010/000135201022000057/0001352010-22-000057-index.htm",
    "finalLink": "https://www.sec.gov/Archives/edgar/data/1352010/000135201022000057/epam-20220930.htm"
  },
  {
    "date": "2022-06-30",
    "symbol": "EPAM",
    "reportedCurrency": "USD",
    "cik": "0001352010",
    "fillingDate": "2022-08-05",
    "acceptedDate": "2022-08-04 19:56:00",
    "calendarYear": "2022",
    "period": "Q2",
    "revenue": 1194861000,
    "costOfRevenue": 846323000,
    "grossProfit": 348538000,
    "grossProfitRatio": 0.291697528,
    "researchAndDevelopmentExpenses": 0,
    "generalAndAdministrativeExpenses": 0,
    "sellingAndMarketingExpenses": 0,
    "sellingGeneralAndAdministrativeExpenses": 232527000,
    "otherExpenses": 22991000,
    "operatingExpenses": 255518000,
    "costAndExpenses": 1101841000,
    "interestIncome": 1579000,
    "interestExpense": 0,
    "depreciationAndAmortization": 34241000,
    "ebitda": 127261000,
    "ebitdaratio": 0.1065069493,
    "operatingIncome": 93020000,
    "operatingIncomeRatio": 0.0778500595,
    "totalOtherIncomeExpensesNet": -84362000,
    "incomeBeforeTax": 8658000,
    "incomeBeforeTaxRatio": 0.0072460311,
    "incomeTaxExpense": -9946000,
    "netIncome": 18604000,
    "netIncomeRatio": 0.0155700119,
    "eps": 0.33,
    "epsdiluted": 0.32,
    "weightedAverageShsOut": 57240000,
    "weightedAverageShsOutDil": 59020000,
    "link": "https://www.sec.gov/Archives/edgar/data/1352010/000135201022000048/0001352010-22-000048-index.htm",
    "finalLink": "https://www.sec.gov/Archives/edgar/data/1352010/000135201022000048/epam-20220630.htm"
  },
  {
    "date": "2022-03-31",
    "symbol": "EPAM",
    "reportedCurrency": "USD",
    "cik": "0001352010",
    "fillingDate": "2022-05-10",
    "acceptedDate": "2022-05-09 20:08:27",
    "calendarYear": "2022",
    "period": "Q1",
    "revenue": 1171614000,
    "costOfRevenue": 780836000,
    "grossProfit": 390778000,
    "grossProfitRatio": 0.333538179,
    "researchAndDevelopmentExpenses": 0,
    "generalAndAdministrativeExpenses": 0,
    "sellingAndMarketingExpenses": 0,
    "sellingGeneralAndAdministrativeExpenses": 237277000,
    "otherExpenses": 24259000,
    "operatingExpenses": 261536000,
    "costAndExpenses": 1042372000,
    "interestIncome": 0,
    "interestExpense": 165000,
    "depreciationAndAmortization": 39046000,
    "ebitda": 168288000,
    "ebitdaratio": 0.143637751,
    "operatingIncome": 129242000,
    "operatingIncomeRatio": 0.1103110751,
    "totalOtherIncomeExpensesNet": -22950000,
    "incomeBeforeTax": 106292000,
    "incomeBeforeTaxRatio": 0.0907227124,
    "incomeTaxExpense": 16573000,
    "netIncome": 89719000,
    "netIncomeRatio": 0.0765772686,
    "eps": 1.52,
    "epsdiluted": 1.52,
    "weightedAverageShsOut": 56915000,
    "weightedAverageShsOutDil": 58941000,
    "link": "https://www.sec.gov/Archives/edgar/data/1352010/000135201022000036/0001352010-22-000036-index.htm",
    "finalLink": "https://www.sec.gov/Archives/edgar/data/1352010/000135201022000036/epam-20220331.htm"
  },
  {
    "date": "2021-12-31",
    "symbol": "EPAM",
    "reportedCurrency": "USD",
    "cik": "0001352010",
    "fillingDate": "2022-02-25",
    "acceptedDate": "2022-02-25 17:29:19",
    "calendarYear": "2021",
    "period": "Q4",
    "revenue": 1107464000,
    "costOfRevenue": 727267000,
    "grossProfit": 380197000,
    "grossProfitRatio": 0.3433041616,
    "researchAndDevelopmentExpenses": 0,
    "generalAndAdministrativeExpenses": 0,
    "sellingAndMarketingExpenses": 0,
    "sellingGeneralAndAdministrativeExpenses": 190939000,
    "otherExpenses": 23591000,
    "operatingExpenses": 214530000,
    "costAndExpenses": 941797000,
    "interestIncome": 0,
    "interestExpense": 4356000,
    "depreciationAndAmortization": 38654000,
    "ebitda": 204321000,
    "ebitdaratio": 0.1844944847,
    "operatingIncome": 165667000,
    "operatingIncomeRatio": 0.1495913185,
    "totalOtherIncomeExpensesNet": -5718000,
    "incomeBeforeTax": 159949000,
    "incomeBeforeTaxRatio": 0.144428171,
    "incomeTaxExpense": 17670000,
    "netIncome": 142279000,
    "netIncomeRatio": 0.1284727991,
    "eps": 2.51,
    "epsdiluted": 2.4,
    "weightedAverageShsOut": 56754000,
    "weightedAverageShsOutDil": 59254000,
    "link": "https://www.sec.gov/Archives/edgar/data/1352010/000135201022000020/0001352010-22-000020-index.htm",
    "finalLink": "https://www.sec.gov/Archives/edgar/data/1352010/000135201022000020/epam-20211231.htm"
  },
  {
    "date": "2021-09-30",
    "symbol": "EPAM",
    "reportedCurrency": "USD",
    "cik": "0001352010",
    "fillingDate": "2021-11-05",
    "acceptedDate": "2021-11-04 18:09:22",
    "calendarYear": "2021",
    "period": "Q3",
    "revenue": 988539000,
    "costOfRevenue": 653374000,
    "grossProfit": 335165000,
    "grossProfitRatio": 0.3390508619,
    "researchAndDevelopmentExpenses": 0,
    "generalAndAdministrativeExpenses": 0,
    "sellingAndMarketingExpenses": 0,
    "sellingGeneralAndAdministrativeExpenses": 169498000,
    "otherExpenses": 21543000,
    "operatingExpenses": 191041000,
    "costAndExpenses": 844415000,
    "interestIncome": 0,
    "interestExpense": 5325000,
    "depreciationAndAmortization": 36740000,
    "ebitda": 180864000,
    "ebitdaratio": 0.182960915,
    "operatingIncome": 144124000,
    "operatingIncomeRatio": 0.145794956,
    "totalOtherIncomeExpensesNet": -8766000,
    "incomeBeforeTax": 135358000,
    "incomeBeforeTaxRatio": 0.1369273241,
    "incomeTaxExpense": 19702000,
    "netIncome": 115656000,
    "netIncomeRatio": 0.1169969015,
    "eps": 2.04,
    "epsdiluted": 1.95,
    "weightedAverageShsOut": 56649000,
    "weightedAverageShsOutDil": 59203000,
    "link": "https://www.sec.gov/Archives/edgar/data/1352010/000135201021000046/0001352010-21-000046-index.htm",
    "finalLink": "https://www.sec.gov/Archives/edgar/data/1352010/000135201021000046/epam-20210930.htm"
  },
  {
    "date": "2021-06-30",
    "symbol": "EPAM",
    "reportedCurrency": "USD",
    "cik": "0001352010",
    "fillingDate": "2021-08-06",
    "acceptedDate": "2021-08-05 18:07:41",
    "calendarYear": "2021",
    "period": "Q2",
    "revenue": 881366000,
    "costOfRevenue": 583728000,
    "grossProfit": 297638000,
    "grossProfitRatio": 0.3377007963,
    "researchAndDevelopmentExpenses": 0,
    "generalAndAdministrativeExpenses": 0,
    "sellingAndMarketingExpenses": 0,
    "sellingGeneralAndAdministrativeExpenses": 151910000,
    "otherExpenses": 20454000,
    "operatingExpenses": 172364000,
    "costAndExpenses": 756092000,
    "interestIncome": 2580000,
    "interestExpense": 0,
    "depreciationAndAmortization": 36274000,
    "ebitda": 161548000,
    "ebitdaratio": 0.1832927524,
    "operatingIncome": 125274000,
    "operatingIncomeRatio": 0.1421361841,
    "totalOtherIncomeExpensesNet": -2113000,
    "incomeBeforeTax": 123161000,
    "incomeBeforeTaxRatio": 0.1397387691,
    "incomeTaxExpense": 8490000,
    "netIncome": 114671000,
    "netIncomeRatio": 0.1301059946,
    "eps": 2.03,
    "epsdiluted": 1.94,
    "weightedAverageShsOut": 56463000,
    "weightedAverageShsOutDil": 59011000,
    "link": "https://www.sec.gov/Archives/edgar/data/1352010/000135201021000036/0001352010-21-000036-index.htm",
    "finalLink": "https://www.sec.gov/Archives/edgar/data/1352010/000135201021000036/epam-20210630.htm"
  },
  {
    "date": "2021-03-31",
    "symbol": "EPAM",
    "reportedCurrency": "USD",
    "cik": "0001352010",
    "fillingDate": "2021-05-06",
    "acceptedDate": "2021-05-06 17:24:51",
    "calendarYear": "2021",
    "period": "Q1",
    "revenue": 780775000,
    "costOfRevenue": 519328000,
    "grossProfit": 261447000,
    "grossProfitRatio": 0.3348557523,
    "researchAndDevelopmentExpenses": 0,
    "generalAndAdministrativeExpenses": 0,
    "sellingAndMarketingExpenses": 0,
    "sellingGeneralAndAdministrativeExpenses": 136389000,
    "otherExpenses": 17807000,
    "operatingExpenses": 154196000,
    "costAndExpenses": 673524000,
    "interestIncome": 5374000,
    "interestExpense": 0,
    "depreciationAndAmortization": 33483000,
    "ebitda": 140734000,
    "ebitdaratio": 0.1802491115,
    "operatingIncome": 107251000,
    "operatingIncomeRatio": 0.1373647978,
    "totalOtherIncomeExpensesNet": 7673000,
    "incomeBeforeTax": 114924000,
    "incomeBeforeTaxRatio": 0.1471922129,
    "incomeTaxExpense": 5878000,
    "netIncome": 109046000,
    "netIncomeRatio": 0.1396637956,
    "eps": 1.94,
    "epsdiluted": 1.86,
    "weightedAverageShsOut": 56170000,
    "weightedAverageShsOutDil": 58778000,
    "link": "https://www.sec.gov/Archives/edgar/data/1352010/000135201021000020/0001352010-21-000020-index.htm",
    "finalLink": "https://www.sec.gov/Archives/edgar/data/1352010/000135201021000020/epam-20210331.htm"
  },
  {
    "date": "2020-12-31",
    "symbol": "EPAM",
    "reportedCurrency": "USD",
    "cik": "0001352010",
    "fillingDate": "2021-02-25",
    "acceptedDate": "2021-02-25 17:16:48",
    "calendarYear": "2020",
    "period": "Q4",
    "revenue": 723493000,
    "costOfRevenue": 465792000,
    "grossProfit": 257701000,
    "grossProfitRatio": 0.3561900392,
    "researchAndDevelopmentExpenses": 0,
    "generalAndAdministrativeExpenses": 128929000,
    "sellingAndMarketingExpenses": 0,
    "sellingGeneralAndAdministrativeExpenses": 128929000,
    "otherExpenses": 16779000,
    "operatingExpenses": 145708000,
    "costAndExpenses": 611500000,
    "interestIncome": 0,
    "interestExpense": 2053000,
    "depreciationAndAmortization": 32681000,
    "ebitda": 144674000,
    "ebitdaratio": 0.1999659983,
    "operatingIncome": 111993000,
    "operatingIncomeRatio": 0.1547948633,
    "totalOtherIncomeExpensesNet": -9973000,
    "incomeBeforeTax": 102020000,
    "incomeBeforeTaxRatio": 0.1410103484,
    "incomeTaxExpense": 16481000,
    "netIncome": 85539000,
    "netIncomeRatio": 0.1182305841,
    "eps": 1.53,
    "epsdiluted": 1.46,
    "weightedAverageShsOut": 56031000,
    "weightedAverageShsOutDil": 58774000,
    "link": "https://www.sec.gov/Archives/edgar/data/1352010/000135201021000010/0001352010-21-000010-index.htm",
    "finalLink": "https://www.sec.gov/Archives/edgar/data/1352010/000135201021000010/epam-20201231.htm"
  },
  {
    "date": "2020-09-30",
    "symbol": "EPAM",
    "reportedCurrency": "USD",
    "cik": "0001352010",
    "fillingDate": "2020-11-05",
    "acceptedDate": "2020-11-05 16:34:13",
    "calendarYear": "2020",
    "period": "Q3",
    "revenue": 652243000,
    "costOfRevenue": 423388000,
    "grossProfit": 228855000,
    "grossProfitRatio": 0.3508738308,
    "researchAndDevelopmentExpenses": 0,
    "generalAndAdministrativeExpenses": 116530000,
    "sellingAndMarketingExpenses": 0,
    "sellingGeneralAndAdministrativeExpenses": 116530000,
    "otherExpenses": 15929000,
    "operatingExpenses": 132459000,
    "costAndExpenses": 555847000,
    "interestIncome": 1672000,
    "interestExpense": 0,
    "depreciationAndAmortization": 32562000,
    "ebitda": 128958000,
    "ebitdaratio": 0.1977146554,
    "operatingIncome": 96396000,
    "operatingIncomeRatio": 0.1477915439,
    "totalOtherIncomeExpensesNet": 7568000,
    "incomeBeforeTax": 103964000,
    "incomeBeforeTaxRatio": 0.1593945815,
    "incomeTaxExpense": 14532000,
    "netIncome": 89432000,
    "netIncomeRatio": 0.1371145417,
    "eps": 1.6,
    "epsdiluted": 1.53,
    "weightedAverageShsOut": 55884000,
    "weightedAverageShsOutDil": 58616000,
    "link": "https://www.sec.gov/Archives/edgar/data/1352010/000135201020000040/0001352010-20-000040-index.htm",
    "finalLink": "https://www.sec.gov/Archives/edgar/data/1352010/000135201020000040/epam-20200930.htm"
  },
  {
    "date": "2020-06-30",
    "symbol": "EPAM",
    "reportedCurrency": "USD",
    "cik": "0001352010",
    "fillingDate": "2020-08-06",
    "acceptedDate": "2020-08-06 16:10:41",
    "calendarYear": "2020",
    "period": "Q2",
    "revenue": 632383000,
    "costOfRevenue": 419540000,
    "grossProfit": 212843000,
    "grossProfitRatio": 0.3365729313,
    "researchAndDevelopmentExpenses": 0,
    "generalAndAdministrativeExpenses": 114191000,
    "sellingAndMarketingExpenses": 0,
    "sellingGeneralAndAdministrativeExpenses": 114191000,
    "otherExpenses": 15226000,
    "operatingExpenses": 129417000,
    "costAndExpenses": 548957000,
    "interestIncome": 1817000,
    "interestExpense": 0,
    "depreciationAndAmortization": 32244000,
    "ebitda": 115670000,
    "ebitdaratio": 0.1829113053,
    "operatingIncome": 83426000,
    "operatingIncomeRatio": 0.1319232174,
    "totalOtherIncomeExpensesNet": -7350000,
    "incomeBeforeTax": 76076000,
    "incomeBeforeTaxRatio": 0.1203005141,
    "incomeTaxExpense": 9452000,
    "netIncome": 66624000,
    "netIncomeRatio": 0.1053538757,
    "eps": 1.2,
    "epsdiluted": 1.14,
    "weightedAverageShsOut": 55701000,
    "weightedAverageShsOutDil": 58246000,
    "link": "https://www.sec.gov/Archives/edgar/data/1352010/000135201020000031/0001352010-20-000031-index.htm",
    "finalLink": "https://www.sec.gov/Archives/edgar/data/1352010/000135201020000031/epam-20200630.htm"
  },
  {
    "date": "2020-03-31",
    "symbol": "EPAM",
    "reportedCurrency": "USD",
    "cik": "0001352010",
    "fillingDate": "2020-05-07",
    "acceptedDate": "2020-05-07 17:31:17",
    "calendarYear": "2020",
    "period": "Q1",
    "revenue": 651359000,
    "costOfRevenue": 423802000,
    "grossProfit": 227557000,
    "grossProfitRatio": 0.3493572669,
    "researchAndDevelopmentExpenses": 0,
    "generalAndAdministrativeExpenses": 125108000,
    "sellingAndMarketingExpenses": 0,
    "sellingGeneralAndAdministrativeExpenses": 125108000,
    "otherExpenses": 14940000,
    "operatingExpenses": 140048000,
    "costAndExpenses": 563850000,
    "interestIncome": 2386000,
    "interestExpense": 0,
    "depreciationAndAmortization": 31756000,
    "ebitda": 119265000,
    "ebitdaratio": 0.1831017918,
    "operatingIncome": 87509000,
    "operatingIncomeRatio": 0.1343483394,
    "totalOtherIncomeExpensesNet": 8910000,
    "incomeBeforeTax": 96419000,
    "incomeBeforeTaxRatio": 0.1480274319,
    "incomeTaxExpense": 10854000,
    "netIncome": 85565000,
    "netIncomeRatio": 0.1313638101,
    "eps": 1.55,
    "epsdiluted": 1.47,
    "weightedAverageShsOut": 55287000,
    "weightedAverageShsOutDil": 58143000,
    "link": "https://www.sec.gov/Archives/edgar/data/1352010/000135201020000022/0001352010-20-000022-index.htm",
    "finalLink": "https://www.sec.gov/Archives/edgar/data/1352010/000135201020000022/epam-2020331x10q.htm"
  },
  {
    "date": "2019-12-31",
    "symbol": "EPAM",
    "reportedCurrency": "USD",
    "cik": "0001352010",
    "fillingDate": "2020-03-02",
    "acceptedDate": "2020-02-28 18:34:16",
    "calendarYear": "2019",
    "period": "Q4",
    "revenue": 632775000,
    "costOfRevenue": 410069000,
    "grossProfit": 222706000,
    "grossProfitRatio": 0.3519513255,
    "researchAndDevelopmentExpenses": 0,
    "generalAndAdministrativeExpenses": 124999000,
    "sellingAndMarketingExpenses": 0,
    "sellingGeneralAndAdministrativeExpenses": 124999000,
    "otherExpenses": 12962000,
    "operatingExpenses": 137961000,
    "costAndExpenses": 548030000,
    "interestIncome": 0,
    "interestExpense": 0,
    "depreciationAndAmortization": 28618000,
    "ebitda": 113363000,
    "ebitdaratio": 0.1791521473,
    "operatingIncome": 84745000,
    "operatingIncomeRatio": 0.133925961,
    "totalOtherIncomeExpensesNet": 52000,
    "incomeBeforeTax": 84797000,
    "incomeBeforeTaxRatio": 0.1340081388,
    "incomeTaxExpense": 10273000,
    "netIncome": 74524000,
    "netIncomeRatio": 0.1177733001,
    "eps": 1.35,
    "epsdiluted": 1.29,
    "weightedAverageShsOut": 55062000,
    "weightedAverageShsOutDil": 57965000,
    "link": "https://www.sec.gov/Archives/edgar/data/1352010/000135201020000012/0001352010-20-000012-index.htm",
    "finalLink": "https://www.sec.gov/Archives/edgar/data/1352010/000135201020000012/epam-20191231x10k.htm"
  },
  {
    "date": "2019-09-30",
    "symbol": "EPAM",
    "reportedCurrency": "USD",
    "cik": "0001352010",
    "fillingDate": "2019-11-07",
    "acceptedDate": "2019-11-07 16:39:01",
    "calendarYear": "2019",
    "period": "Q3",
    "revenue": 588103000,
    "costOfRevenue": 377525000,
    "grossProfit": 210578000,
    "grossProfitRatio": 0.3580631284,
    "researchAndDevelopmentExpenses": 0,
    "generalAndAdministrativeExpenses": 118886000,
    "sellingAndMarketingExpenses": 0,
    "sellingGeneralAndAdministrativeExpenses": 118886000,
    "otherExpenses": 11127000,
    "operatingExpenses": 130013000,
    "costAndExpenses": 507538000,
    "interestIncome": 2509000,
    "interestExpense": 0,
    "depreciationAndAmortization": 25598000,
    "ebitda": 106163000,
    "ebitdaratio": 0.1805176984,
    "operatingIncome": 80565000,
    "operatingIncomeRatio": 0.1369913093,
    "totalOtherIncomeExpensesNet": -596000,
    "incomeBeforeTax": 79969000,
    "incomeBeforeTaxRatio": 0.1359778814,
    "incomeTaxExpense": 12967000,
    "netIncome": 67002000,
    "netIncomeRatio": 0.1139290226,
    "eps": 1.22,
    "epsdiluted": 1.16,
    "weightedAverageShsOut": 54877666,
    "weightedAverageShsOutDil": 57844355,
    "link": "https://www.sec.gov/Archives/edgar/data/1352010/000135201019000035/0001352010-19-000035-index.htm",
    "finalLink": "https://www.sec.gov/Archives/edgar/data/1352010/000135201019000035/epam-2019930x10q.htm"
  },
  {
    "date": "2019-06-30",
    "symbol": "EPAM",
    "reportedCurrency": "USD",
    "cik": "0001352010",
    "fillingDate": "2019-08-08",
    "acceptedDate": "2019-08-08 17:06:34",
    "calendarYear": "2019",
    "period": "Q2",
    "revenue": 551587000,
    "costOfRevenue": 355915000,
    "grossProfit": 195672000,
    "grossProfitRatio": 0.354743676,
    "researchAndDevelopmentExpenses": 0,
    "generalAndAdministrativeExpenses": 111762000,
    "sellingAndMarketingExpenses": 0,
    "sellingGeneralAndAdministrativeExpenses": 111762000,
    "otherExpenses": 11028000,
    "operatingExpenses": 122790000,
    "costAndExpenses": 478705000,
    "interestIncome": 1190000,
    "interestExpense": 0,
    "depreciationAndAmortization": 24573000,
    "ebitda": 97455000,
    "ebitdaratio": 0.1766811038,
    "operatingIncome": 72882000,
    "operatingIncomeRatio": 0.1321314679,
    "totalOtherIncomeExpensesNet": -2372000,
    "incomeBeforeTax": 70510000,
    "incomeBeforeTaxRatio": 0.127831149,
    "incomeTaxExpense": 11733000,
    "netIncome": 58777000,
    "netIncomeRatio": 0.1065597993,
    "eps": 1.07,
    "epsdiluted": 1.02,
    "weightedAverageShsOut": 54682000,
    "weightedAverageShsOutDil": 57614000,
    "link": "https://www.sec.gov/Archives/edgar/data/1352010/000135201019000028/0001352010-19-000028-index.htm",
    "finalLink": "https://www.sec.gov/Archives/edgar/data/1352010/000135201019000028/epam-2019630x10q.htm"
  },
  {
    "date": "2019-03-31",
    "symbol": "EPAM",
    "reportedCurrency": "USD",
    "cik": "0001352010",
    "fillingDate": "2019-05-09",
    "acceptedDate": "2019-05-09 17:02:21",
    "calendarYear": "2019",
    "period": "Q1",
    "revenue": 521333000,
    "costOfRevenue": 344689000,
    "grossProfit": 176644000,
    "grossProfitRatio": 0.3388314187,
    "researchAndDevelopmentExpenses": 0,
    "generalAndAdministrativeExpenses": 101786000,
    "sellingAndMarketingExpenses": 0,
    "sellingGeneralAndAdministrativeExpenses": 101786000,
    "otherExpenses": 10200000,
    "operatingExpenses": 111986000,
    "costAndExpenses": 456675000,
    "interestIncome": 0,
    "interestExpense": 0,
    "depreciationAndAmortization": 22387000,
    "ebitda": 87045000,
    "ebitdaratio": 0.1669662193,
    "operatingIncome": 64658000,
    "operatingIncomeRatio": 0.124024376,
    "totalOtherIncomeExpensesNet": -408000,
    "incomeBeforeTax": 64250000,
    "incomeBeforeTaxRatio": 0.1232417668,
    "incomeTaxExpense": 3496000,
    "netIncome": 60754000,
    "netIncomeRatio": 0.1165358801,
    "eps": 1.12,
    "epsdiluted": 1.06,
    "weightedAverageShsOut": 54245133,
    "weightedAverageShsOutDil": 57236427,
    "link": "https://www.sec.gov/Archives/edgar/data/1352010/000135201019000017/0001352010-19-000017-index.htm",
    "finalLink": "https://www.sec.gov/Archives/edgar/data/1352010/000135201019000017/epam-2019331x10q.htm"
  },
  {
    "date": "2018-12-31",
    "symbol": "EPAM",
    "reportedCurrency": "USD",
    "cik": "0001352010",
    "fillingDate": "2019-02-26",
    "acceptedDate": "2019-02-25 21:48:20",
    "calendarYear": "2018",
    "period": "Q4",
    "revenue": 504931000,
    "costOfRevenue": 319031000,
    "grossProfit": 185900000,
    "grossProfitRatio": 0.3681691162,
    "researchAndDevelopmentExpenses": 0,
    "generalAndAdministrativeExpenses": 101477000,
    "sellingAndMarketingExpenses": -4030000,
    "sellingGeneralAndAdministrativeExpenses": 101477000,
    "otherExpenses": 6153000,
    "operatingExpenses": 107630000,
    "costAndExpenses": 426661000,
    "interestIncome": 0,
    "interestExpense": 0,
    "depreciationAndAmortization": 10183000,
    "ebitda": 88453000,
    "ebitdaratio": 0.1751783907,
    "operatingIncome": 78270000,
    "operatingIncomeRatio": 0.1550112788,
    "totalOtherIncomeExpensesNet": 498000,
    "incomeBeforeTax": 78768000,
    "incomeBeforeTaxRatio": 0.1559975521,
    "incomeTaxExpense": 18803000,
    "netIncome": 59965000,
    "netIncomeRatio": 0.1187588007,
    "eps": 1.11,
    "epsdiluted": 1.05,
    "weightedAverageShsOut": 54031000,
    "weightedAverageShsOutDil": 56887000,
    "link": "https://www.sec.gov/Archives/edgar/data/1352010/000135201019000008/0001352010-19-000008-index.htm",
    "finalLink": "https://www.sec.gov/Archives/edgar/data/1352010/000135201019000008/epam-20181231x10k.htm"
  },
  {
    "date": "2018-09-30",
    "symbol": "EPAM",
    "reportedCurrency": "USD",
    "cik": "0001352010",
    "fillingDate": "2018-11-05",
    "acceptedDate": "2018-11-05 17:22:48",
    "calendarYear": "2018",
    "period": "Q3",
    "revenue": 468186000,
    "costOfRevenue": 301081000,
    "grossProfit": 167105000,
    "grossProfitRatio": 0.3569201129,
    "researchAndDevelopmentExpenses": 0,
    "generalAndAdministrativeExpenses": 92490000,
    "sellingAndMarketingExpenses": 0,
    "sellingGeneralAndAdministrativeExpenses": 93226000,
    "otherExpenses": 9319000,
    "operatingExpenses": 102545000,
    "costAndExpenses": 403626000,
    "interestIncome": 0,
    "interestExpense": 0,
    "depreciationAndAmortization": 9319000,
    "ebitda": 73879000,
    "ebitdaratio": 0.1577983964,
    "operatingIncome": 64560000,
    "operatingIncomeRatio": 0.137893914,
    "totalOtherIncomeExpensesNet": 1427000,
    "incomeBeforeTax": 65987000,
    "incomeBeforeTaxRatio": 0.1409418479,
    "incomeTaxExpense": 369000,
    "netIncome": 65618000,
    "netIncomeRatio": 0.1401536996,
    "eps": 1.22,
    "epsdiluted": 1.15,
    "weightedAverageShsOut": 53852000,
    "weightedAverageShsOutDil": 56963000,
    "link": "https://www.sec.gov/Archives/edgar/data/1352010/000135201018000043/0001352010-18-000043-index.htm",
    "finalLink": "https://www.sec.gov/Archives/edgar/data/1352010/000135201018000043/epam-2018930x10q.htm"
  },
  {
    "date": "2018-06-30",
    "symbol": "EPAM",
    "reportedCurrency": "USD",
    "cik": "0001352010",
    "fillingDate": "2018-08-06",
    "acceptedDate": "2018-08-06 17:30:37",
    "calendarYear": "2018",
    "period": "Q2",
    "revenue": 445647000,
    "costOfRevenue": 289175000,
    "grossProfit": 156472000,
    "grossProfitRatio": 0.3511119788,
    "researchAndDevelopmentExpenses": 0,
    "generalAndAdministrativeExpenses": 91843000,
    "sellingAndMarketingExpenses": 0,
    "sellingGeneralAndAdministrativeExpenses": 93273000,
    "otherExpenses": 8962000,
    "operatingExpenses": 102235000,
    "costAndExpenses": 391410000,
    "interestIncome": 0,
    "interestExpense": 0,
    "depreciationAndAmortization": 8962000,
    "ebitda": 63199000,
    "ebitdaratio": 0.1418140367,
    "operatingIncome": 54237000,
    "operatingIncomeRatio": 0.1217039495,
    "totalOtherIncomeExpensesNet": 2882000,
    "incomeBeforeTax": 57119000,
    "incomeBeforeTaxRatio": 0.1281709514,
    "incomeTaxExpense": 6864000,
    "netIncome": 50255000,
    "netIncomeRatio": 0.1127686263,
    "eps": 0.94,
    "epsdiluted": 0.89,
    "weightedAverageShsOut": 53517000,
    "weightedAverageShsOutDil": 56587000,
    "link": "https://www.sec.gov/Archives/edgar/data/1352010/000135201018000032/0001352010-18-000032-index.htm",
    "finalLink": "https://www.sec.gov/Archives/edgar/data/1352010/000135201018000032/epam-2018630x10q.htm"
  },
  {
    "date": "2018-03-31",
    "symbol": "EPAM",
    "reportedCurrency": "USD",
    "cik": "0001352010",
    "fillingDate": "2018-05-10",
    "acceptedDate": "2018-05-10 16:47:22",
    "calendarYear": "2018",
    "period": "Q1",
    "revenue": 424148000,
    "costOfRevenue": 277634000,
    "grossProfit": 146514000,
    "grossProfitRatio": 0.3454313117,
    "researchAndDevelopmentExpenses": 0,
    "generalAndAdministrativeExpenses": 87777000,
    "sellingAndMarketingExpenses": 0,
    "sellingGeneralAndAdministrativeExpenses": 89641000,
    "otherExpenses": 8176000,
    "operatingExpenses": 97817000,
    "costAndExpenses": 375451000,
    "interestIncome": 0,
    "interestExpense": 0,
    "depreciationAndAmortization": 8176000,
    "ebitda": 56873000,
    "ebitdaratio": 0.1340876298,
    "operatingIncome": 48697000,
    "operatingIncomeRatio": 0.1148113394,
    "totalOtherIncomeExpensesNet": -798000,
    "incomeBeforeTax": 47899000,
    "incomeBeforeTaxRatio": 0.1129299207,
    "incomeTaxExpense": -16519000,
    "netIncome": 64418000,
    "netIncomeRatio": 0.1518762319,
    "eps": 1.21,
    "epsdiluted": 1.15,
    "weightedAverageShsOut": 53079000,
    "weightedAverageShsOutDil": 56241000,
    "link": "https://www.sec.gov/Archives/edgar/data/1352010/000135201018000022/0001352010-18-000022-index.htm",
    "finalLink": "https://www.sec.gov/Archives/edgar/data/1352010/000135201018000022/epam-2018331x10q.htm"
  },
  {
    "date": "2017-12-31",
    "symbol": "EPAM",
    "reportedCurrency": "USD",
    "cik": "0001352010",
    "fillingDate": "2018-02-27",
    "acceptedDate": "2018-02-27 17:01:43",
    "calendarYear": "2017",
    "period": "Q4",
    "revenue": 399297000,
    "costOfRevenue": 254121000,
    "grossProfit": 145176000,
    "grossProfitRatio": 0.3635789901,
    "researchAndDevelopmentExpenses": 0,
    "generalAndAdministrativeExpenses": 84793000,
    "sellingAndMarketingExpenses": 0,
    "sellingGeneralAndAdministrativeExpenses": 84793000,
    "otherExpenses": 8333000,
    "operatingExpenses": 93126000,
    "costAndExpenses": 347247000,
    "interestIncome": 0,
    "interestExpense": 0,
    "depreciationAndAmortization": 7696000,
    "ebitda": 59746000,
    "ebitdaratio": 0.1496279712,
    "operatingIncome": 52050000,
    "operatingIncomeRatio": 0.1303540973,
    "totalOtherIncomeExpensesNet": 27000,
    "incomeBeforeTax": 52077000,
    "incomeBeforeTaxRatio": 0.1304217162,
    "incomeTaxExpense": 82951000,
    "netIncome": -30874000,
    "netIncomeRatio": -0.0773208915,
    "eps": -0.59,
    "epsdiluted": -0.58,
    "weightedAverageShsOut": 52197435,
    "weightedAverageShsOutDil": 52879000,
    "link": "https://www.sec.gov/Archives/edgar/data/1352010/000135201018000011/0001352010-18-000011-index.htm",
    "finalLink": "https://www.sec.gov/Archives/edgar/data/1352010/000135201018000011/epam-20171231x10k.htm"
  },
  {
    "date": "2017-09-30",
    "symbol": "EPAM",
    "reportedCurrency": "USD",
    "cik": "0001352010",
    "fillingDate": "2017-11-07",
    "acceptedDate": "2017-11-06 17:35:59",
    "calendarYear": "2017",
    "period": "Q3",
    "revenue": 377523000,
    "costOfRevenue": 239369000,
    "grossProfit": 138154000,
    "grossProfitRatio": 0.3659485647,
    "researchAndDevelopmentExpenses": 0,
    "generalAndAdministrativeExpenses": 81190000,
    "sellingAndMarketingExpenses": 0,
    "sellingGeneralAndAdministrativeExpenses": 81190000,
    "otherExpenses": 7716000,
    "operatingExpenses": 88906000,
    "costAndExpenses": 328275000,
    "interestIncome": 0,
    "interestExpense": 0,
    "depreciationAndAmortization": 7174000,
    "ebitda": 56422000,
    "ebitdaratio": 0.1494531459,
    "operatingIncome": 49248000,
    "operatingIncomeRatio": 0.1304503302,
    "totalOtherIncomeExpensesNet": 1339000,
    "incomeBeforeTax": 50587000,
    "incomeBeforeTaxRatio": 0.1339971339,
    "incomeTaxExpense": 7953000,
    "netIncome": 42634000,
    "netIncomeRatio": 0.1129308678,
    "eps": 0.81,
    "epsdiluted": 0.77,
    "weightedAverageShsOut": 52545000,
    "weightedAverageShsOutDil": 55229000,
    "link": "https://www.sec.gov/Archives/edgar/data/1352010/000135201017000045/0001352010-17-000045-index.htm",
    "finalLink": "https://www.sec.gov/Archives/edgar/data/1352010/000135201017000045/epam-2017930x10q.htm"
  },
  {
    "date": "2017-06-30",
    "symbol": "EPAM",
    "reportedCurrency": "USD",
    "cik": "0001352010",
    "fillingDate": "2017-08-08",
    "acceptedDate": "2017-08-07 20:57:03",
    "calendarYear": "2017",
    "period": "Q2",
    "revenue": 348977000,
    "costOfRevenue": 220132000,
    "grossProfit": 128845000,
    "grossProfitRatio": 0.3692077128,
    "researchAndDevelopmentExpenses": 0,
    "generalAndAdministrativeExpenses": 80419000,
    "sellingAndMarketingExpenses": 0,
    "sellingGeneralAndAdministrativeExpenses": 80419000,
    "otherExpenses": 7744000,
    "operatingExpenses": 88163000,
    "costAndExpenses": 308295000,
    "interestIncome": 0,
    "interestExpense": 0,
    "depreciationAndAmortization": 7020000,
    "ebitda": 47702000,
    "ebitdaratio": 0.1366909567,
    "operatingIncome": 40682000,
    "operatingIncomeRatio": 0.1165750178,
    "totalOtherIncomeExpensesNet": 2364000,
    "incomeBeforeTax": 43046000,
    "incomeBeforeTaxRatio": 0.1233491032,
    "incomeTaxExpense": 5687000,
    "netIncome": 37359000,
    "netIncomeRatio": 0.1070529003,
    "eps": 0.72,
    "epsdiluted": 0.68,
    "weightedAverageShsOut": 51899000,
    "weightedAverageShsOutDil": 54848000,
    "link": "https://www.sec.gov/Archives/edgar/data/1352010/000135201017000031/0001352010-17-000031-index.htm",
    "finalLink": "https://www.sec.gov/Archives/edgar/data/1352010/000135201017000031/epam-2017630x10q.htm"
  },
  {
    "date": "2017-03-31",
    "symbol": "EPAM",
    "reportedCurrency": "USD",
    "cik": "0001352010",
    "fillingDate": "2017-05-08",
    "acceptedDate": "2017-05-08 09:05:56",
    "calendarYear": "2017",
    "period": "Q1",
    "revenue": 324651000,
    "costOfRevenue": 207730000,
    "grossProfit": 116921000,
    "grossProfitRatio": 0.360143662,
    "researchAndDevelopmentExpenses": 0,
    "generalAndAdministrativeExpenses": 78453000,
    "sellingAndMarketingExpenses": 0,
    "sellingGeneralAndAdministrativeExpenses": 78453000,
    "otherExpenses": 7502000,
    "operatingExpenses": 85955000,
    "costAndExpenses": 293685000,
    "interestIncome": 0,
    "interestExpense": 0,
    "depreciationAndAmortization": 6672000,
    "ebitda": 37638000,
    "ebitdaratio": 0.1159337258,
    "operatingIncome": 30966000,
    "operatingIncomeRatio": 0.0953824261,
    "totalOtherIncomeExpensesNet": -2371000,
    "incomeBeforeTax": 28595000,
    "incomeBeforeTaxRatio": 0.0880791989,
    "incomeTaxExpense": 4954000,
    "netIncome": 23641000,
    "netIncomeRatio": 0.0728197357,
    "eps": 0.46,
    "epsdiluted": 0.44,
    "weightedAverageShsOut": 50958000,
    "weightedAverageShsOutDil": 53889000,
    "link": "https://www.sec.gov/Archives/edgar/data/1352010/000135201017000020/0001352010-17-000020-index.htm",
    "finalLink": "https://www.sec.gov/Archives/edgar/data/1352010/000135201017000020/epam-2017331x10q.htm"
  },
  {
    "date": "2016-12-31",
    "symbol": "EPAM",
    "reportedCurrency": "USD",
    "cik": "0001352010",
    "fillingDate": "2017-03-01",
    "acceptedDate": "2017-02-28 21:43:43",
    "calendarYear": "2016",
    "period": "Q4",
    "revenue": 313525000,
    "costOfRevenue": 198226000,
    "grossProfit": 115299000,
    "grossProfitRatio": 0.3677505781,
    "researchAndDevelopmentExpenses": 0,
    "generalAndAdministrativeExpenses": 71432000,
    "sellingAndMarketingExpenses": 0,
    "sellingGeneralAndAdministrativeExpenses": 71432000,
    "otherExpenses": 6484000,
    "operatingExpenses": 77916000,
    "costAndExpenses": 276142000,
    "interestIncome": 0,
    "interestExpense": 0,
    "depreciationAndAmortization": 6237000,
    "ebitda": 43620000,
    "ebitdaratio": 0.1391276613,
    "operatingIncome": 37383000,
    "operatingIncomeRatio": 0.1192345108,
    "totalOtherIncomeExpensesNet": -5333000,
    "incomeBeforeTax": 32050000,
    "incomeBeforeTaxRatio": 0.102224703,
    "incomeTaxExpense": 7287000,
    "netIncome": 24763000,
    "netIncomeRatio": 0.0789825373,
    "eps": 0.49,
    "epsdiluted": 0.46,
    "weightedAverageShsOut": 50717000,
    "weightedAverageShsOutDil": 53380000,
    "link": "https://www.sec.gov/Archives/edgar/data/1352010/000135201017000006/0001352010-17-000006-index.htm",
    "finalLink": "https://www.sec.gov/Archives/edgar/data/1352010/000135201017000006/epam-20161231x10k.htm"
  },
  {
    "date": "2016-09-30",
    "symbol": "EPAM",
    "reportedCurrency": "USD",
    "cik": "0001352010",
    "fillingDate": "2016-11-09",
    "acceptedDate": "2016-11-09 16:50:17",
    "calendarYear": "2016",
    "period": "Q3",
    "revenue": 298293000,
    "costOfRevenue": 190797000,
    "grossProfit": 107496000,
    "grossProfitRatio": 0.3603705082,
    "researchAndDevelopmentExpenses": 0,
    "generalAndAdministrativeExpenses": 67491000,
    "sellingAndMarketingExpenses": 0,
    "sellingGeneralAndAdministrativeExpenses": 67491000,
    "otherExpenses": 6103000,
    "operatingExpenses": 73594000,
    "costAndExpenses": 264391000,
    "interestIncome": 0,
    "interestExpense": 0,
    "depreciationAndAmortization": 5925000,
    "ebitda": 39827000,
    "ebitdaratio": 0.1335163748,
    "operatingIncome": 33902000,
    "operatingIncomeRatio": 0.1136533543,
    "totalOtherIncomeExpensesNet": -661000,
    "incomeBeforeTax": 33241000,
    "incomeBeforeTaxRatio": 0.1114374122,
    "incomeTaxExpense": 7067000,
    "netIncome": 26174000,
    "netIncomeRatio": 0.0877459411,
    "eps": 0.51,
    "epsdiluted": 0.49,
    "weightedAverageShsOut": 51131000,
    "weightedAverageShsOutDil": 53864000,
    "link": "https://www.sec.gov/Archives/edgar/data/1352010/000135201016000051/0001352010-16-000051-index.htm",
    "finalLink": "https://www.sec.gov/Archives/edgar/data/1352010/000135201016000051/epam-2016930x10q.htm"
  },
  {
    "date": "2016-06-30",
    "symbol": "EPAM",
    "reportedCurrency": "USD",
    "cik": "0001352010",
    "fillingDate": "2016-08-08",
    "acceptedDate": "2016-08-08 17:24:10",
    "calendarYear": "2016",
    "period": "Q2",
    "revenue": 283832000,
    "costOfRevenue": 180782000,
    "grossProfit": 103050000,
    "grossProfitRatio": 0.3630668846,
    "researchAndDevelopmentExpenses": 0,
    "generalAndAdministrativeExpenses": 64241000,
    "sellingAndMarketingExpenses": 0,
    "sellingGeneralAndAdministrativeExpenses": 64241000,
    "otherExpenses": 6729000,
    "operatingExpenses": 70970000,
    "costAndExpenses": 251752000,
    "interestIncome": 0,
    "interestExpense": 0,
    "depreciationAndAmortization": 6123000,
    "ebitda": 38203000,
    "ebitdaratio": 0.1345972265,
    "operatingIncome": 32080000,
    "operatingIncomeRatio": 0.1130246061,
    "totalOtherIncomeExpensesNet": -1157000,
    "incomeBeforeTax": 30923000,
    "incomeBeforeTaxRatio": 0.1089482511,
    "incomeTaxExpense": 6493000,
    "netIncome": 24430000,
    "netIncomeRatio": 0.0860720426,
    "eps": 0.49,
    "epsdiluted": 0.46,
    "weightedAverageShsOut": 50211000,
    "weightedAverageShsOutDil": 53271000,
    "link": "https://www.sec.gov/Archives/edgar/data/1352010/000135201016000043/0001352010-16-000043-index.htm",
    "finalLink": "https://www.sec.gov/Archives/edgar/data/1352010/000135201016000043/epam-2016630x10q.htm"
  },
  {
    "date": "2016-03-31",
    "symbol": "EPAM",
    "reportedCurrency": "USD",
    "cik": "0001352010",
    "fillingDate": "2016-05-09",
    "acceptedDate": "2016-05-09 17:09:09",
    "calendarYear": "2016",
    "period": "Q1",
    "revenue": 264482000,
    "costOfRevenue": 167381000,
    "grossProfit": 97101000,
    "grossProfitRatio": 0.3671365159,
    "researchAndDevelopmentExpenses": 0,
    "generalAndAdministrativeExpenses": 61494000,
    "sellingAndMarketingExpenses": 0,
    "sellingGeneralAndAdministrativeExpenses": 61494000,
    "otherExpenses": 5276000,
    "operatingExpenses": 66770000,
    "costAndExpenses": 234151000,
    "interestIncome": 0,
    "interestExpense": 0,
    "depreciationAndAmortization": 5102000,
    "ebitda": 35433000,
    "ebitdaratio": 0.13397131,
    "operatingIncome": 30331000,
    "operatingIncomeRatio": 0.1146807722,
    "totalOtherIncomeExpensesNet": -79000,
    "incomeBeforeTax": 30252000,
    "incomeBeforeTaxRatio": 0.1143820752,
    "incomeTaxExpense": 6353000,
    "netIncome": 23899000,
    "netIncomeRatio": 0.0903615369,
    "eps": 0.48,
    "epsdiluted": 0.45,
    "weightedAverageShsOut": 49714000,
    "weightedAverageShsOutDil": 52883000,
    "link": "https://www.sec.gov/Archives/edgar/data/1352010/000135201016000034/0001352010-16-000034-index.htm",
    "finalLink": "https://www.sec.gov/Archives/edgar/data/1352010/000135201016000034/epam-2016331x10q.htm"
  },
  {
    "date": "2015-12-31",
    "symbol": "EPAM",
    "reportedCurrency": "USD",
    "cik": "0001352010",
    "fillingDate": "2016-02-23",
    "acceptedDate": "2016-02-22 18:14:33",
    "calendarYear": "2015",
    "period": "Q4",
    "revenue": 260253000,
    "costOfRevenue": 158291000,
    "grossProfit": 101962000,
    "grossProfitRatio": 0.3917803061,
    "researchAndDevelopmentExpenses": 0,
    "generalAndAdministrativeExpenses": 64414000,
    "sellingAndMarketingExpenses": 0,
    "sellingGeneralAndAdministrativeExpenses": 64414000,
    "otherExpenses": 5783000,
    "operatingExpenses": 70197000,
    "costAndExpenses": 228488000,
    "interestIncome": 0,
    "interestExpense": 0,
    "depreciationAndAmortization": 4899000,
    "ebitda": 36664000,
    "ebitdaratio": 0.1408782992,
    "operatingIncome": 31765000,
    "operatingIncomeRatio": 0.1220543087,
    "totalOtherIncomeExpensesNet": 2968000,
    "incomeBeforeTax": 34733000,
    "incomeBeforeTaxRatio": 0.1334585961,
    "incomeTaxExpense": 7095000,
    "netIncome": 27638000,
    "netIncomeRatio": 0.1061966625,
    "eps": 0.56,
    "epsdiluted": 0.52,
    "weightedAverageShsOut": 49360000,
    "weightedAverageShsOutDil": 52670000,
    "link": "https://www.sec.gov/Archives/edgar/data/1352010/000135201016000030/0001352010-16-000030-index.htm",
    "finalLink": "https://www.sec.gov/Archives/edgar/data/1352010/000135201016000030/epam-20151231x10k.htm"
  },
  {
    "date": "2015-09-30",
    "symbol": "EPAM",
    "reportedCurrency": "USD",
    "cik": "0001352010",
    "fillingDate": "2015-11-06",
    "acceptedDate": "2015-11-06 09:29:41",
    "calendarYear": "2015",
    "period": "Q3",
    "revenue": 236049000,
    "costOfRevenue": 148479000,
    "grossProfit": 87570000,
    "grossProfitRatio": 0.370982296,
    "researchAndDevelopmentExpenses": 0,
    "generalAndAdministrativeExpenses": 55431000,
    "sellingAndMarketingExpenses": 0,
    "sellingGeneralAndAdministrativeExpenses": 55431000,
    "otherExpenses": 4363000,
    "operatingExpenses": 59794000,
    "costAndExpenses": 208273000,
    "interestIncome": 0,
    "interestExpense": 0,
    "depreciationAndAmortization": 4393000,
    "ebitda": 32169000,
    "ebitdaratio": 0.1362810264,
    "operatingIncome": 27776000,
    "operatingIncomeRatio": 0.1176704837,
    "totalOtherIncomeExpensesNet": 897000,
    "incomeBeforeTax": 28673000,
    "incomeBeforeTaxRatio": 0.1214705421,
    "incomeTaxExpense": 5800000,
    "netIncome": 22873000,
    "netIncomeRatio": 0.0968993726,
    "eps": 0.47,
    "epsdiluted": 0.44,
    "weightedAverageShsOut": 49043000,
    "weightedAverageShsOutDil": 52344000,
    "link": "https://www.sec.gov/Archives/edgar/data/1352010/000135201015000025/0001352010-15-000025-index.htm",
    "finalLink": "https://www.sec.gov/Archives/edgar/data/1352010/000135201015000025/epam-2015930x10q.htm"
  },
  {
    "date": "2015-06-30",
    "symbol": "EPAM",
    "reportedCurrency": "USD",
    "cik": "0001352010",
    "fillingDate": "2015-08-07",
    "acceptedDate": "2015-08-06 19:43:38",
    "calendarYear": "2015",
    "period": "Q2",
    "revenue": 217781000,
    "costOfRevenue": 134256000,
    "grossProfit": 83525000,
    "grossProfitRatio": 0.3835274886,
    "researchAndDevelopmentExpenses": 0,
    "generalAndAdministrativeExpenses": 55976000,
    "sellingAndMarketingExpenses": 0,
    "sellingGeneralAndAdministrativeExpenses": 55976000,
    "otherExpenses": 3943000,
    "operatingExpenses": 59919000,
    "costAndExpenses": 194175000,
    "interestIncome": 0,
    "interestExpense": 0,
    "depreciationAndAmortization": 3903000,
    "ebitda": 27509000,
    "ebitdaratio": 0.1263149678,
    "operatingIncome": 23606000,
    "operatingIncomeRatio": 0.1083932942,
    "totalOtherIncomeExpensesNet": 834000,
    "incomeBeforeTax": 24440000,
    "incomeBeforeTaxRatio": 0.1122228294,
    "incomeTaxExpense": 5209000,
    "netIncome": 19231000,
    "netIncomeRatio": 0.0883043057,
    "eps": 0.4,
    "epsdiluted": 0.37,
    "weightedAverageShsOut": 48584000,
    "weightedAverageShsOutDil": 51917000,
    "link": "https://www.sec.gov/Archives/edgar/data/1352010/000135201015000021/0001352010-15-000021-index.htm",
    "finalLink": "https://www.sec.gov/Archives/edgar/data/1352010/000135201015000021/epam-2015630x10q.htm"
  },
  {
    "date": "2015-03-31",
    "symbol": "EPAM",
    "reportedCurrency": "USD",
    "cik": "0001352010",
    "fillingDate": "2015-05-07",
    "acceptedDate": "2015-05-07 17:01:24",
    "calendarYear": "2015",
    "period": "Q1",
    "revenue": 200045000,
    "costOfRevenue": 125887000,
    "grossProfit": 74158000,
    "grossProfitRatio": 0.370706591,
    "researchAndDevelopmentExpenses": 0,
    "generalAndAdministrativeExpenses": 46938000,
    "sellingAndMarketingExpenses": 0,
    "sellingGeneralAndAdministrativeExpenses": 46938000,
    "otherExpenses": 4400000,
    "operatingExpenses": 51338000,
    "costAndExpenses": 177225000,
    "interestIncome": 0,
    "interestExpense": 0,
    "depreciationAndAmortization": 4200000,
    "ebitda": 27020000,
    "ebitdaratio": 0.1350696093,
    "operatingIncome": 22820000,
    "operatingIncomeRatio": 0.1140743333,
    "totalOtherIncomeExpensesNet": -4596000,
    "incomeBeforeTax": 18224000,
    "incomeBeforeTaxRatio": 0.0910995026,
    "incomeTaxExpense": 3510000,
    "netIncome": 14714000,
    "netIncomeRatio": 0.0735534505,
    "eps": 0.31,
    "epsdiluted": 0.29,
    "weightedAverageShsOut": 47886000,
    "weightedAverageShsOutDil": 51000000,
    "link": "https://www.sec.gov/Archives/edgar/data/1352010/000135201015000015/0001352010-15-000015-index.htm",
    "finalLink": "https://www.sec.gov/Archives/edgar/data/1352010/000135201015000015/epam-2015331x10q.htm"
  },
  {
    "date": "2014-12-31",
    "symbol": "EPAM",
    "reportedCurrency": "USD",
    "cik": "0001352010",
    "fillingDate": "2015-03-02",
    "acceptedDate": "2015-03-02 16:12:22",
    "calendarYear": "2014",
    "period": "Q4",
    "revenue": 202184000,
    "costOfRevenue": 121465000,
    "grossProfit": 80719000,
    "grossProfitRatio": 0.39923535,
    "researchAndDevelopmentExpenses": 0,
    "generalAndAdministrativeExpenses": 49761000,
    "sellingAndMarketingExpenses": 0,
    "sellingGeneralAndAdministrativeExpenses": 49761000,
    "otherExpenses": 6943000,
    "operatingExpenses": 56704000,
    "costAndExpenses": 178169000,
    "interestIncome": 0,
    "interestExpense": 0,
    "depreciationAndAmortization": 2833000,
    "ebitda": 29089000,
    "ebitdaratio": 0.143873897,
    "operatingIncome": 24015000,
    "operatingIncomeRatio": 0.1187779448,
    "totalOtherIncomeExpensesNet": 567000,
    "incomeBeforeTax": 24582000,
    "incomeBeforeTaxRatio": 0.1215823211,
    "incomeTaxExpense": 6159000,
    "netIncome": 18423000,
    "netIncomeRatio": 0.0911199699,
    "eps": 0.39,
    "epsdiluted": 0.37,
    "weightedAverageShsOut": 47620000,
    "weightedAverageShsOutDil": 50339000,
    "link": "https://www.sec.gov/Archives/edgar/data/1352010/000135201015000006/0001352010-15-000006-index.htm",
    "finalLink": "https://www.sec.gov/Archives/edgar/data/1352010/000135201015000006/epam-20141231x10k.htm"
  },
  {
    "date": "2014-09-30",
    "symbol": "EPAM",
    "reportedCurrency": "USD",
    "cik": "0001352010",
    "fillingDate": "2014-11-10",
    "acceptedDate": "2014-11-10 17:02:57",
    "calendarYear": "2014",
    "period": "Q3",
    "revenue": 192764000,
    "costOfRevenue": 122509000,
    "grossProfit": 70255000,
    "grossProfitRatio": 0.3644612064,
    "researchAndDevelopmentExpenses": 0,
    "generalAndAdministrativeExpenses": 42875000,
    "sellingAndMarketingExpenses": 0,
    "sellingGeneralAndAdministrativeExpenses": 42875000,
    "otherExpenses": 5545000,
    "operatingExpenses": 48420000,
    "costAndExpenses": 170929000,
    "interestIncome": 0,
    "interestExpense": 0,
    "depreciationAndAmortization": 5510000,
    "ebitda": 27345000,
    "ebitdaratio": 0.1418574008,
    "operatingIncome": 21835000,
    "operatingIncomeRatio": 0.1132732253,
    "totalOtherIncomeExpensesNet": 543000,
    "incomeBeforeTax": 22378000,
    "incomeBeforeTaxRatio": 0.1160901413,
    "incomeTaxExpense": 3338000,
    "netIncome": 19040000,
    "netIncomeRatio": 0.0987736299,
    "eps": 0.4,
    "epsdiluted": 0.38,
    "weightedAverageShsOut": 47315000,
    "weightedAverageShsOutDil": 49829000,
    "link": "https://www.sec.gov/Archives/edgar/data/1352010/000135201014000051/0001352010-14-000051-index.htm",
    "finalLink": "https://www.sec.gov/Archives/edgar/data/1352010/000135201014000051/epam-2014930x10q.htm"
  },
  {
    "date": "2014-06-30",
    "symbol": "EPAM",
    "reportedCurrency": "USD",
    "cik": "0001352010",
    "fillingDate": "2014-08-11",
    "acceptedDate": "2014-08-11 17:30:59",
    "calendarYear": "2014",
    "period": "Q2",
    "revenue": 174695000,
    "costOfRevenue": 110102000,
    "grossProfit": 64593000,
    "grossProfitRatio": 0.3697472738,
    "researchAndDevelopmentExpenses": 0,
    "generalAndAdministrativeExpenses": 38671000,
    "sellingAndMarketingExpenses": 0,
    "sellingGeneralAndAdministrativeExpenses": 38671000,
    "otherExpenses": 7446000,
    "operatingExpenses": 46117000,
    "costAndExpenses": 156219000,
    "interestIncome": 0,
    "interestExpense": 0,
    "depreciationAndAmortization": 5451000,
    "ebitda": 23927000,
    "ebitdaratio": 0.1369644237,
    "operatingIncome": 18476000,
    "operatingIncomeRatio": 0.10576147,
    "totalOtherIncomeExpensesNet": -75000,
    "incomeBeforeTax": 18401000,
    "incomeBeforeTaxRatio": 0.1053321503,
    "incomeTaxExpense": 3587000,
    "netIncome": 14814000,
    "netIncomeRatio": 0.0847992215,
    "eps": 0.31,
    "epsdiluted": 0.3,
    "weightedAverageShsOut": 47068000,
    "weightedAverageShsOutDil": 49559000,
    "link": "https://www.sec.gov/Archives/edgar/data/1352010/000135201014000036/0001352010-14-000036-index.htm",
    "finalLink": "https://www.sec.gov/Archives/edgar/data/1352010/000135201014000036/epam-2014630x10q.htm"
  },
  {
    "date": "2014-03-31",
    "symbol": "EPAM",
    "reportedCurrency": "USD",
    "cik": "0001352010",
    "fillingDate": "2014-05-07",
    "acceptedDate": "2014-05-07 17:20:19",
    "calendarYear": "2014",
    "period": "Q1",
    "revenue": 160384000,
    "costOfRevenue": 102454000,
    "grossProfit": 57930000,
    "grossProfitRatio": 0.3611956305,
    "researchAndDevelopmentExpenses": 0,
    "generalAndAdministrativeExpenses": 32359000,
    "sellingAndMarketingExpenses": 0,
    "sellingGeneralAndAdministrativeExpenses": 32359000,
    "otherExpenses": 3714000,
    "operatingExpenses": 36073000,
    "costAndExpenses": 138527000,
    "interestIncome": 0,
    "interestExpense": 0,
    "depreciationAndAmortization": 3689000,
    "ebitda": 25546000,
    "ebitdaratio": 0.1592802275,
    "operatingIncome": 21857000,
    "operatingIncomeRatio": 0.13627918,
    "totalOtherIncomeExpensesNet": -265000,
    "incomeBeforeTax": 21592000,
    "incomeBeforeTaxRatio": 0.1346268955,
    "incomeTaxExpense": 4228000,
    "netIncome": 17364000,
    "netIncomeRatio": 0.1082651636,
    "eps": 0.37,
    "epsdiluted": 0.35,
    "weightedAverageShsOut": 46797000,
    "weightedAverageShsOutDil": 49207000,
    "link": "https://www.sec.gov/Archives/edgar/data/1352010/000135201014000024/0001352010-14-000024-index.htm",
    "finalLink": "https://www.sec.gov/Archives/edgar/data/1352010/000135201014000024/form10q.htm"
  },
  {
    "date": "2013-12-31",
    "symbol": "EPAM",
    "reportedCurrency": "USD",
    "cik": "0001352010",
    "fillingDate": "2014-03-11",
    "acceptedDate": "2014-03-10 19:16:05",
    "calendarYear": "2013",
    "period": "Q4",
    "revenue": 157585000,
    "costOfRevenue": 97627000,
    "grossProfit": 59958000,
    "grossProfitRatio": 0.3804803757,
    "researchAndDevelopmentExpenses": 0,
    "generalAndAdministrativeExpenses": 32980000,
    "sellingAndMarketingExpenses": 0,
    "sellingGeneralAndAdministrativeExpenses": 32980000,
    "otherExpenses": 3786000,
    "operatingExpenses": 36766000,
    "costAndExpenses": 134393000,
    "interestIncome": 0,
    "interestExpense": 0,
    "depreciationAndAmortization": 3743000,
    "ebitda": 26935000,
    "ebitdaratio": 0.1709236285,
    "operatingIncome": 23192000,
    "operatingIncomeRatio": 0.1471713678,
    "totalOtherIncomeExpensesNet": 120000,
    "incomeBeforeTax": 23312000,
    "incomeBeforeTaxRatio": 0.1479328616,
    "incomeTaxExpense": 4553000,
    "netIncome": 18759000,
    "netIncomeRatio": 0.1190405178,
    "eps": 0.4,
    "epsdiluted": 0.38,
    "weightedAverageShsOut": 46532000,
    "weightedAverageShsOutDil": 49066000,
    "link": "https://www.sec.gov/Archives/edgar/data/1352010/000135201014000007/0001352010-14-000007-index.htm",
    "finalLink": "https://www.sec.gov/Archives/edgar/data/1352010/000135201014000007/form10k.htm"
  },
  {
    "date": "2013-09-30",
    "symbol": "EPAM",
    "reportedCurrency": "USD",
    "cik": "0001352010",
    "fillingDate": "2013-11-08",
    "acceptedDate": "2013-11-08 16:31:45",
    "calendarYear": "2013",
    "period": "Q3",
    "revenue": 140150000,
    "costOfRevenue": 88539000,
    "grossProfit": 51611000,
    "grossProfitRatio": 0.3682554406,
    "researchAndDevelopmentExpenses": 0,
    "generalAndAdministrativeExpenses": 27893000,
    "sellingAndMarketingExpenses": 0,
    "sellingGeneralAndAdministrativeExpenses": 27893000,
    "otherExpenses": 3488000,
    "operatingExpenses": 31381000,
    "costAndExpenses": 119920000,
    "interestIncome": 0,
    "interestExpense": 0,
    "depreciationAndAmortization": 3906000,
    "ebitda": 24136000,
    "ebitdaratio": 0.1722154834,
    "operatingIncome": 20230000,
    "operatingIncomeRatio": 0.1443453443,
    "totalOtherIncomeExpensesNet": 126000,
    "incomeBeforeTax": 20356000,
    "incomeBeforeTaxRatio": 0.145244381,
    "incomeTaxExpense": 3919000,
    "netIncome": 16437000,
    "netIncomeRatio": 0.1172814841,
    "eps": 0.36,
    "epsdiluted": 0.34,
    "weightedAverageShsOut": 46162000,
    "weightedAverageShsOutDil": 48720000,
    "link": "https://www.sec.gov/Archives/edgar/data/1352010/000135201013000010/0001352010-13-000010-index.htm",
    "finalLink": "https://www.sec.gov/Archives/edgar/data/1352010/000135201013000010/form10q.htm"
  },
  {
    "date": "2013-06-30",
    "symbol": "EPAM",
    "reportedCurrency": "USD",
    "cik": "0001352010",
    "fillingDate": "2013-08-14",
    "acceptedDate": "2013-08-13 21:43:03",
    "calendarYear": "2013",
    "period": "Q2",
    "revenue": 133184000,
    "costOfRevenue": 83547000,
    "grossProfit": 49637000,
    "grossProfitRatio": 0.3726949183,
    "researchAndDevelopmentExpenses": 0,
    "generalAndAdministrativeExpenses": 28541000,
    "sellingAndMarketingExpenses": 0,
    "sellingGeneralAndAdministrativeExpenses": 28541000,
    "otherExpenses": 3561000,
    "operatingExpenses": 32102000,
    "costAndExpenses": 115649000,
    "interestIncome": 0,
    "interestExpense": 0,
    "depreciationAndAmortization": 3854000,
    "ebitda": 21389000,
    "ebitdaratio": 0.1605973691,
    "operatingIncome": 17535000,
    "operatingIncomeRatio": 0.1316599592,
    "totalOtherIncomeExpensesNet": -100000,
    "incomeBeforeTax": 17435000,
    "incomeBeforeTaxRatio": 0.1309091182,
    "incomeTaxExpense": 3317000,
    "netIncome": 14118000,
    "netIncomeRatio": 0.1060037242,
    "eps": 0.31,
    "epsdiluted": 0.29,
    "weightedAverageShsOut": 45486000,
    "weightedAverageShsOutDil": 47977000,
    "link": "https://www.sec.gov/Archives/edgar/data/1352010/000114036113032214/0001140361-13-032214-index.htm",
    "finalLink": "https://www.sec.gov/Archives/edgar/data/1352010/000114036113032214/form10q.htm"
  },
  {
    "date": "2013-03-31",
    "symbol": "EPAM",
    "reportedCurrency": "USD",
    "cik": "0001352010",
    "fillingDate": "2013-05-10",
    "acceptedDate": "2013-05-10 16:24:24",
    "calendarYear": "2013",
    "period": "Q1",
    "revenue": 124198000,
    "costOfRevenue": 77937000,
    "grossProfit": 46261000,
    "grossProfitRatio": 0.3724778177,
    "researchAndDevelopmentExpenses": 0,
    "generalAndAdministrativeExpenses": 27083000,
    "sellingAndMarketingExpenses": 0,
    "sellingGeneralAndAdministrativeExpenses": 27083000,
    "otherExpenses": 3642000,
    "operatingExpenses": 30725000,
    "costAndExpenses": 108662000,
    "interestIncome": 0,
    "interestExpense": 0,
    "depreciationAndAmortization": 3617000,
    "ebitda": 19153000,
    "ebitdaratio": 0.1542134334,
    "operatingIncome": 15536000,
    "operatingIncomeRatio": 0.1250905812,
    "totalOtherIncomeExpensesNet": 131000,
    "incomeBeforeTax": 15667000,
    "incomeBeforeTaxRatio": 0.1261453486,
    "incomeTaxExpense": 2987000,
    "netIncome": 12680000,
    "netIncomeRatio": 0.1020950418,
    "eps": 0.28,
    "epsdiluted": 0.27,
    "weightedAverageShsOut": 44812000,
    "weightedAverageShsOutDil": 47646000,
    "link": "https://www.sec.gov/Archives/edgar/data/1352010/000119312513214279/0001193125-13-214279-index.htm",
    "finalLink": "https://www.sec.gov/Archives/edgar/data/1352010/000119312513214279/d511355d10q.htm"
  },
  {
    "date": "2012-12-31",
    "symbol": "EPAM",
    "reportedCurrency": "USD",
    "cik": "0001352010",
    "fillingDate": "2013-03-11",
    "acceptedDate": "2013-03-11 17:24:08",
    "calendarYear": "2012",
    "period": "Q4",
    "revenue": 125538000,
    "costOfRevenue": 77284000,
    "grossProfit": 48254000,
    "grossProfitRatio": 0.3843776386,
    "researchAndDevelopmentExpenses": 0,
    "generalAndAdministrativeExpenses": 26377000,
    "sellingAndMarketingExpenses": 0,
    "sellingGeneralAndAdministrativeExpenses": 26377000,
    "otherExpenses": 3221000,
    "operatingExpenses": 29598000,
    "costAndExpenses": 106882000,
    "interestIncome": 0,
    "interestExpense": 0,
    "depreciationAndAmortization": 3208000,
    "ebitda": 21864000,
    "ebitdaratio": 0.174162405,
    "operatingIncome": 18656000,
    "operatingIncomeRatio": 0.1486083895,
    "totalOtherIncomeExpensesNet": 384000,
    "incomeBeforeTax": 19040000,
    "incomeBeforeTaxRatio": 0.1516672243,
    "incomeTaxExpense": 4041000,
    "netIncome": 14999000,
    "netIncomeRatio": 0.1194777677,
    "eps": 0.35,
    "epsdiluted": 0.32,
    "weightedAverageShsOut": 43294000,
    "weightedAverageShsOutDil": 46604000,
    "link": "https://www.sec.gov/Archives/edgar/data/1352010/000119312513101372/0001193125-13-101372-index.htm",
    "finalLink": "https://www.sec.gov/Archives/edgar/data/1352010/000119312513101372/d445062d10k.htm"
  },
  {
    "date": "2012-09-30",
    "symbol": "EPAM",
    "reportedCurrency": "USD",
    "cik": "0001352010",
    "fillingDate": "2012-11-13",
    "acceptedDate": "2012-11-13 08:07:13",
    "calendarYear": "2012",
    "period": "Q3",
    "revenue": 110078000,
    "costOfRevenue": 69099000,
    "grossProfit": 40979000,
    "grossProfitRatio": 0.3722723887,
    "researchAndDevelopmentExpenses": 0,
    "generalAndAdministrativeExpenses": 21153000,
    "sellingAndMarketingExpenses": 0,
    "sellingGeneralAndAdministrativeExpenses": 21153000,
    "otherExpenses": 3090000,
    "operatingExpenses": 24243000,
    "costAndExpenses": 93342000,
    "interestIncome": 486000,
    "interestExpense": 0,
    "depreciationAndAmortization": 3040000,
    "ebitda": 19776000,
    "ebitdaratio": 0.1796544269,
    "operatingIncome": 16736000,
    "operatingIncomeRatio": 0.152037646,
    "totalOtherIncomeExpensesNet": -149000,
    "incomeBeforeTax": 16587000,
    "incomeBeforeTaxRatio": 0.1506840604,
    "incomeTaxExpense": 2522000,
    "netIncome": 14065000,
    "netIncomeRatio": 0.1277730337,
    "eps": 0.33,
    "epsdiluted": 0.3,
    "weightedAverageShsOut": 42952000,
    "weightedAverageShsOutDil": 46501000,
    "link": "https://www.sec.gov/Archives/edgar/data/1352010/000119312512465687/0001193125-12-465687-index.htm",
    "finalLink": "https://www.sec.gov/Archives/edgar/data/1352010/000119312512465687/d417301d10q.htm"
  },
  {
    "date": "2012-06-30",
    "symbol": "EPAM",
    "reportedCurrency": "USD",
    "cik": "0001352010",
    "fillingDate": "2012-08-09",
    "acceptedDate": "2012-08-09 17:15:37",
    "calendarYear": "2012",
    "period": "Q2",
    "revenue": 103800000,
    "costOfRevenue": 63803000,
    "grossProfit": 39997000,
    "grossProfitRatio": 0.385327553,
    "researchAndDevelopmentExpenses": 0,
    "generalAndAdministrativeExpenses": 20711000,
    "sellingAndMarketingExpenses": 0,
    "sellingGeneralAndAdministrativeExpenses": 20711000,
    "otherExpenses": 2456000,
    "operatingExpenses": 23167000,
    "costAndExpenses": 86970000,
    "interestIncome": 0,
    "interestExpense": 0,
    "depreciationAndAmortization": 2423000,
    "ebitda": 19253000,
    "ebitdaratio": 0.1854816956,
    "operatingIncome": 16830000,
    "operatingIncomeRatio": 0.1621387283,
    "totalOtherIncomeExpensesNet": -934000,
    "incomeBeforeTax": 15896000,
    "incomeBeforeTaxRatio": 0.1531406551,
    "incomeTaxExpense": 2575000,
    "netIncome": 13321000,
    "netIncomeRatio": 0.1283333333,
    "eps": 0.31,
    "epsdiluted": 0.29,
    "weightedAverageShsOut": 42475000,
    "weightedAverageShsOutDil": 46382000,
    "link": "https://www.sec.gov/Archives/edgar/data/1352010/000119312512347935/0001193125-12-347935-index.htm",
    "finalLink": "https://www.sec.gov/Archives/edgar/data/1352010/000119312512347935/d373796d10q.htm"
  },
  {
    "date": "2012-03-31",
    "symbol": "EPAM",
    "reportedCurrency": "USD",
    "cik": "0001352010",
    "fillingDate": "2012-05-09",
    "acceptedDate": "2012-05-09 17:24:33",
    "calendarYear": "2012",
    "period": "Q1",
    "revenue": 94383000,
    "costOfRevenue": 60175000,
    "grossProfit": 34208000,
    "grossProfitRatio": 0.3624381509,
    "researchAndDevelopmentExpenses": 0,
    "generalAndAdministrativeExpenses": 17627000,
    "sellingAndMarketingExpenses": 0,
    "sellingGeneralAndAdministrativeExpenses": 17627000,
    "otherExpenses": 2797000,
    "operatingExpenses": 20424000,
    "costAndExpenses": 80599000,
    "interestIncome": 0,
    "interestExpense": 0,
    "depreciationAndAmortization": 2211000,
    "ebitda": 15995000,
    "ebitdaratio": 0.1694690781,
    "operatingIncome": 13784000,
    "operatingIncomeRatio": 0.1460432493,
    "totalOtherIncomeExpensesNet": 556000,
    "incomeBeforeTax": 14340000,
    "incomeBeforeTaxRatio": 0.1519341407,
    "incomeTaxExpense": 2241000,
    "netIncome": 12099000,
    "netIncomeRatio": 0.128190458,
    "eps": 0.3,
    "epsdiluted": 0.27,
    "weightedAverageShsOut": 30197000,
    "weightedAverageShsOutDil": 33957000,
    "link": "https://www.sec.gov/Archives/edgar/data/1352010/000119312512222496/0001193125-12-222496-index.htm",
    "finalLink": "https://www.sec.gov/Archives/edgar/data/1352010/000119312512222496/d336193d10q.htm"
  },
  {
    "date": "2011-12-31",
    "symbol": "EPAM",
    "reportedCurrency": "USD",
    "cik": "0001352010",
    "fillingDate": "2012-03-30",
    "acceptedDate": "2012-03-30 15:31:06",
    "calendarYear": "2011",
    "period": "Q4",
    "revenue": 95127000,
    "costOfRevenue": 59388000,
    "grossProfit": 35739000,
    "grossProfitRatio": 0.3756977514,
    "researchAndDevelopmentExpenses": 0,
    "generalAndAdministrativeExpenses": 0,
    "sellingAndMarketingExpenses": 0,
    "sellingGeneralAndAdministrativeExpenses": 18510000,
    "otherExpenses": 1802000,
    "operatingExpenses": 20312000,
    "costAndExpenses": 79700000,
    "interestIncome": 329000,
    "interestExpense": 0,
    "depreciationAndAmortization": 1806000,
    "ebitda": 17155000,
    "ebitdaratio": 0.1803378641,
    "operatingIncome": 15427000,
    "operatingIncomeRatio": 0.1621726744,
    "totalOtherIncomeExpensesNet": -78000,
    "incomeBeforeTax": 15349000,
    "incomeBeforeTaxRatio": 0.1613527179,
    "incomeTaxExpense": 2965000,
    "netIncome": 12384000,
    "netIncomeRatio": 0.1301838595,
    "eps": 0.72,
    "epsdiluted": 0.72,
    "weightedAverageShsOut": 17124000,
    "weightedAverageShsOutDil": 17124000,
    "link": "https://www.sec.gov/Archives/edgar/data/1352010/000119312512143392/0001193125-12-143392-index.htm",
    "finalLink": "https://www.sec.gov/Archives/edgar/data/1352010/000119312512143392/d319550d10k.htm"
  },
  {
    "date": "2011-09-30",
    "symbol": "EPAM",
    "reportedCurrency": "USD",
    "cik": "0001352010",
    "fillingDate": "2011-09-30",
    "acceptedDate": "2011-09-29 20:00:00",
    "calendarYear": "2011",
    "period": "Q3",
    "revenue": 86423000,
    "costOfRevenue": 51627000,
    "grossProfit": 34796000,
    "grossProfitRatio": 0.4026243014,
    "researchAndDevelopmentExpenses": 0,
    "generalAndAdministrativeExpenses": 0,
    "sellingAndMarketingExpenses": 0,
    "sellingGeneralAndAdministrativeExpenses": 15822000,
    "otherExpenses": 2083000,
    "operatingExpenses": 17905000,
    "costAndExpenses": 69532000,
    "interestIncome": 385000,
    "interestExpense": 0,
    "depreciationAndAmortization": 2083000,
    "ebitda": 18974000,
    "ebitdaratio": 0.219548037,
    "operatingIncome": 16891000,
    "operatingIncomeRatio": 0.1954456568,
    "totalOtherIncomeExpensesNet": -1916000,
    "incomeBeforeTax": 14975000,
    "incomeBeforeTaxRatio": 0.1732756326,
    "incomeTaxExpense": 1025000,
    "netIncome": 13950000,
    "netIncomeRatio": 0.161415364,
    "eps": 0.36,
    "epsdiluted": 0.33,
    "weightedAverageShsOut": 17124000,
    "weightedAverageShsOutDil": 20656000,
    "link": "",
    "finalLink": ""
  },
  {
    "date": "2011-06-30",
    "symbol": "EPAM",
    "reportedCurrency": "USD",
    "cik": "0001352010",
    "fillingDate": "2011-06-30",
    "acceptedDate": "2011-06-29 20:00:00",
    "calendarYear": "2011",
    "period": "Q2",
    "revenue": 80176000,
    "costOfRevenue": 48816000,
    "grossProfit": 31360000,
    "grossProfitRatio": 0.3911394931,
    "researchAndDevelopmentExpenses": 0,
    "generalAndAdministrativeExpenses": 0,
    "sellingAndMarketingExpenses": 0,
    "sellingGeneralAndAdministrativeExpenses": 16805000,
    "otherExpenses": 3677000,
    "operatingExpenses": 20482000,
    "costAndExpenses": 69298000,
    "interestIncome": 0,
    "interestExpense": 0,
    "depreciationAndAmortization": 1959000,
    "ebitda": 14534000,
    "ebitdaratio": 0.1812761924,
    "operatingIncome": 10878000,
    "operatingIncomeRatio": 0.1356765117,
    "totalOtherIncomeExpensesNet": -275000,
    "incomeBeforeTax": 10603000,
    "incomeBeforeTaxRatio": 0.1322465576,
    "incomeTaxExpense": 2326000,
    "netIncome": 8277000,
    "netIncomeRatio": 0.1032353822,
    "eps": -0.41,
    "epsdiluted": -0.41,
    "weightedAverageShsOut": 17056000,
    "weightedAverageShsOutDil": 20300000,
    "link": "",
    "finalLink": ""
  },
  {
    "date": "2011-03-31",
    "symbol": "EPAM",
    "reportedCurrency": "USD",
    "cik": "0001352010",
    "fillingDate": "2011-03-31",
    "acceptedDate": "2011-03-30 20:00:00",
    "calendarYear": "2011",
    "period": "Q1",
    "revenue": 72802000,
    "costOfRevenue": 45505000,
    "grossProfit": 27297000,
    "grossProfitRatio": 0.3749484904,
    "researchAndDevelopmentExpenses": 0,
    "generalAndAdministrativeExpenses": 0,
    "sellingAndMarketingExpenses": 0,
    "sellingGeneralAndAdministrativeExpenses": 13793000,
    "otherExpenses": 1692000,
    "operatingExpenses": 15485000,
    "costAndExpenses": 60990000,
    "interestIncome": 189000,
    "interestExpense": 2000,
    "depreciationAndAmortization": 1690000,
    "ebitda": 13502000,
    "ebitdaratio": 0.1854619379,
    "operatingIncome": 11812000,
    "operatingIncomeRatio": 0.1622482899,
    "totalOtherIncomeExpensesNet": 53000,
    "incomeBeforeTax": 11865000,
    "incomeBeforeTaxRatio": 0.1629762919,
    "incomeTaxExpense": 2123000,
    "netIncome": 9742000,
    "netIncomeRatio": 0.1338150051,
    "eps": 0.19,
    "epsdiluted": 0.18,
    "weightedAverageShsOut": 17054000,
    "weightedAverageShsOutDil": 19381000,
    "link": "",
    "finalLink": ""
  },
  {
    "date": "2010-12-31",
    "symbol": "EPAM",
    "reportedCurrency": "USD",
    "cik": "0001352010",
    "fillingDate": "2010-12-31",
    "acceptedDate": "2010-12-30 19:00:00",
    "calendarYear": "2010",
    "period": "Q4",
    "revenue": 70774000,
    "costOfRevenue": 40125000,
    "grossProfit": 30649000,
    "grossProfitRatio": 0.4330545115,
    "researchAndDevelopmentExpenses": 0,
    "generalAndAdministrativeExpenses": 0,
    "sellingAndMarketingExpenses": 0,
    "sellingGeneralAndAdministrativeExpenses": 16061000,
    "otherExpenses": 1738000,
    "operatingExpenses": 17799000,
    "costAndExpenses": 57924000,
    "interestIncome": 80000,
    "interestExpense": 12000,
    "depreciationAndAmortization": 1723000,
    "ebitda": 13901000,
    "ebitdaratio": 0.1964139373,
    "operatingIncome": 12850000,
    "operatingIncomeRatio": 0.1815638511,
    "totalOtherIncomeExpensesNet": -684000,
    "incomeBeforeTax": 12166000,
    "incomeBeforeTaxRatio": 0.171899285,
    "incomeTaxExpense": 536000,
    "netIncome": 11630000,
    "netIncomeRatio": 0.1643258824,
    "eps": 0.68,
    "epsdiluted": 0.68,
    "weightedAverageShsOut": 17142000,
    "weightedAverageShsOutDil": 17142000,
    "link": "",
    "finalLink": ""
  },
  {
    "date": "2010-09-30",
    "symbol": "EPAM",
    "reportedCurrency": "USD",
    "cik": "0001352010",
    "fillingDate": "2010-09-30",
    "acceptedDate": "2010-09-29 20:00:00",
    "calendarYear": "2010",
    "period": "Q3",
    "revenue": 59072000,
    "costOfRevenue": 37214000,
    "grossProfit": 21858000,
    "grossProfitRatio": 0.3700230228,
    "researchAndDevelopmentExpenses": 0,
    "generalAndAdministrativeExpenses": 0,
    "sellingAndMarketingExpenses": 0,
    "sellingGeneralAndAdministrativeExpenses": 10307000,
    "otherExpenses": 4161000,
    "operatingExpenses": 14468000,
    "costAndExpenses": 51682000,
    "interestIncome": 175000,
    "interestExpense": 4000,
    "depreciationAndAmortization": 1526000,
    "ebitda": 9212000,
    "ebitdaratio": 0.1559452871,
    "operatingIncome": 7390000,
    "operatingIncomeRatio": 0.125101571,
    "totalOtherIncomeExpensesNet": 292000,
    "incomeBeforeTax": 7682000,
    "incomeBeforeTaxRatio": 0.1300446912,
    "incomeTaxExpense": 1617000,
    "netIncome": 6065000,
    "netIncomeRatio": 0.1026713164,
    "eps": 0.35,
    "epsdiluted": 0.35,
    "weightedAverageShsOut": 17142000,
    "weightedAverageShsOutDil": 17142000,
    "link": "",
    "finalLink": ""
  },
  {
    "date": "2010-06-30",
    "symbol": "EPAM",
    "reportedCurrency": "USD",
    "cik": "0001352010",
    "fillingDate": "2010-06-30",
    "acceptedDate": "2010-06-29 20:00:00",
    "calendarYear": "2010",
    "period": "Q2",
    "revenue": 49971000,
    "costOfRevenue": 29003000,
    "grossProfit": 20968000,
    "grossProfitRatio": 0.41960337,
    "researchAndDevelopmentExpenses": 0,
    "generalAndAdministrativeExpenses": 0,
    "sellingAndMarketingExpenses": 0,
    "sellingGeneralAndAdministrativeExpenses": 10673000,
    "otherExpenses": 1492000,
    "operatingExpenses": 12165000,
    "costAndExpenses": 41168000,
    "interestIncome": 199000,
    "interestExpense": 11000,
    "depreciationAndAmortization": 1552000,
    "ebitda": 9586000,
    "ebitdaratio": 0.1918312621,
    "operatingIncome": 8803000,
    "operatingIncomeRatio": 0.1761621741,
    "totalOtherIncomeExpensesNet": -780000,
    "incomeBeforeTax": 8023000,
    "incomeBeforeTaxRatio": 0.1605531208,
    "incomeTaxExpense": 598000,
    "netIncome": 7425000,
    "netIncomeRatio": 0.14858618,
    "eps": 0.43,
    "epsdiluted": 0.43,
    "weightedAverageShsOut": 17142000,
    "weightedAverageShsOutDil": 17142000,
    "link": "",
    "finalLink": ""
  },
  {
    "date": "2010-03-31",
    "symbol": "EPAM",
    "reportedCurrency": "USD",
    "cik": "0001352010",
    "fillingDate": "2010-03-31",
    "acceptedDate": "2010-03-30 20:00:00",
    "calendarYear": "2010",
    "period": "Q1",
    "revenue": 42007000,
    "costOfRevenue": 26186000,
    "grossProfit": 15821000,
    "grossProfitRatio": 0.3766277049,
    "researchAndDevelopmentExpenses": 0,
    "generalAndAdministrativeExpenses": 0,
    "sellingAndMarketingExpenses": 0,
    "sellingGeneralAndAdministrativeExpenses": 10594000,
    "otherExpenses": 1480000,
    "operatingExpenses": 12074000,
    "costAndExpenses": 38260000,
    "interestIncome": 108000,
    "interestExpense": 49000,
    "depreciationAndAmortization": 1441000,
    "ebitda": 4714000,
    "ebitdaratio": 0.112219392,
    "operatingIncome": 3747000,
    "operatingIncomeRatio": 0.0891994191,
    "totalOtherIncomeExpensesNet": -523000,
    "incomeBeforeTax": 3224000,
    "incomeBeforeTaxRatio": 0.0767491132,
    "incomeTaxExpense": 36000,
    "netIncome": 3188000,
    "netIncomeRatio": 0.0758921132,
    "eps": 0.19,
    "epsdiluted": 0.15,
    "weightedAverageShsOut": 17142000,
    "weightedAverageShsOutDil": 21424000,
    "link": "",
    "finalLink": ""
  }
]