[
  {
    "date": "2025-06-30",
    "symbol": "EQIX",
    "reportedCurrency": "USD",
    "cik": "0001101239",
    "fillingDate": "2025-07-30",
    "acceptedDate": "2025-07-30 16:17:18",
    "calendarYear": "2025",
    "period": "Q2",
    "revenue": 2256000000,
    "costOfRevenue": 1084000000,
    "grossProfit": 1172000000,
    "grossProfitRatio": 0.5195035461,
    "researchAndDevelopmentExpenses": 0,
    "generalAndAdministrativeExpenses": 451000000,
    "sellingAndMarketingExpenses": 221000000,
    "sellingGeneralAndAdministrativeExpenses": 672000000,
    "otherExpenses": 6000000,
    "operatingExpenses": 678000000,
    "costAndExpenses": 1762000000,
    "interestIncome": 52000000,
    "interestExpense": 135000000,
    "depreciationAndAmortization": 499000000,
    "ebitda": 1039000000,
    "ebitdaratio": 0.4605496454,
    "operatingIncome": 494000000,
    "operatingIncomeRatio": 0.2189716312,
    "totalOtherIncomeExpensesNet": -89000000,
    "incomeBeforeTax": 405000000,
    "incomeBeforeTaxRatio": 0.1795212766,
    "incomeTaxExpense": 38000000,
    "netIncome": 368000000,
    "netIncomeRatio": 0.1631205674,
    "eps": 3.76,
    "epsdiluted": 3.75,
    "weightedAverageShsOut": 97835000,
    "weightedAverageShsOutDil": 98050000,
    "link": "https://www.sec.gov/Archives/edgar/data/1101239/000110123925000029/0001101239-25-000029-index.htm",
    "finalLink": "https://www.sec.gov/Archives/edgar/data/1101239/000110123925000029/eqix-20250630.htm"
  },
  {
    "date": "2025-03-31",
    "symbol": "EQIX",
    "reportedCurrency": "USD",
    "cik": "0001101239",
    "fillingDate": "2025-04-30",
    "acceptedDate": "2025-04-30 16:14:04",
    "calendarYear": "2025",
    "period": "Q1",
    "revenue": 2225000000,
    "costOfRevenue": 1084000000,
    "grossProfit": 1141000000,
    "grossProfitRatio": 0.5128089888,
    "researchAndDevelopmentExpenses": 0,
    "generalAndAdministrativeExpenses": 438000000,
    "sellingAndMarketingExpenses": 229000000,
    "sellingGeneralAndAdministrativeExpenses": 667000000,
    "otherExpenses": 16000000,
    "operatingExpenses": 683000000,
    "costAndExpenses": 1767000000,
    "interestIncome": 47000000,
    "interestExpense": 122000000,
    "depreciationAndAmortization": 479000000,
    "ebitda": 993000000,
    "ebitdaratio": 0.4462921348,
    "operatingIncome": 458000000,
    "operatingIncomeRatio": 0.2058426966,
    "totalOtherIncomeExpensesNet": -66000000,
    "incomeBeforeTax": 392000000,
    "incomeBeforeTaxRatio": 0.1761797753,
    "incomeTaxExpense": 49000000,
    "netIncome": 343000000,
    "netIncomeRatio": 0.1541573034,
    "eps": 3.52,
    "epsdiluted": 3.5,
    "weightedAverageShsOut": 97514000,
    "weightedAverageShsOutDil": 97887000,
    "link": "https://www.sec.gov/Archives/edgar/data/1101239/000162828025021086/0001628280-25-021086-index.htm",
    "finalLink": "https://www.sec.gov/Archives/edgar/data/1101239/000162828025021086/eqix-20250331.htm"
  },
  {
    "date": "2024-12-31",
    "symbol": "EQIX",
    "reportedCurrency": "USD",
    "cik": "0001101239",
    "fillingDate": "2025-02-12",
    "acceptedDate": "2025-02-12 16:15:31",
    "calendarYear": "2024",
    "period": "Q4",
    "revenue": 2261000000,
    "costOfRevenue": 1196000000,
    "grossProfit": 1065000000,
    "grossProfitRatio": 0.4710305175,
    "researchAndDevelopmentExpenses": 0,
    "generalAndAdministrativeExpenses": 451000000,
    "sellingAndMarketingExpenses": 209000000,
    "sellingGeneralAndAdministrativeExpenses": 660000000,
    "otherExpenses": 302000000,
    "operatingExpenses": 962000000,
    "costAndExpenses": 2158000000,
    "interestIncome": 49000000,
    "interestExpense": 126000000,
    "depreciationAndAmortization": 498000000,
    "ebitda": 624000000,
    "ebitdaratio": 0.2759840778,
    "operatingIncome": 103000000,
    "operatingIncomeRatio": 0.0455550641,
    "totalOtherIncomeExpensesNet": -103000000,
    "incomeBeforeTax": 0,
    "incomeBeforeTaxRatio": 0,
    "incomeTaxExpense": 14000000,
    "netIncome": -14000000,
    "netIncomeRatio": -0.0061919505,
    "eps": -0.14,
    "epsdiluted": -0.14,
    "weightedAverageShsOut": 96849000,
    "weightedAverageShsOutDil": 96849000,
    "link": "https://www.sec.gov/Archives/edgar/data/1101239/000162828025005126/0001628280-25-005126-index.htm",
    "finalLink": "https://www.sec.gov/Archives/edgar/data/1101239/000162828025005126/eqix-20241231.htm"
  },
  {
    "date": "2024-09-30",
    "symbol": "EQIX",
    "reportedCurrency": "USD",
    "cik": "0001101239",
    "fillingDate": "2024-10-30",
    "acceptedDate": "2024-10-30 17:07:37",
    "calendarYear": "2024",
    "period": "Q3",
    "revenue": 2201000000,
    "costOfRevenue": 1098000000,
    "grossProfit": 1103000000,
    "grossProfitRatio": 0.5011358473,
    "researchAndDevelopmentExpenses": 0,
    "generalAndAdministrativeExpenses": 434000000,
    "sellingAndMarketingExpenses": 237000000,
    "sellingGeneralAndAdministrativeExpenses": 671000000,
    "otherExpenses": 7000000,
    "operatingExpenses": 678000000,
    "costAndExpenses": 1776000000,
    "interestIncome": 35000000,
    "interestExpense": 117000000,
    "depreciationAndAmortization": 496000000,
    "ebitda": 963000000,
    "ebitdaratio": 0.4375283962,
    "operatingIncome": 425000000,
    "operatingIncomeRatio": 0.1930940482,
    "totalOtherIncomeExpensesNet": -75000000,
    "incomeBeforeTax": 350000000,
    "incomeBeforeTaxRatio": 0.1590186279,
    "incomeTaxExpense": 54000000,
    "netIncome": 297000000,
    "netIncomeRatio": 0.1349386642,
    "eps": 3.11,
    "epsdiluted": 3.1,
    "weightedAverageShsOut": 95394000,
    "weightedAverageShsOutDil": 95394000,
    "link": "https://www.sec.gov/Archives/edgar/data/1101239/000162828024044355/0001628280-24-044355-index.htm",
    "finalLink": "https://www.sec.gov/Archives/edgar/data/1101239/000162828024044355/eqix-20240930.htm"
  },
  {
    "date": "2024-06-30",
    "symbol": "EQIX",
    "reportedCurrency": "USD",
    "cik": "0001101239",
    "fillingDate": "2024-06-30",
    "acceptedDate": "2024-06-30 12:01:27",
    "calendarYear": "2024",
    "period": "Q2",
    "revenue": 2159000000,
    "costOfRevenue": 1082000000,
    "grossProfit": 1077000000,
    "grossProfitRatio": 0.4988420565,
    "researchAndDevelopmentExpenses": 0,
    "generalAndAdministrativeExpenses": 437000000,
    "sellingAndMarketingExpenses": 219000000,
    "sellingGeneralAndAdministrativeExpenses": 656000000,
    "otherExpenses": -15000000,
    "operatingExpenses": 641000000,
    "costAndExpenses": 1723000000,
    "interestIncome": 29000000,
    "interestExpense": 110000000,
    "depreciationAndAmortization": 489000000,
    "ebitda": 947000000,
    "ebitdaratio": 0.4386289949,
    "operatingIncome": 436000000,
    "operatingIncomeRatio": 0.2019453451,
    "totalOtherIncomeExpensesNet": -88000000,
    "incomeBeforeTax": 348000000,
    "incomeBeforeTaxRatio": 0.1611857341,
    "incomeTaxExpense": 47000000,
    "netIncome": 301000000,
    "netIncomeRatio": 0.1394163965,
    "eps": 3.16,
    "epsdiluted": 3.16,
    "weightedAverageShsOut": 95166000,
    "weightedAverageShsOutDil": 95166000,
    "link": "https://www.sec.gov/ix?doc=/Archives/edgar/data/1101239/000162828024035638/eqix-20240630.htm",
    "finalLink": "https://www.sec.gov/ix?doc=/Archives/edgar/data/1101239/000162828024035638/eqix-20240630.htm"
  },
  {
    "date": "2024-03-31",
    "symbol": "EQIX",
    "reportedCurrency": "USD",
    "cik": "0001101239",
    "fillingDate": "2024-05-08",
    "acceptedDate": "2024-05-08 16:01:27",
    "calendarYear": "2024",
    "period": "Q1",
    "revenue": 2127000000,
    "costOfRevenue": 1091000000,
    "grossProfit": 1036000000,
    "grossProfitRatio": 0.487070992,
    "researchAndDevelopmentExpenses": 0,
    "generalAndAdministrativeExpenses": 444000000,
    "sellingAndMarketingExpenses": 226000000,
    "sellingGeneralAndAdministrativeExpenses": 670000000,
    "otherExpenses": 2000000,
    "operatingExpenses": 672000000,
    "costAndExpenses": 1763000000,
    "interestIncome": 24000000,
    "interestExpense": 104000000,
    "depreciationAndAmortization": 526000000,
    "ebitda": 907000000,
    "ebitdaratio": 0.4264221909,
    "operatingIncome": 364000000,
    "operatingIncomeRatio": 0.1711330512,
    "totalOtherIncomeExpensesNet": -87000000,
    "incomeBeforeTax": 277000000,
    "incomeBeforeTaxRatio": 0.1302303714,
    "incomeTaxExpense": 46000000,
    "netIncome": 231000000,
    "netIncomeRatio": 0.1086036671,
    "eps": 2.44,
    "epsdiluted": 2.43,
    "weightedAverageShsOut": 94665000,
    "weightedAverageShsOutDil": 95156000,
    "link": "https://www.sec.gov/Archives/edgar/data/1101239/000162828024021647/0001628280-24-021647-index.htm",
    "finalLink": "https://www.sec.gov/Archives/edgar/data/1101239/000162828024021647/eqix-20240331.htm"
  },
  {
    "date": "2023-12-31",
    "symbol": "EQIX",
    "reportedCurrency": "USD",
    "cik": "0001101239",
    "fillingDate": "2024-02-16",
    "acceptedDate": "2024-02-16 16:17:08",
    "calendarYear": "2023",
    "period": "Q4",
    "revenue": 2110489000,
    "costOfRevenue": 1091776000,
    "grossProfit": 1018713000,
    "grossProfitRatio": 0.4826905044,
    "researchAndDevelopmentExpenses": 0,
    "generalAndAdministrativeExpenses": 448849000,
    "sellingAndMarketingExpenses": 217603000,
    "sellingGeneralAndAdministrativeExpenses": 666452000,
    "otherExpenses": 5845000,
    "operatingExpenses": 672297000,
    "costAndExpenses": 1764073000,
    "interestIncome": 28225000,
    "interestExpense": 103183000,
    "depreciationAndAmortization": 463463000,
    "ebitda": 836948000,
    "ebitdaratio": 0.3965659143,
    "operatingIncome": 346416000,
    "operatingIncomeRatio": 0.164140159,
    "totalOtherIncomeExpensesNet": -76114000,
    "incomeBeforeTax": 270302000,
    "incomeBeforeTaxRatio": 0.1280755313,
    "incomeTaxExpense": 42825000,
    "netIncome": 227568000,
    "netIncomeRatio": 0.1078271434,
    "eps": 2.41,
    "epsdiluted": 2.4,
    "weightedAverageShsOut": 94268000,
    "weightedAverageShsOutDil": 94667000,
    "link": "https://www.sec.gov/Archives/edgar/data/1101239/000162828024005350/0001628280-24-005350-index.htm",
    "finalLink": "https://www.sec.gov/Archives/edgar/data/1101239/000162828024005350/eqix-20231231.htm"
  },
  {
    "date": "2023-09-30",
    "symbol": "EQIX",
    "reportedCurrency": "USD",
    "cik": "0001101239",
    "fillingDate": "2023-10-27",
    "acceptedDate": "2023-10-27 15:41:24",
    "calendarYear": "2023",
    "period": "Q3",
    "revenue": 2061030000,
    "costOfRevenue": 1069000000,
    "grossProfit": 992000000,
    "grossProfitRatio": 0.4813127417,
    "researchAndDevelopmentExpenses": 0,
    "generalAndAdministrativeExpenses": 404000000,
    "sellingAndMarketingExpenses": 212506000,
    "sellingGeneralAndAdministrativeExpenses": 616000000,
    "otherExpenses": -5000000,
    "operatingExpenses": 611000000,
    "costAndExpenses": 1680000000,
    "interestIncome": 23000000,
    "interestExpense": 102000000,
    "depreciationAndAmortization": 463000000,
    "ebitda": 861000000,
    "ebitdaratio": 0.4177522889,
    "operatingIncome": 381000000,
    "operatingIncomeRatio": 0.1848590268,
    "totalOtherIncomeExpensesNet": -85000000,
    "incomeBeforeTax": 296000000,
    "incomeBeforeTaxRatio": 0.1436175116,
    "incomeTaxExpense": 20000000,
    "netIncome": 275794000,
    "netIncomeRatio": 0.1338136757,
    "eps": 2.94,
    "epsdiluted": 2.93,
    "weightedAverageShsOut": 93683000,
    "weightedAverageShsOutDil": 94168000,
    "link": "https://www.sec.gov/Archives/edgar/data/1101239/000162828023035406/0001628280-23-035406-index.htm",
    "finalLink": "https://www.sec.gov/Archives/edgar/data/1101239/000162828023035406/eqix-20230930.htm"
  },
  {
    "date": "2023-06-30",
    "symbol": "EQIX",
    "reportedCurrency": "USD",
    "cik": "0001101239",
    "fillingDate": "2023-08-04",
    "acceptedDate": "2023-08-04 15:20:19",
    "calendarYear": "2023",
    "period": "Q2",
    "revenue": 2018408000,
    "costOfRevenue": 1061000000,
    "grossProfit": 958000000,
    "grossProfitRatio": 0.4746314917,
    "researchAndDevelopmentExpenses": 0,
    "generalAndAdministrativeExpenses": 406000000,
    "sellingAndMarketingExpenses": 215016000,
    "sellingGeneralAndAdministrativeExpenses": 622000000,
    "otherExpenses": 4000000,
    "operatingExpenses": 626000000,
    "costAndExpenses": 1687000000,
    "interestIncome": 24000000,
    "interestExpense": 100000000,
    "depreciationAndAmortization": 462000000,
    "ebitda": 806000000,
    "ebitdaratio": 0.3993246162,
    "operatingIncome": 332000000,
    "operatingIncomeRatio": 0.1644860702,
    "totalOtherIncomeExpensesNet": -88000000,
    "incomeBeforeTax": 244000000,
    "incomeBeforeTaxRatio": 0.1208873528,
    "incomeTaxExpense": 37000000,
    "netIncome": 207000000,
    "netIncomeRatio": 0.1025560739,
    "eps": 2.21,
    "epsdiluted": 2.21,
    "weightedAverageShsOut": 93535000,
    "weightedAverageShsOutDil": 93857000,
    "link": "https://www.sec.gov/Archives/edgar/data/1101239/000162828023027511/0001628280-23-027511-index.htm",
    "finalLink": "https://www.sec.gov/Archives/edgar/data/1101239/000162828023027511/eqix-20230630.htm"
  },
  {
    "date": "2023-03-31",
    "symbol": "EQIX",
    "reportedCurrency": "USD",
    "cik": "0001101239",
    "fillingDate": "2023-05-05",
    "acceptedDate": "2023-05-05 14:23:09",
    "calendarYear": "2023",
    "period": "Q1",
    "revenue": 1998209000,
    "costOfRevenue": 1006000000,
    "grossProfit": 992000000,
    "grossProfitRatio": 0.4964445661,
    "researchAndDevelopmentExpenses": 0,
    "generalAndAdministrativeExpenses": 395000000,
    "sellingAndMarketingExpenses": 210671000,
    "sellingGeneralAndAdministrativeExpenses": 605000000,
    "otherExpenses": 3000000,
    "operatingExpenses": 608000000,
    "costAndExpenses": 1614000000,
    "interestIncome": 19000000,
    "interestExpense": 97000000,
    "depreciationAndAmortization": 457000000,
    "ebitda": 868000000,
    "ebitdaratio": 0.4343889953,
    "operatingIncome": 384000000,
    "operatingIncomeRatio": 0.1921720901,
    "totalOtherIncomeExpensesNet": -70000000,
    "incomeBeforeTax": 314000000,
    "incomeBeforeTaxRatio": 0.1571407195,
    "incomeTaxExpense": 55000000,
    "netIncome": 259000000,
    "netIncomeRatio": 0.1296160712,
    "eps": 2.78,
    "epsdiluted": 2.77,
    "weightedAverageShsOut": 92971000,
    "weightedAverageShsOutDil": 93340000,
    "link": "https://www.sec.gov/Archives/edgar/data/1101239/000162828023016073/0001628280-23-016073-index.htm",
    "finalLink": "https://www.sec.gov/Archives/edgar/data/1101239/000162828023016073/eqix-20230331.htm"
  },
  {
    "date": "2022-12-31",
    "symbol": "EQIX",
    "reportedCurrency": "USD",
    "cik": "0001101239",
    "fillingDate": "2023-02-27",
    "acceptedDate": "2023-02-27 17:17:23",
    "calendarYear": "2022",
    "period": "Q4",
    "revenue": 1870845000,
    "costOfRevenue": 970700000,
    "grossProfit": 900145000,
    "grossProfitRatio": 0.4811435474,
    "researchAndDevelopmentExpenses": 0,
    "generalAndAdministrativeExpenses": 400183000,
    "sellingAndMarketingExpenses": 207233000,
    "sellingGeneralAndAdministrativeExpenses": 607416000,
    "otherExpenses": 10529000,
    "operatingExpenses": 617945000,
    "costAndExpenses": 1588645000,
    "interestIncome": 18462000,
    "interestExpense": 94200000,
    "depreciationAndAmortization": 437406000,
    "ebitda": 709316000,
    "ebitdaratio": 0.3791420454,
    "operatingIncome": 282200000,
    "operatingIncomeRatio": 0.1508409302,
    "totalOtherIncomeExpensesNet": -104490000,
    "incomeBeforeTax": 177710000,
    "incomeBeforeTaxRatio": 0.0949891627,
    "incomeTaxExpense": 48807000,
    "netIncome": 128763000,
    "netIncomeRatio": 0.0688261187,
    "eps": 1.39,
    "epsdiluted": 1.39,
    "weightedAverageShsOut": 92573000,
    "weightedAverageShsOutDil": 92752000,
    "link": "https://www.sec.gov/Archives/edgar/data/1101239/000162828023005277/0001628280-23-005277-index.htm",
    "finalLink": "https://www.sec.gov/Archives/edgar/data/1101239/000162828023005277/eqix-20221231.htm"
  },
  {
    "date": "2022-09-30",
    "symbol": "EQIX",
    "reportedCurrency": "USD",
    "cik": "0001101239",
    "fillingDate": "2022-11-04",
    "acceptedDate": "2022-11-04 16:20:54",
    "calendarYear": "2022",
    "period": "Q3",
    "revenue": 1840659000,
    "costOfRevenue": 934669000,
    "grossProfit": 905990000,
    "grossProfitRatio": 0.4922095836,
    "researchAndDevelopmentExpenses": 0,
    "generalAndAdministrativeExpenses": 375483000,
    "sellingAndMarketingExpenses": 193089000,
    "sellingGeneralAndAdministrativeExpenses": 568572000,
    "otherExpenses": 4259000,
    "operatingExpenses": 572831000,
    "costAndExpenses": 1507500000,
    "interestIncome": 11192000,
    "interestExpense": 91346000,
    "depreciationAndAmortization": 430192000,
    "ebitda": 767883000,
    "ebitdaratio": 0.4171783041,
    "operatingIncome": 333159000,
    "operatingIncomeRatio": 0.1809998484,
    "totalOtherIncomeExpensesNet": -86814000,
    "incomeBeforeTax": 246345000,
    "incomeBeforeTaxRatio": 0.1338352188,
    "incomeTaxExpense": 34606000,
    "netIncome": 211807000,
    "netIncomeRatio": 0.115071287,
    "eps": 2.3,
    "epsdiluted": 2.3,
    "weightedAverageShsOut": 91896000,
    "weightedAverageShsOutDil": 92135000,
    "link": "https://www.sec.gov/Archives/edgar/data/1101239/000162828022028466/0001628280-22-028466-index.htm",
    "finalLink": "https://www.sec.gov/Archives/edgar/data/1101239/000162828022028466/eqix-20220930.htm"
  },
  {
    "date": "2022-06-30",
    "symbol": "EQIX",
    "reportedCurrency": "USD",
    "cik": "0001101239",
    "fillingDate": "2022-07-29",
    "acceptedDate": "2022-07-29 15:05:05",
    "calendarYear": "2022",
    "period": "Q2",
    "revenue": 1817154000,
    "costOfRevenue": 930257000,
    "grossProfit": 886897000,
    "grossProfitRatio": 0.4880692556,
    "researchAndDevelopmentExpenses": 0,
    "generalAndAdministrativeExpenses": 370348000,
    "sellingAndMarketingExpenses": 193727000,
    "sellingGeneralAndAdministrativeExpenses": 564075000,
    "otherExpenses": 4969000,
    "operatingExpenses": 569044000,
    "costAndExpenses": 1499301000,
    "interestIncome": 4508000,
    "interestExpense": 90826000,
    "depreciationAndAmortization": 433270000,
    "ebitda": 748973000,
    "ebitdaratio": 0.4121681487,
    "operatingIncome": 317853000,
    "operatingIncomeRatio": 0.1749180312,
    "totalOtherIncomeExpensesNet": -92976000,
    "incomeBeforeTax": 224877000,
    "incomeBeforeTaxRatio": 0.1237523072,
    "incomeTaxExpense": 8635000,
    "netIncome": 216322000,
    "netIncomeRatio": 0.1190443958,
    "eps": 2.38,
    "epsdiluted": 2.37,
    "weightedAverageShsOut": 91036000,
    "weightedAverageShsOutDil": 91262000,
    "link": "https://www.sec.gov/Archives/edgar/data/1101239/000162828022019818/0001628280-22-019818-index.htm",
    "finalLink": "https://www.sec.gov/Archives/edgar/data/1101239/000162828022019818/eqix-20220630.htm"
  },
  {
    "date": "2022-03-31",
    "symbol": "EQIX",
    "reportedCurrency": "USD",
    "cik": "0001101239",
    "fillingDate": "2022-04-29",
    "acceptedDate": "2022-04-29 15:28:17",
    "calendarYear": "2022",
    "period": "Q1",
    "revenue": 1734447000,
    "costOfRevenue": 915875000,
    "grossProfit": 818572000,
    "grossProfitRatio": 0.4719498491,
    "researchAndDevelopmentExpenses": 0,
    "generalAndAdministrativeExpenses": 352687000,
    "sellingAndMarketingExpenses": 192511000,
    "sellingGeneralAndAdministrativeExpenses": 545198000,
    "otherExpenses": 6058000,
    "operatingExpenses": 551256000,
    "costAndExpenses": 1467131000,
    "interestIncome": 2106000,
    "interestExpense": 79965000,
    "depreciationAndAmortization": 435340000,
    "ebitda": 695742000,
    "ebitdaratio": 0.4011318881,
    "operatingIncome": 267316000,
    "operatingIncomeRatio": 0.154121746,
    "totalOtherIncomeExpensesNet": -86879000,
    "incomeBeforeTax": 180437000,
    "incomeBeforeTaxRatio": 0.104031429,
    "incomeTaxExpense": 32744000,
    "netIncome": 147453000,
    "netIncomeRatio": 0.0850144167,
    "eps": 1.62,
    "epsdiluted": 1.62,
    "weightedAverageShsOut": 90771000,
    "weightedAverageShsOutDil": 91162000,
    "link": "https://www.sec.gov/Archives/edgar/data/1101239/000162828022011503/0001628280-22-011503-index.htm",
    "finalLink": "https://www.sec.gov/Archives/edgar/data/1101239/000162828022011503/eqix-20220331.htm"
  },
  {
    "date": "2021-12-31",
    "symbol": "EQIX",
    "reportedCurrency": "USD",
    "cik": "0001101239",
    "fillingDate": "2022-02-18",
    "acceptedDate": "2022-02-18 15:39:40",
    "calendarYear": "2021",
    "period": "Q4",
    "revenue": 1706378000,
    "costOfRevenue": 910435000,
    "grossProfit": 795943000,
    "grossProfitRatio": 0.4664517475,
    "researchAndDevelopmentExpenses": 0,
    "generalAndAdministrativeExpenses": 343711000,
    "sellingAndMarketingExpenses": 189798000,
    "sellingGeneralAndAdministrativeExpenses": 533509000,
    "otherExpenses": 12709000,
    "operatingExpenses": 546218000,
    "costAndExpenses": 1456653000,
    "interestIncome": 1130000,
    "interestExpense": 80227000,
    "depreciationAndAmortization": 426101000,
    "ebitda": 671368000,
    "ebitdaratio": 0.3934462352,
    "operatingIncome": 249725000,
    "operatingIncomeRatio": 0.1463479956,
    "totalOtherIncomeExpensesNet": -84685000,
    "incomeBeforeTax": 165040000,
    "incomeBeforeTaxRatio": 0.0967194842,
    "incomeTaxExpense": 41899000,
    "netIncome": 123274000,
    "netIncomeRatio": 0.0722430786,
    "eps": 1.37,
    "epsdiluted": 1.36,
    "weightedAverageShsOut": 90240000,
    "weightedAverageShsOutDil": 90752000,
    "link": "https://www.sec.gov/Archives/edgar/data/1101239/000162828022003171/0001628280-22-003171-index.htm",
    "finalLink": "https://www.sec.gov/Archives/edgar/data/1101239/000162828022003171/eqix-20211231.htm"
  },
  {
    "date": "2021-09-30",
    "symbol": "EQIX",
    "reportedCurrency": "USD",
    "cik": "0001101239",
    "fillingDate": "2021-11-04",
    "acceptedDate": "2021-11-04 14:33:55",
    "calendarYear": "2021",
    "period": "Q3",
    "revenue": 1675176000,
    "costOfRevenue": 885650000,
    "grossProfit": 789526000,
    "grossProfitRatio": 0.4713092833,
    "researchAndDevelopmentExpenses": 0,
    "generalAndAdministrativeExpenses": 334625000,
    "sellingAndMarketingExpenses": 182997000,
    "sellingGeneralAndAdministrativeExpenses": 517622000,
    "otherExpenses": -10217000,
    "operatingExpenses": 507405000,
    "costAndExpenses": 1393055000,
    "interestIncome": 411000,
    "interestExpense": 78943000,
    "depreciationAndAmortization": 418931000,
    "ebitda": 703124000,
    "ebitdaratio": 0.4197314193,
    "operatingIncome": 282121000,
    "operatingIncomeRatio": 0.1684127519,
    "totalOtherIncomeExpensesNet": -76871000,
    "incomeBeforeTax": 205250000,
    "incomeBeforeTaxRatio": 0.1225244392,
    "incomeTaxExpense": 53224000,
    "netIncome": 152216000,
    "netIncomeRatio": 0.0908656762,
    "eps": 1.69,
    "epsdiluted": 1.68,
    "weightedAverageShsOut": 89858000,
    "weightedAverageShsOutDil": 90467000,
    "link": "https://www.sec.gov/Archives/edgar/data/1101239/000162828021021707/0001628280-21-021707-index.htm",
    "finalLink": "https://www.sec.gov/Archives/edgar/data/1101239/000162828021021707/eqix-20210930.htm"
  },
  {
    "date": "2021-06-30",
    "symbol": "EQIX",
    "reportedCurrency": "USD",
    "cik": "0001101239",
    "fillingDate": "2021-07-30",
    "acceptedDate": "2021-07-30 15:28:54",
    "calendarYear": "2021",
    "period": "Q2",
    "revenue": 1657919000,
    "costOfRevenue": 865120000,
    "grossProfit": 792799000,
    "grossProfitRatio": 0.478189224,
    "researchAndDevelopmentExpenses": 0,
    "generalAndAdministrativeExpenses": 322005000,
    "sellingAndMarketingExpenses": 185610000,
    "sellingGeneralAndAdministrativeExpenses": 507615000,
    "otherExpenses": 6530000,
    "operatingExpenses": 514145000,
    "costAndExpenses": 1379265000,
    "interestIncome": 374000,
    "interestExpense": 87231000,
    "depreciationAndAmortization": 416241000,
    "ebitda": 553432000,
    "ebitdaratio": 0.3338112417,
    "operatingIncome": 278654000,
    "operatingIncomeRatio": 0.1680745561,
    "totalOtherIncomeExpensesNet": -228694000,
    "incomeBeforeTax": 49960000,
    "incomeBeforeTaxRatio": 0.0301341622,
    "incomeTaxExpense": -18527000,
    "netIncome": 68339000,
    "netIncomeRatio": 0.041219746,
    "eps": 0.76,
    "epsdiluted": 0.76,
    "weightedAverageShsOut": 89648000,
    "weightedAverageShsOutDil": 90104000,
    "link": "https://www.sec.gov/Archives/edgar/data/1101239/000162828021015030/0001628280-21-015030-index.htm",
    "finalLink": "https://www.sec.gov/Archives/edgar/data/1101239/000162828021015030/eqix-20210630.htm"
  },
  {
    "date": "2021-03-31",
    "symbol": "EQIX",
    "reportedCurrency": "USD",
    "cik": "0001101239",
    "fillingDate": "2021-04-30",
    "acceptedDate": "2021-04-30 15:24:21",
    "calendarYear": "2021",
    "period": "Q1",
    "revenue": 1596064000,
    "costOfRevenue": 811217000,
    "grossProfit": 784847000,
    "grossProfitRatio": 0.4917390531,
    "researchAndDevelopmentExpenses": 0,
    "generalAndAdministrativeExpenses": 301456000,
    "sellingAndMarketingExpenses": 182827000,
    "sellingGeneralAndAdministrativeExpenses": 484283000,
    "otherExpenses": 2902000,
    "operatingExpenses": 487185000,
    "costAndExpenses": 1298402000,
    "interestIncome": 729000,
    "interestExpense": 89681000,
    "depreciationAndAmortization": 395017000,
    "ebitda": 673400000,
    "ebitdaratio": 0.4219129057,
    "operatingIncome": 297662000,
    "operatingIncomeRatio": 0.1864975339,
    "totalOtherIncomeExpensesNet": -108960000,
    "incomeBeforeTax": 188702000,
    "incomeBeforeTaxRatio": 0.1182295948,
    "incomeTaxExpense": 32628000,
    "netIncome": 156362000,
    "netIncomeRatio": 0.0979672494,
    "eps": 1.75,
    "epsdiluted": 1.74,
    "weightedAverageShsOut": 89330000,
    "weightedAverageShsOutDil": 89842000,
    "link": "https://www.sec.gov/Archives/edgar/data/1101239/000162828021008434/0001628280-21-008434-index.htm",
    "finalLink": "https://www.sec.gov/Archives/edgar/data/1101239/000162828021008434/eqix-20210331.htm"
  },
  {
    "date": "2020-12-31",
    "symbol": "EQIX",
    "reportedCurrency": "USD",
    "cik": "0001101239",
    "fillingDate": "2021-02-19",
    "acceptedDate": "2021-02-19 16:20:22",
    "calendarYear": "2020",
    "period": "Q4",
    "revenue": 1564115000,
    "costOfRevenue": 830735000,
    "grossProfit": 733380000,
    "grossProfitRatio": 0.4688785671,
    "researchAndDevelopmentExpenses": 0,
    "generalAndAdministrativeExpenses": 293144000,
    "sellingAndMarketingExpenses": 187055000,
    "sellingGeneralAndAdministrativeExpenses": 480199000,
    "otherExpenses": 24575000,
    "operatingExpenses": 504774000,
    "costAndExpenses": 1335509000,
    "interestIncome": 1244000,
    "interestExpense": 90912000,
    "depreciationAndAmortization": 378219000,
    "ebitda": 561371000,
    "ebitdaratio": 0.3589064743,
    "operatingIncome": 228606000,
    "operatingIncomeRatio": 0.1461567724,
    "totalOtherIncomeExpensesNet": -136366000,
    "incomeBeforeTax": 92240000,
    "incomeBeforeTaxRatio": 0.0589726459,
    "incomeTaxExpense": 41304000,
    "netIncome": 50994000,
    "netIncomeRatio": 0.0326024621,
    "eps": 0.57,
    "epsdiluted": 0.57,
    "weightedAverageShsOut": 89113000,
    "weightedAverageShsOutDil": 89726000,
    "link": "https://www.sec.gov/Archives/edgar/data/1101239/000162828021002563/0001628280-21-002563-index.htm",
    "finalLink": "https://www.sec.gov/Archives/edgar/data/1101239/000162828021002563/eqix-20201231.htm"
  },
  {
    "date": "2020-09-30",
    "symbol": "EQIX",
    "reportedCurrency": "USD",
    "cik": "0001101239",
    "fillingDate": "2020-10-30",
    "acceptedDate": "2020-10-30 15:31:11",
    "calendarYear": "2020",
    "period": "Q3",
    "revenue": 1519767000,
    "costOfRevenue": 767979000,
    "grossProfit": 751788000,
    "grossProfitRatio": 0.4946731966,
    "researchAndDevelopmentExpenses": 0,
    "generalAndAdministrativeExpenses": 279350000,
    "sellingAndMarketingExpenses": 172727000,
    "sellingGeneralAndAdministrativeExpenses": 452077000,
    "otherExpenses": 11361000,
    "operatingExpenses": 463438000,
    "costAndExpenses": 1231417000,
    "interestIncome": 1452000,
    "interestExpense": 99736000,
    "depreciationAndAmortization": 360688000,
    "ebitda": 557158000,
    "ebitdaratio": 0.3666075129,
    "operatingIncome": 288350000,
    "operatingIncomeRatio": 0.1897330314,
    "totalOtherIncomeExpensesNet": -191616000,
    "incomeBeforeTax": 96734000,
    "incomeBeforeTaxRatio": 0.0636505464,
    "incomeTaxExpense": 29903000,
    "netIncome": 66687000,
    "netIncomeRatio": 0.0438797526,
    "eps": 0.75,
    "epsdiluted": 0.74,
    "weightedAverageShsOut": 88806000,
    "weightedAverageShsOutDil": 89519000,
    "link": "https://www.sec.gov/Archives/edgar/data/1101239/000162828020015158/0001628280-20-015158-index.htm",
    "finalLink": "https://www.sec.gov/Archives/edgar/data/1101239/000162828020015158/eqix-20200930.htm"
  },
  {
    "date": "2020-06-30",
    "symbol": "EQIX",
    "reportedCurrency": "USD",
    "cik": "0001101239",
    "fillingDate": "2020-07-31",
    "acceptedDate": "2020-07-31 13:43:27",
    "calendarYear": "2020",
    "period": "Q2",
    "revenue": 1470121000,
    "costOfRevenue": 739344000,
    "grossProfit": 730777000,
    "grossProfitRatio": 0.4970862943,
    "researchAndDevelopmentExpenses": 0,
    "generalAndAdministrativeExpenses": 256890000,
    "sellingAndMarketingExpenses": 178124000,
    "sellingGeneralAndAdministrativeExpenses": 435014000,
    "otherExpenses": 13275000,
    "operatingExpenses": 448289000,
    "costAndExpenses": 1187633000,
    "interestIncome": 1685000,
    "interestExpense": 108480000,
    "depreciationAndAmortization": 348593000,
    "ebitda": 635176000,
    "ebitdaratio": 0.4320569531,
    "operatingIncome": 282488000,
    "operatingIncomeRatio": 0.1921528908,
    "totalOtherIncomeExpensesNet": -104385000,
    "incomeBeforeTax": 178103000,
    "incomeBeforeTaxRatio": 0.1211485313,
    "incomeTaxExpense": 44753000,
    "netIncome": 133304000,
    "netIncomeRatio": 0.0906755294,
    "eps": 1.53,
    "epsdiluted": 1.52,
    "weightedAverageShsOut": 87303000,
    "weightedAverageShsOutDil": 87901000,
    "link": "https://www.sec.gov/Archives/edgar/data/1101239/000162828020011187/0001628280-20-011187-index.htm",
    "finalLink": "https://www.sec.gov/Archives/edgar/data/1101239/000162828020011187/eqix-63020x10q.htm"
  },
  {
    "date": "2020-03-31",
    "symbol": "EQIX",
    "reportedCurrency": "USD",
    "cik": "0001101239",
    "fillingDate": "2020-05-07",
    "acceptedDate": "2020-05-07 14:56:10",
    "calendarYear": "2020",
    "period": "Q1",
    "revenue": 1444542000,
    "costOfRevenue": 736282000,
    "grossProfit": 708260000,
    "grossProfitRatio": 0.490300732,
    "researchAndDevelopmentExpenses": 0,
    "generalAndAdministrativeExpenses": 261597000,
    "sellingAndMarketingExpenses": 180450000,
    "sellingGeneralAndAdministrativeExpenses": 442047000,
    "otherExpenses": 12729000,
    "operatingExpenses": 454776000,
    "costAndExpenses": 1191058000,
    "interestIncome": 4273000,
    "interestExpense": 107338000,
    "depreciationAndAmortization": 335869000,
    "ebitda": 592355000,
    "ebitdaratio": 0.410064228,
    "operatingIncome": 253484000,
    "operatingIncomeRatio": 0.1754770716,
    "totalOtherIncomeExpensesNet": -104336000,
    "incomeBeforeTax": 149148000,
    "incomeBeforeTaxRatio": 0.1032493344,
    "incomeTaxExpense": 30191000,
    "netIncome": 118792000,
    "netIncomeRatio": 0.0822350614,
    "eps": 1.39,
    "epsdiluted": 1.38,
    "weightedAverageShsOut": 85551000,
    "weightedAverageShsOutDil": 86144000,
    "link": "https://www.sec.gov/Archives/edgar/data/1101239/000162828020006896/0001628280-20-006896-index.htm",
    "finalLink": "https://www.sec.gov/Archives/edgar/data/1101239/000162828020006896/eqix-33120x10q.htm"
  },
  {
    "date": "2019-12-31",
    "symbol": "EQIX",
    "reportedCurrency": "USD",
    "cik": "0001101239",
    "fillingDate": "2020-02-21",
    "acceptedDate": "2020-02-21 14:57:43",
    "calendarYear": "2019",
    "period": "Q4",
    "revenue": 1417135000,
    "costOfRevenue": 725636000,
    "grossProfit": 691499000,
    "grossProfitRatio": 0.4879556288,
    "researchAndDevelopmentExpenses": 0,
    "generalAndAdministrativeExpenses": 245504000,
    "sellingAndMarketingExpenses": 160556000,
    "sellingGeneralAndAdministrativeExpenses": 406060000,
    "otherExpenses": -27535000,
    "operatingExpenses": 378525000,
    "costAndExpenses": 1104161000,
    "interestIncome": 7532000,
    "interestExpense": 117617000,
    "depreciationAndAmortization": 330544000,
    "ebitda": 610628000,
    "ebitdaratio": 0.4308890826,
    "operatingIncome": 312974000,
    "operatingIncomeRatio": 0.2208498132,
    "totalOtherIncomeExpensesNet": -150507000,
    "incomeBeforeTax": 162467000,
    "incomeBeforeTaxRatio": 0.1146446881,
    "incomeTaxExpense": 37632000,
    "netIncome": 124995000,
    "netIncomeRatio": 0.088202606,
    "eps": 1.47,
    "epsdiluted": 1.46,
    "weightedAverageShsOut": 85289000,
    "weightedAverageShsOutDil": 85831000,
    "link": "https://www.sec.gov/Archives/edgar/data/1101239/000162828020001947/0001628280-20-001947-index.htm",
    "finalLink": "https://www.sec.gov/Archives/edgar/data/1101239/000162828020001947/eqix2019123110k.htm"
  },
  {
    "date": "2019-09-30",
    "symbol": "EQIX",
    "reportedCurrency": "USD",
    "cik": "0001101239",
    "fillingDate": "2019-11-01",
    "acceptedDate": "2019-11-01 16:20:11",
    "calendarYear": "2019",
    "period": "Q3",
    "revenue": 1396810000,
    "costOfRevenue": 704339000,
    "grossProfit": 692471000,
    "grossProfitRatio": 0.4957517486,
    "researchAndDevelopmentExpenses": 0,
    "generalAndAdministrativeExpenses": 241812000,
    "sellingAndMarketingExpenses": 161574000,
    "sellingGeneralAndAdministrativeExpenses": 403386000,
    "otherExpenses": 3717000,
    "operatingExpenses": 407103000,
    "costAndExpenses": 1111442000,
    "interestIncome": 8201000,
    "interestExpense": 118674000,
    "depreciationAndAmortization": 321891000,
    "ebitda": 619203000,
    "ebitdaratio": 0.4432979432,
    "operatingIncome": 285368000,
    "operatingIncomeRatio": 0.2042997974,
    "totalOtherIncomeExpensesNet": -106730000,
    "incomeBeforeTax": 178638000,
    "incomeBeforeTaxRatio": 0.1278899779,
    "incomeTaxExpense": 57827000,
    "netIncome": 120850000,
    "netIncomeRatio": 0.0865185673,
    "eps": 1.42,
    "epsdiluted": 1.41,
    "weightedAverageShsOut": 85012000,
    "weightedAverageShsOutDil": 85571000,
    "link": "https://www.sec.gov/Archives/edgar/data/1101239/000162828019013074/0001628280-19-013074-index.htm",
    "finalLink": "https://www.sec.gov/Archives/edgar/data/1101239/000162828019013074/eqix-93019x10q.htm"
  },
  {
    "date": "2019-06-30",
    "symbol": "EQIX",
    "reportedCurrency": "USD",
    "cik": "0001101239",
    "fillingDate": "2019-08-02",
    "acceptedDate": "2019-08-02 14:02:42",
    "calendarYear": "2019",
    "period": "Q2",
    "revenue": 1384977000,
    "costOfRevenue": 698179000,
    "grossProfit": 686798000,
    "grossProfitRatio": 0.4958912675,
    "researchAndDevelopmentExpenses": 0,
    "generalAndAdministrativeExpenses": 232656000,
    "sellingAndMarketingExpenses": 159201000,
    "sellingGeneralAndAdministrativeExpenses": 391857000,
    "otherExpenses": 3160000,
    "operatingExpenses": 395017000,
    "costAndExpenses": 1093196000,
    "interestIncome": 7762000,
    "interestExpense": 120547000,
    "depreciationAndAmortization": 319224000,
    "ebitda": 630947000,
    "ebitdaratio": 0.4555649661,
    "operatingIncome": 291781000,
    "operatingIncomeRatio": 0.2106757008,
    "totalOtherIncomeExpensesNet": -100605000,
    "incomeBeforeTax": 191176000,
    "incomeBeforeTaxRatio": 0.1380355053,
    "incomeTaxExpense": 47324000,
    "netIncome": 143527000,
    "netIncomeRatio": 0.1036313238,
    "eps": 1.7,
    "epsdiluted": 1.69,
    "weightedAverageShsOut": 84399000,
    "weightedAverageShsOutDil": 84767000,
    "link": "https://www.sec.gov/Archives/edgar/data/1101239/000162828019009846/0001628280-19-009846-index.htm",
    "finalLink": "https://www.sec.gov/Archives/edgar/data/1101239/000162828019009846/eqix-63019x10q.htm"
  },
  {
    "date": "2019-03-31",
    "symbol": "EQIX",
    "reportedCurrency": "USD",
    "cik": "0001101239",
    "fillingDate": "2019-05-03",
    "acceptedDate": "2019-05-03 13:28:23",
    "calendarYear": "2019",
    "period": "Q1",
    "revenue": 1363218000,
    "costOfRevenue": 682030000,
    "grossProfit": 681188000,
    "grossProfitRatio": 0.4996911719,
    "researchAndDevelopmentExpenses": 0,
    "generalAndAdministrativeExpenses": 215046000,
    "sellingAndMarketingExpenses": 169715000,
    "sellingGeneralAndAdministrativeExpenses": 384761000,
    "otherExpenses": 16919000,
    "operatingExpenses": 401680000,
    "costAndExpenses": 1083710000,
    "interestIncome": 4202000,
    "interestExpense": 122846000,
    "depreciationAndAmortization": 313178000,
    "ebitda": 596340000,
    "ebitdaratio": 0.4374502097,
    "operatingIncome": 279508000,
    "operatingIncomeRatio": 0.2050354382,
    "totalOtherIncomeExpensesNet": -119192000,
    "incomeBeforeTax": 160316000,
    "incomeBeforeTaxRatio": 0.1176011467,
    "incomeTaxExpense": 42569000,
    "netIncome": 118078000,
    "netIncomeRatio": 0.0866171075,
    "eps": 1.44,
    "epsdiluted": 1.44,
    "weightedAverageShsOut": 81814000,
    "weightedAverageShsOutDil": 82090000,
    "link": "https://www.sec.gov/Archives/edgar/data/1101239/000162828019005806/0001628280-19-005806-index.htm",
    "finalLink": "https://www.sec.gov/Archives/edgar/data/1101239/000162828019005806/eqix-33119x10q.htm"
  },
  {
    "date": "2018-12-31",
    "symbol": "EQIX",
    "reportedCurrency": "USD",
    "cik": "0001101239",
    "fillingDate": "2019-02-22",
    "acceptedDate": "2019-02-22 17:02:40",
    "calendarYear": "2018",
    "period": "Q4",
    "revenue": 1310083000,
    "costOfRevenue": 670935000,
    "grossProfit": 639148000,
    "grossProfitRatio": 0.4878683259,
    "researchAndDevelopmentExpenses": 0,
    "generalAndAdministrativeExpenses": 206146000,
    "sellingAndMarketingExpenses": 161804000,
    "sellingGeneralAndAdministrativeExpenses": 367950000,
    "otherExpenses": 481000,
    "operatingExpenses": 368431000,
    "costAndExpenses": 1039366000,
    "interestIncome": 3002000,
    "interestExpense": 129978000,
    "depreciationAndAmortization": 306864000,
    "ebitda": 572918000,
    "ebitdaratio": 0.437314277,
    "operatingIncome": 270717000,
    "operatingIncomeRatio": 0.2066411059,
    "totalOtherIncomeExpensesNet": -134641000,
    "incomeBeforeTax": 136076000,
    "incomeBeforeTaxRatio": 0.1038682282,
    "incomeTaxExpense": 26054000,
    "netIncome": 110022000,
    "netIncomeRatio": 0.0839809386,
    "eps": 1.37,
    "epsdiluted": 1.36,
    "weightedAverageShsOut": 80509000,
    "weightedAverageShsOutDil": 80740000,
    "link": "https://www.sec.gov/Archives/edgar/data/1101239/000162828019001771/0001628280-19-001771-index.htm",
    "finalLink": "https://www.sec.gov/Archives/edgar/data/1101239/000162828019001771/eqix_20181231x10kupgrade.htm"
  },
  {
    "date": "2018-09-30",
    "symbol": "EQIX",
    "reportedCurrency": "USD",
    "cik": "0001101239",
    "fillingDate": "2018-11-02",
    "acceptedDate": "2018-11-02 15:27:27",
    "calendarYear": "2018",
    "period": "Q3",
    "revenue": 1283751000,
    "costOfRevenue": 660309000,
    "grossProfit": 623442000,
    "grossProfitRatio": 0.485640907,
    "researchAndDevelopmentExpenses": 0,
    "generalAndAdministrativeExpenses": 206902000,
    "sellingAndMarketingExpenses": 157920000,
    "sellingGeneralAndAdministrativeExpenses": 364822000,
    "otherExpenses": -7133000,
    "operatingExpenses": 357689000,
    "costAndExpenses": 1017998000,
    "interestIncome": 2912000,
    "interestExpense": 130566000,
    "depreciationAndAmortization": 305726000,
    "ebitda": 579627000,
    "ebitdaratio": 0.4515104565,
    "operatingIncome": 265753000,
    "operatingIncomeRatio": 0.2070128865,
    "totalOtherIncomeExpensesNet": -122418000,
    "incomeBeforeTax": 143335000,
    "incomeBeforeTaxRatio": 0.1116532723,
    "incomeTaxExpense": 18510000,
    "netIncome": 124825000,
    "netIncomeRatio": 0.0972345883,
    "eps": 1.56,
    "epsdiluted": 1.55,
    "weightedAverageShsOut": 79872000,
    "weightedAverageShsOutDil": 80283000,
    "link": "https://www.sec.gov/Archives/edgar/data/1101239/000162828018013437/0001628280-18-013437-index.htm",
    "finalLink": "https://www.sec.gov/Archives/edgar/data/1101239/000162828018013437/eqix-93018x10q.htm"
  },
  {
    "date": "2018-06-30",
    "symbol": "EQIX",
    "reportedCurrency": "USD",
    "cik": "0001101239",
    "fillingDate": "2018-08-08",
    "acceptedDate": "2018-08-08 16:48:55",
    "calendarYear": "2018",
    "period": "Q2",
    "revenue": 1261943000,
    "costOfRevenue": 651801000,
    "grossProfit": 610142000,
    "grossProfitRatio": 0.4834941039,
    "researchAndDevelopmentExpenses": 0,
    "generalAndAdministrativeExpenses": 210489000,
    "sellingAndMarketingExpenses": 154202000,
    "sellingGeneralAndAdministrativeExpenses": 364691000,
    "otherExpenses": 30413000,
    "operatingExpenses": 395104000,
    "costAndExpenses": 1046905000,
    "interestIncome": 3958000,
    "interestExpense": 134673000,
    "depreciationAndAmortization": 307331000,
    "ebitda": 515978000,
    "ebitdaratio": 0.4088758367,
    "operatingIncome": 215038000,
    "operatingIncomeRatio": 0.1704023082,
    "totalOtherIncomeExpensesNet": -141064000,
    "incomeBeforeTax": 73974000,
    "incomeBeforeTaxRatio": 0.0586191294,
    "incomeTaxExpense": 6356000,
    "netIncome": 67618000,
    "netIncomeRatio": 0.0535824518,
    "eps": 0.85,
    "epsdiluted": 0.85,
    "weightedAverageShsOut": 79479000,
    "weightedAverageShsOutDil": 79752000,
    "link": "https://www.sec.gov/Archives/edgar/data/1101239/000162828018010818/0001628280-18-010818-index.htm",
    "finalLink": "https://www.sec.gov/Archives/edgar/data/1101239/000162828018010818/eqix-63018x10q.htm"
  },
  {
    "date": "2018-03-31",
    "symbol": "EQIX",
    "reportedCurrency": "USD",
    "cik": "0001101239",
    "fillingDate": "2018-05-04",
    "acceptedDate": "2018-05-04 13:47:34",
    "calendarYear": "2018",
    "period": "Q1",
    "revenue": 1215877000,
    "costOfRevenue": 622430000,
    "grossProfit": 593447000,
    "grossProfitRatio": 0.4880814424,
    "researchAndDevelopmentExpenses": 0,
    "generalAndAdministrativeExpenses": 203157000,
    "sellingAndMarketingExpenses": 159776000,
    "sellingGeneralAndAdministrativeExpenses": 362933000,
    "otherExpenses": 4639000,
    "operatingExpenses": 367572000,
    "costAndExpenses": 990002000,
    "interestIncome": 4610000,
    "interestExpense": 126277000,
    "depreciationAndAmortization": 307568000,
    "ebitda": 513498000,
    "ebitdaratio": 0.4223272584,
    "operatingIncome": 225875000,
    "operatingIncomeRatio": 0.1857712581,
    "totalOtherIncomeExpensesNet": -146222000,
    "incomeBeforeTax": 79653000,
    "incomeBeforeTaxRatio": 0.0655107383,
    "incomeTaxExpense": 16759000,
    "netIncome": 62894000,
    "netIncomeRatio": 0.0517272718,
    "eps": 0.79,
    "epsdiluted": 0.79,
    "weightedAverageShsOut": 79241000,
    "weightedAverageShsOutDil": 79649000,
    "link": "https://www.sec.gov/Archives/edgar/data/1101239/000162828018005926/0001628280-18-005926-index.htm",
    "finalLink": "https://www.sec.gov/Archives/edgar/data/1101239/000162828018005926/eqix-33118x10q.htm"
  },
  {
    "date": "2017-12-31",
    "symbol": "EQIX",
    "reportedCurrency": "USD",
    "cik": "0001101239",
    "fillingDate": "2018-02-26",
    "acceptedDate": "2018-02-26 15:46:47",
    "calendarYear": "2017",
    "period": "Q4",
    "revenue": 1200221000,
    "costOfRevenue": 619625000,
    "grossProfit": 580596000,
    "grossProfitRatio": 0.483740911,
    "researchAndDevelopmentExpenses": 0,
    "generalAndAdministrativeExpenses": 187816000,
    "sellingAndMarketingExpenses": 153612000,
    "sellingGeneralAndAdministrativeExpenses": 341428000,
    "otherExpenses": 7125000,
    "operatingExpenses": 348553000,
    "costAndExpenses": 968178000,
    "interestIncome": 3255000,
    "interestExpense": 126144000,
    "depreciationAndAmortization": 292277000,
    "ebitda": 512574000,
    "ebitdaratio": 0.4270663486,
    "operatingIncome": 232043000,
    "operatingIncomeRatio": 0.1933335611,
    "totalOtherIncomeExpensesNet": -137890000,
    "incomeBeforeTax": 94153000,
    "incomeBeforeTaxRatio": 0.0784463861,
    "incomeTaxExpense": 28938000,
    "netIncome": 65215000,
    "netIncomeRatio": 0.0543358265,
    "eps": 0.83,
    "epsdiluted": 0.82,
    "weightedAverageShsOut": 78543000,
    "weightedAverageShsOutDil": 79128000,
    "link": "https://www.sec.gov/Archives/edgar/data/1101239/000162828018002212/0001628280-18-002212-index.htm",
    "finalLink": "https://www.sec.gov/Archives/edgar/data/1101239/000162828018002212/eqix_20171231x10k.htm"
  },
  {
    "date": "2017-09-30",
    "symbol": "EQIX",
    "reportedCurrency": "USD",
    "cik": "0001101239",
    "fillingDate": "2017-11-03",
    "acceptedDate": "2017-11-03 15:30:34",
    "calendarYear": "2017",
    "period": "Q3",
    "revenue": 1152261000,
    "costOfRevenue": 582360000,
    "grossProfit": 569901000,
    "grossProfitRatio": 0.4945936728,
    "researchAndDevelopmentExpenses": 0,
    "generalAndAdministrativeExpenses": 185336000,
    "sellingAndMarketingExpenses": 157619000,
    "sellingGeneralAndAdministrativeExpenses": 342955000,
    "otherExpenses": 2083000,
    "operatingExpenses": 345038000,
    "costAndExpenses": 927398000,
    "interestIncome": 2291000,
    "interestExpense": 121828000,
    "depreciationAndAmortization": 278411000,
    "ebitda": 482333000,
    "ebitdaratio": 0.4185970019,
    "operatingIncome": 224863000,
    "operatingIncomeRatio": 0.1951493629,
    "totalOtherIncomeExpensesNet": -142769000,
    "incomeBeforeTax": 82094000,
    "incomeBeforeTaxRatio": 0.0712460111,
    "incomeTaxExpense": 2194000,
    "netIncome": 79900000,
    "netIncomeRatio": 0.0693419286,
    "eps": 1.02,
    "epsdiluted": 1.02,
    "weightedAverageShsOut": 78055000,
    "weightedAverageShsOutDil": 78719000,
    "link": "https://www.sec.gov/Archives/edgar/data/1101239/000162828017010835/0001628280-17-010835-index.htm",
    "finalLink": "https://www.sec.gov/Archives/edgar/data/1101239/000162828017010835/eqix-93017x10q.htm"
  },
  {
    "date": "2017-06-30",
    "symbol": "EQIX",
    "reportedCurrency": "USD",
    "cik": "0001101239",
    "fillingDate": "2017-08-04",
    "acceptedDate": "2017-08-04 16:15:00",
    "calendarYear": "2017",
    "period": "Q2",
    "revenue": 1066421000,
    "costOfRevenue": 522203000,
    "grossProfit": 544218000,
    "grossProfitRatio": 0.5103219085,
    "researchAndDevelopmentExpenses": 0,
    "generalAndAdministrativeExpenses": 191355000,
    "sellingAndMarketingExpenses": 141566000,
    "sellingGeneralAndAdministrativeExpenses": 332921000,
    "otherExpenses": 26402000,
    "operatingExpenses": 359323000,
    "costAndExpenses": 881526000,
    "interestIncome": 4437000,
    "interestExpense": 119042000,
    "depreciationAndAmortization": 254786000,
    "ebitda": 428958000,
    "ebitdaratio": 0.4022407661,
    "operatingIncome": 184895000,
    "operatingIncomeRatio": 0.1733789938,
    "totalOtherIncomeExpensesNet": -129765000,
    "incomeBeforeTax": 55130000,
    "incomeBeforeTaxRatio": 0.0516962813,
    "incomeTaxExpense": 9325000,
    "netIncome": 45805000,
    "netIncomeRatio": 0.0429520799,
    "eps": 0.59,
    "epsdiluted": 0.58,
    "weightedAverageShsOut": 77923000,
    "weightedAverageShsOutDil": 78508000,
    "link": "https://www.sec.gov/Archives/edgar/data/1101239/000162828017008103/0001628280-17-008103-index.htm",
    "finalLink": "https://www.sec.gov/Archives/edgar/data/1101239/000162828017008103/eqix-63017x10q.htm"
  },
  {
    "date": "2017-03-31",
    "symbol": "EQIX",
    "reportedCurrency": "USD",
    "cik": "0001101239",
    "fillingDate": "2017-05-05",
    "acceptedDate": "2017-05-05 14:17:08",
    "calendarYear": "2017",
    "period": "Q1",
    "revenue": 949525000,
    "costOfRevenue": 468961000,
    "grossProfit": 480564000,
    "grossProfitRatio": 0.5061098971,
    "researchAndDevelopmentExpenses": 0,
    "generalAndAdministrativeExpenses": 181399000,
    "sellingAndMarketingExpenses": 128927000,
    "sellingGeneralAndAdministrativeExpenses": 310326000,
    "otherExpenses": 3025000,
    "operatingExpenses": 313351000,
    "costAndExpenses": 782312000,
    "interestIncome": 3092000,
    "interestExpense": 111684000,
    "depreciationAndAmortization": 217006000,
    "ebitda": 384145000,
    "ebitdaratio": 0.4045654406,
    "operatingIncome": 167213000,
    "operatingIncomeRatio": 0.1761017351,
    "totalOtherIncomeExpensesNet": -111758000,
    "incomeBeforeTax": 55455000,
    "incomeBeforeTaxRatio": 0.0584028857,
    "incomeTaxExpense": 13393000,
    "netIncome": 42062000,
    "netIncomeRatio": 0.0442979384,
    "eps": 0.58,
    "epsdiluted": 0.57,
    "weightedAverageShsOut": 72773000,
    "weightedAverageShsOutDil": 73367000,
    "link": "https://www.sec.gov/Archives/edgar/data/1101239/000162828017005022/0001628280-17-005022-index.htm",
    "finalLink": "https://www.sec.gov/Archives/edgar/data/1101239/000162828017005022/eqix-33117x10q.htm"
  },
  {
    "date": "2016-12-31",
    "symbol": "EQIX",
    "reportedCurrency": "USD",
    "cik": "0001101239",
    "fillingDate": "2017-02-27",
    "acceptedDate": "2017-02-27 14:59:07",
    "calendarYear": "2016",
    "period": "Q4",
    "revenue": 942647000,
    "costOfRevenue": 465921000,
    "grossProfit": 476726000,
    "grossProfitRatio": 0.5057312016,
    "researchAndDevelopmentExpenses": 0,
    "generalAndAdministrativeExpenses": 178956000,
    "sellingAndMarketingExpenses": 113384000,
    "sellingGeneralAndAdministrativeExpenses": 292340000,
    "otherExpenses": -69000,
    "operatingExpenses": 292271000,
    "costAndExpenses": 758192000,
    "interestIncome": 948000,
    "interestExpense": 98761000,
    "depreciationAndAmortization": 209797000,
    "ebitda": 391716000,
    "ebitdaratio": 0.4155489807,
    "operatingIncome": 184455000,
    "operatingIncomeRatio": 0.1956777033,
    "totalOtherIncomeExpensesNet": -101297000,
    "incomeBeforeTax": 83158000,
    "incomeBeforeTaxRatio": 0.0882175406,
    "incomeTaxExpense": 19494000,
    "netIncome": 61750000,
    "netIncomeRatio": 0.0655070244,
    "eps": 0.86,
    "epsdiluted": 0.86,
    "weightedAverageShsOut": 71389000,
    "weightedAverageShsOutDil": 71959000,
    "link": "https://www.sec.gov/Archives/edgar/data/1101239/000162828017001774/0001628280-17-001774-index.htm",
    "finalLink": "https://www.sec.gov/Archives/edgar/data/1101239/000162828017001774/equix_20161231x10k.htm"
  },
  {
    "date": "2016-09-30",
    "symbol": "EQIX",
    "reportedCurrency": "USD",
    "cik": "0001101239",
    "fillingDate": "2016-11-04",
    "acceptedDate": "2016-11-04 14:58:50",
    "calendarYear": "2016",
    "period": "Q3",
    "revenue": 924676000,
    "costOfRevenue": 470302000,
    "grossProfit": 454374000,
    "grossProfitRatio": 0.4913872535,
    "researchAndDevelopmentExpenses": 0,
    "generalAndAdministrativeExpenses": 181239000,
    "sellingAndMarketingExpenses": 110936000,
    "sellingGeneralAndAdministrativeExpenses": 292175000,
    "otherExpenses": -7742000,
    "operatingExpenses": 284433000,
    "costAndExpenses": 754735000,
    "interestIncome": 762000,
    "interestExpense": 92200000,
    "depreciationAndAmortization": 214825000,
    "ebitda": 378572000,
    "ebitdaratio": 0.4094104313,
    "operatingIncome": 169941000,
    "operatingIncomeRatio": 0.1837843742,
    "totalOtherIncomeExpensesNet": -98394000,
    "incomeBeforeTax": 71547000,
    "incomeBeforeTaxRatio": 0.0773752103,
    "incomeTaxExpense": 22778000,
    "netIncome": 51450000,
    "netIncomeRatio": 0.055641111,
    "eps": 0.73,
    "epsdiluted": 0.72,
    "weightedAverageShsOut": 71190000,
    "weightedAverageShsOutDil": 71908000,
    "link": "https://www.sec.gov/Archives/edgar/data/1101239/000162828016020845/0001628280-16-020845-index.htm",
    "finalLink": "https://www.sec.gov/Archives/edgar/data/1101239/000162828016020845/eqix-93016x10q.htm"
  },
  {
    "date": "2016-06-30",
    "symbol": "EQIX",
    "reportedCurrency": "USD",
    "cik": "0001101239",
    "fillingDate": "2016-08-08",
    "acceptedDate": "2016-08-08 14:22:31",
    "calendarYear": "2016",
    "period": "Q2",
    "revenue": 900510000,
    "costOfRevenue": 456967000,
    "grossProfit": 443543000,
    "grossProfitRatio": 0.4925464459,
    "researchAndDevelopmentExpenses": 0,
    "generalAndAdministrativeExpenses": 168462000,
    "sellingAndMarketingExpenses": 107832000,
    "sellingGeneralAndAdministrativeExpenses": 276294000,
    "otherExpenses": 15594000,
    "operatingExpenses": 291888000,
    "costAndExpenses": 748855000,
    "interestIncome": 841000,
    "interestExpense": 100332000,
    "depreciationAndAmortization": 212051000,
    "ebitda": 365497000,
    "ebitdaratio": 0.4058777804,
    "operatingIncome": 151655000,
    "operatingIncomeRatio": 0.1684101232,
    "totalOtherIncomeExpensesNet": -98541000,
    "incomeBeforeTax": 53114000,
    "incomeBeforeTaxRatio": 0.0589821323,
    "incomeTaxExpense": 13812000,
    "netIncome": 44711000,
    "netIncomeRatio": 0.0496507535,
    "eps": 0.64,
    "epsdiluted": 0.64,
    "weightedAverageShsOut": 69729000,
    "weightedAverageShsOutDil": 70364000,
    "link": "https://www.sec.gov/Archives/edgar/data/1101239/000162828016018674/0001628280-16-018674-index.htm",
    "finalLink": "https://www.sec.gov/Archives/edgar/data/1101239/000162828016018674/eqix-63016x10q.htm"
  },
  {
    "date": "2016-03-31",
    "symbol": "EQIX",
    "reportedCurrency": "USD",
    "cik": "0001101239",
    "fillingDate": "2016-05-09",
    "acceptedDate": "2016-05-09 12:50:27",
    "calendarYear": "2016",
    "period": "Q1",
    "revenue": 844156000,
    "costOfRevenue": 427680000,
    "grossProfit": 416476000,
    "grossProfitRatio": 0.4933637858,
    "researchAndDevelopmentExpenses": 0,
    "generalAndAdministrativeExpenses": 165904000,
    "sellingAndMarketingExpenses": 106590000,
    "sellingGeneralAndAdministrativeExpenses": 272494000,
    "otherExpenses": 31294000,
    "operatingExpenses": 303788000,
    "costAndExpenses": 731468000,
    "interestIncome": 925000,
    "interestExpense": 100863000,
    "depreciationAndAmortization": 200534000,
    "ebitda": 253437000,
    "ebitdaratio": 0.3002253138,
    "operatingIncome": 112688000,
    "operatingIncomeRatio": 0.1334919138,
    "totalOtherIncomeExpensesNet": -160648000,
    "incomeBeforeTax": -47960000,
    "incomeBeforeTaxRatio": -0.0568141434,
    "incomeTaxExpense": -10633000,
    "netIncome": -31111000,
    "netIncomeRatio": -0.0368545624,
    "eps": -0.46,
    "epsdiluted": -0.46,
    "weightedAverageShsOut": 67867272,
    "weightedAverageShsOutDil": 68132000,
    "link": "https://www.sec.gov/Archives/edgar/data/1101239/000162828016015911/0001628280-16-015911-index.htm",
    "finalLink": "https://www.sec.gov/Archives/edgar/data/1101239/000162828016015911/eqix-33116x10q.htm"
  },
  {
    "date": "2015-12-31",
    "symbol": "EQIX",
    "reportedCurrency": "USD",
    "cik": "0001101239",
    "fillingDate": "2016-02-26",
    "acceptedDate": "2016-02-26 15:12:37",
    "calendarYear": "2015",
    "period": "Q4",
    "revenue": 730462000,
    "costOfRevenue": 351968000,
    "grossProfit": 378494000,
    "grossProfitRatio": 0.518157002,
    "researchAndDevelopmentExpenses": 0,
    "generalAndAdministrativeExpenses": 136829000,
    "sellingAndMarketingExpenses": 88439000,
    "sellingGeneralAndAdministrativeExpenses": 225268000,
    "otherExpenses": 17349000,
    "operatingExpenses": 242617000,
    "costAndExpenses": 594585000,
    "interestIncome": 1206000,
    "interestExpense": 79499000,
    "depreciationAndAmortization": 144165000,
    "ebitda": 232342000,
    "ebitdaratio": 0.3180754098,
    "operatingIncome": 135877000,
    "operatingIncomeRatio": 0.1860151521,
    "totalOtherIncomeExpensesNet": -127199000,
    "incomeBeforeTax": 8678000,
    "incomeBeforeTaxRatio": 0.0118801526,
    "incomeTaxExpense": -2053000,
    "netIncome": 10731000,
    "netIncomeRatio": 0.0146907026,
    "eps": 0.18,
    "epsdiluted": 0.18,
    "weightedAverageShsOut": 60393000,
    "weightedAverageShsOutDil": 60943000,
    "link": "https://www.sec.gov/Archives/edgar/data/1101239/000162828016011802/0001628280-16-011802-index.htm",
    "finalLink": "https://www.sec.gov/Archives/edgar/data/1101239/000162828016011802/equix_20151231x10k.htm"
  },
  {
    "date": "2015-09-30",
    "symbol": "EQIX",
    "reportedCurrency": "USD",
    "cik": "0001101239",
    "fillingDate": "2015-10-30",
    "acceptedDate": "2015-10-30 13:09:50",
    "calendarYear": "2015",
    "period": "Q3",
    "revenue": 686649000,
    "costOfRevenue": 325468000,
    "grossProfit": 361181000,
    "grossProfitRatio": 0.5260052807,
    "researchAndDevelopmentExpenses": 0,
    "generalAndAdministrativeExpenses": 123237000,
    "sellingAndMarketingExpenses": 83709000,
    "sellingGeneralAndAdministrativeExpenses": 206946000,
    "otherExpenses": 13352000,
    "operatingExpenses": 220298000,
    "costAndExpenses": 545766000,
    "interestIncome": 934000,
    "interestExpense": 76269000,
    "depreciationAndAmortization": 132403000,
    "ebitda": 261384000,
    "ebitdaratio": 0.3806661045,
    "operatingIncome": 140883000,
    "operatingIncomeRatio": 0.2051746962,
    "totalOtherIncomeExpensesNet": -88171000,
    "incomeBeforeTax": 52712000,
    "incomeBeforeTaxRatio": 0.0767670236,
    "incomeTaxExpense": 11580000,
    "netIncome": 41132000,
    "netIncomeRatio": 0.0599025121,
    "eps": 0.72,
    "epsdiluted": 0.71,
    "weightedAverageShsOut": 57082000,
    "weightedAverageShsOutDil": 57708000,
    "link": "https://www.sec.gov/Archives/edgar/data/1101239/000119312515359693/0001193125-15-359693-index.htm",
    "finalLink": "https://www.sec.gov/Archives/edgar/data/1101239/000119312515359693/d45347d10q.htm"
  },
  {
    "date": "2015-06-30",
    "symbol": "EQIX",
    "reportedCurrency": "USD",
    "cik": "0001101239",
    "fillingDate": "2015-07-31",
    "acceptedDate": "2015-07-31 13:46:35",
    "calendarYear": "2015",
    "period": "Q2",
    "revenue": 665582000,
    "costOfRevenue": 315757000,
    "grossProfit": 349825000,
    "grossProfitRatio": 0.5255926392,
    "researchAndDevelopmentExpenses": 0,
    "generalAndAdministrativeExpenses": 119578000,
    "sellingAndMarketingExpenses": 81248000,
    "sellingGeneralAndAdministrativeExpenses": 200826000,
    "otherExpenses": 9866000,
    "operatingExpenses": 210692000,
    "costAndExpenses": 526449000,
    "interestIncome": 921000,
    "interestExpense": 74496000,
    "depreciationAndAmortization": 127376000,
    "ebitda": 268816000,
    "ebitdaratio": 0.4038811146,
    "operatingIncome": 139133000,
    "operatingIncomeRatio": 0.2090396074,
    "totalOtherIncomeExpensesNet": -72189000,
    "incomeBeforeTax": 66944000,
    "incomeBeforeTaxRatio": 0.1005796431,
    "incomeTaxExpense": 7485000,
    "netIncome": 59459000,
    "netIncomeRatio": 0.0893338462,
    "eps": 1.04,
    "epsdiluted": 1.03,
    "weightedAverageShsOut": 56935000,
    "weightedAverageShsOutDil": 57499000,
    "link": "https://www.sec.gov/Archives/edgar/data/1101239/000119312515272652/0001193125-15-272652-index.htm",
    "finalLink": "https://www.sec.gov/Archives/edgar/data/1101239/000119312515272652/d944848d10q.htm"
  },
  {
    "date": "2015-03-31",
    "symbol": "EQIX",
    "reportedCurrency": "USD",
    "cik": "0001101239",
    "fillingDate": "2015-05-01",
    "acceptedDate": "2015-05-01 16:03:04",
    "calendarYear": "2015",
    "period": "Q1",
    "revenue": 643174000,
    "costOfRevenue": 298313000,
    "grossProfit": 344861000,
    "grossProfitRatio": 0.5361861642,
    "researchAndDevelopmentExpenses": 0,
    "generalAndAdministrativeExpenses": 113640000,
    "sellingAndMarketingExpenses": 78616000,
    "sellingGeneralAndAdministrativeExpenses": 192256000,
    "otherExpenses": 1156000,
    "operatingExpenses": 193412000,
    "costAndExpenses": 491725000,
    "interestIncome": 520000,
    "interestExpense": 68791000,
    "depreciationAndAmortization": 121636000,
    "ebitda": 273091000,
    "ebitdaratio": 0.4245989421,
    "operatingIncome": 151449000,
    "operatingIncomeRatio": 0.2354712722,
    "totalOtherIncomeExpensesNet": -68785000,
    "incomeBeforeTax": 82664000,
    "incomeBeforeTaxRatio": 0.1285250959,
    "incomeTaxExpense": 6212000,
    "netIncome": 76452000,
    "netIncomeRatio": 0.1188667452,
    "eps": 1.35,
    "epsdiluted": 1.34,
    "weightedAverageShsOut": 56661000,
    "weightedAverageShsOutDil": 57227000,
    "link": "https://www.sec.gov/Archives/edgar/data/1101239/000119312515166246/0001193125-15-166246-index.htm",
    "finalLink": "https://www.sec.gov/Archives/edgar/data/1101239/000119312515166246/d899468d10q.htm"
  },
  {
    "date": "2014-12-31",
    "symbol": "EQIX",
    "reportedCurrency": "USD",
    "cik": "0001101239",
    "fillingDate": "2015-03-02",
    "acceptedDate": "2015-03-02 15:11:34",
    "calendarYear": "2014",
    "period": "Q4",
    "revenue": 638121000,
    "costOfRevenue": 313449000,
    "grossProfit": 324672000,
    "grossProfitRatio": 0.5087937868,
    "researchAndDevelopmentExpenses": 0,
    "generalAndAdministrativeExpenses": 113684000,
    "sellingAndMarketingExpenses": 81236000,
    "sellingGeneralAndAdministrativeExpenses": 194920000,
    "otherExpenses": 1926000,
    "operatingExpenses": 196846000,
    "costAndExpenses": 510295000,
    "interestIncome": 357000,
    "interestExpense": 71103000,
    "depreciationAndAmortization": 131964000,
    "ebitda": 151289000,
    "ebitdaratio": 0.2370851296,
    "operatingIncome": 127826000,
    "operatingIncomeRatio": 0.200316241,
    "totalOtherIncomeExpensesNet": -179604000,
    "incomeBeforeTax": -51778000,
    "incomeBeforeTaxRatio": -0.0811413509,
    "incomeTaxExpense": 303325000,
    "netIncome": -355103000,
    "netIncomeRatio": -0.5564822346,
    "eps": -6.51,
    "epsdiluted": -6.42,
    "weightedAverageShsOut": 54524873,
    "weightedAverageShsOutDil": 55295000,
    "link": "https://www.sec.gov/Archives/edgar/data/1101239/000119312515073042/0001193125-15-073042-index.htm",
    "finalLink": "https://www.sec.gov/Archives/edgar/data/1101239/000119312515073042/d854432d10k.htm"
  },
  {
    "date": "2014-09-30",
    "symbol": "EQIX",
    "reportedCurrency": "USD",
    "cik": "0001101239",
    "fillingDate": "2014-11-07",
    "acceptedDate": "2014-11-07 13:56:46",
    "calendarYear": "2014",
    "period": "Q3",
    "revenue": 620441000,
    "costOfRevenue": 304052000,
    "grossProfit": 316389000,
    "grossProfitRatio": 0.5099421218,
    "researchAndDevelopmentExpenses": 0,
    "generalAndAdministrativeExpenses": 109354000,
    "sellingAndMarketingExpenses": 72185000,
    "sellingGeneralAndAdministrativeExpenses": 181539000,
    "otherExpenses": -281000,
    "operatingExpenses": 181258000,
    "costAndExpenses": 485310000,
    "interestIncome": 356000,
    "interestExpense": 63756000,
    "depreciationAndAmortization": 120152000,
    "ebitda": 257450000,
    "ebitdaratio": 0.4149467878,
    "operatingIncome": 135131000,
    "operatingIncomeRatio": 0.217798308,
    "totalOtherIncomeExpensesNet": -61589000,
    "incomeBeforeTax": 73542000,
    "incomeBeforeTaxRatio": 0.1185318185,
    "incomeTaxExpense": 30581000,
    "netIncome": 42841000,
    "netIncomeRatio": 0.069049273,
    "eps": 0.81,
    "epsdiluted": 0.79,
    "weightedAverageShsOut": 53137000,
    "weightedAverageShsOutDil": 55238000,
    "link": "https://www.sec.gov/Archives/edgar/data/1101239/000119312514402944/0001193125-14-402944-index.htm",
    "finalLink": "https://www.sec.gov/Archives/edgar/data/1101239/000119312514402944/d784374d10q.htm"
  },
  {
    "date": "2014-06-30",
    "symbol": "EQIX",
    "reportedCurrency": "USD",
    "cik": "0001101239",
    "fillingDate": "2014-08-08",
    "acceptedDate": "2014-08-08 16:59:43",
    "calendarYear": "2014",
    "period": "Q2",
    "revenue": 605161000,
    "costOfRevenue": 292859000,
    "grossProfit": 312302000,
    "grossProfitRatio": 0.5160643201,
    "researchAndDevelopmentExpenses": 0,
    "generalAndAdministrativeExpenses": 111675000,
    "sellingAndMarketingExpenses": 75254000,
    "sellingGeneralAndAdministrativeExpenses": 186929000,
    "otherExpenses": 676000,
    "operatingExpenses": 187605000,
    "costAndExpenses": 480464000,
    "interestIncome": 744000,
    "interestExpense": 66874000,
    "depreciationAndAmortization": 115647000,
    "ebitda": 190586000,
    "ebitdaratio": 0.3149343728,
    "operatingIncome": 124697000,
    "operatingIncomeRatio": 0.2060559091,
    "totalOtherIncomeExpensesNet": -116632000,
    "incomeBeforeTax": 8065000,
    "incomeBeforeTaxRatio": 0.013327032,
    "incomeTaxExpense": -2014000,
    "netIncome": 11328000,
    "netIncomeRatio": 0.0187189855,
    "eps": 0.22,
    "epsdiluted": 0.22,
    "weightedAverageShsOut": 51332000,
    "weightedAverageShsOutDil": 51652000,
    "link": "https://www.sec.gov/Archives/edgar/data/1101239/000119312514303273/0001193125-14-303273-index.htm",
    "finalLink": "https://www.sec.gov/Archives/edgar/data/1101239/000119312514303273/d737144d10q.htm"
  },
  {
    "date": "2014-03-31",
    "symbol": "EQIX",
    "reportedCurrency": "USD",
    "cik": "0001101239",
    "fillingDate": "2014-05-02",
    "acceptedDate": "2014-05-02 14:42:26",
    "calendarYear": "2014",
    "period": "Q1",
    "revenue": 580053000,
    "costOfRevenue": 287525000,
    "grossProfit": 292528000,
    "grossProfitRatio": 0.504312537,
    "researchAndDevelopmentExpenses": 0,
    "generalAndAdministrativeExpenses": 103303000,
    "sellingAndMarketingExpenses": 67428000,
    "sellingGeneralAndAdministrativeExpenses": 170731000,
    "otherExpenses": 185000,
    "operatingExpenses": 170916000,
    "costAndExpenses": 458441000,
    "interestIncome": 1434000,
    "interestExpense": 68820000,
    "depreciationAndAmortization": 113928000,
    "ebitda": 237652000,
    "ebitdaratio": 0.4097073888,
    "operatingIncome": 121612000,
    "operatingIncomeRatio": 0.2096567038,
    "totalOtherIncomeExpensesNet": -66708000,
    "incomeBeforeTax": 54904000,
    "incomeBeforeTaxRatio": 0.0946534196,
    "incomeTaxExpense": 13567000,
    "netIncome": 41387000,
    "netIncomeRatio": 0.0713503766,
    "eps": 0.83,
    "epsdiluted": 0.81,
    "weightedAverageShsOut": 49598000,
    "weightedAverageShsOutDil": 53386000,
    "link": "https://www.sec.gov/Archives/edgar/data/1101239/000119312514179863/0001193125-14-179863-index.htm",
    "finalLink": "https://www.sec.gov/Archives/edgar/data/1101239/000119312514179863/d698920d10q.htm"
  },
  {
    "date": "2013-12-31",
    "symbol": "EQIX",
    "reportedCurrency": "USD",
    "cik": "0001101239",
    "fillingDate": "2014-02-28",
    "acceptedDate": "2014-02-28 14:47:08",
    "calendarYear": "2013",
    "period": "Q4",
    "revenue": 564677000,
    "costOfRevenue": 269743000,
    "grossProfit": 294934000,
    "grossProfitRatio": 0.5223056721,
    "researchAndDevelopmentExpenses": 0,
    "generalAndAdministrativeExpenses": 98466000,
    "sellingAndMarketingExpenses": 67250000,
    "sellingGeneralAndAdministrativeExpenses": 165716000,
    "otherExpenses": 4229000,
    "operatingExpenses": 169945000,
    "costAndExpenses": 439688000,
    "interestIncome": 794000,
    "interestExpense": 65503000,
    "depreciationAndAmortization": 106375000,
    "ebitda": 219218000,
    "ebitdaratio": 0.3882183974,
    "operatingIncome": 124989000,
    "operatingIncomeRatio": 0.2213460084,
    "totalOtherIncomeExpensesNet": -77649000,
    "incomeBeforeTax": 47340000,
    "incomeBeforeTaxRatio": 0.0838355378,
    "incomeTaxExpense": 1967000,
    "netIncome": 45187000,
    "netIncomeRatio": 0.0800227387,
    "eps": 0.91,
    "epsdiluted": 0.88,
    "weightedAverageShsOut": 49765000,
    "weightedAverageShsOutDil": 53499000,
    "link": "https://www.sec.gov/Archives/edgar/data/1101239/000119312514076710/0001193125-14-076710-index.htm",
    "finalLink": "https://www.sec.gov/Archives/edgar/data/1101239/000119312514076710/d649985d10k.htm"
  },
  {
    "date": "2013-09-30",
    "symbol": "EQIX",
    "reportedCurrency": "USD",
    "cik": "0001101239",
    "fillingDate": "2013-11-12",
    "acceptedDate": "2013-11-12 14:18:32",
    "calendarYear": "2013",
    "period": "Q3",
    "revenue": 540523000,
    "costOfRevenue": 268960000,
    "grossProfit": 274124000,
    "grossProfitRatio": 0.5071458569,
    "researchAndDevelopmentExpenses": 0,
    "generalAndAdministrativeExpenses": 96874000,
    "sellingAndMarketingExpenses": 61619000,
    "sellingGeneralAndAdministrativeExpenses": 158493000,
    "otherExpenses": 438000,
    "operatingExpenses": 158931000,
    "costAndExpenses": 427891000,
    "interestIncome": 929000,
    "interestExpense": 61957000,
    "depreciationAndAmortization": 109836000,
    "ebitda": 226943000,
    "ebitdaratio": 0.4198581744,
    "operatingIncome": 115193000,
    "operatingIncomeRatio": 0.2131139655,
    "totalOtherIncomeExpensesNet": -60043000,
    "incomeBeforeTax": 55150000,
    "incomeBeforeTaxRatio": 0.1020308109,
    "incomeTaxExpense": 12397000,
    "netIncome": 36576000,
    "netIncomeRatio": 0.0676677958,
    "eps": 0.86,
    "epsdiluted": 0.83,
    "weightedAverageShsOut": 49555000,
    "weightedAverageShsOutDil": 53581000,
    "link": "https://www.sec.gov/Archives/edgar/data/1101239/000119312513437940/0001193125-13-437940-index.htm",
    "finalLink": "https://www.sec.gov/Archives/edgar/data/1101239/000119312513437940/d586403d10q.htm"
  },
  {
    "date": "2013-06-30",
    "symbol": "EQIX",
    "reportedCurrency": "USD",
    "cik": "0001101239",
    "fillingDate": "2013-07-26",
    "acceptedDate": "2013-07-26 16:16:38",
    "calendarYear": "2013",
    "period": "Q2",
    "revenue": 525669000,
    "costOfRevenue": 267109000,
    "grossProfit": 261762000,
    "grossProfitRatio": 0.4979597427,
    "researchAndDevelopmentExpenses": 0,
    "generalAndAdministrativeExpenses": 88632000,
    "sellingAndMarketingExpenses": 59478000,
    "sellingGeneralAndAdministrativeExpenses": 148110000,
    "otherExpenses": -2311000,
    "operatingExpenses": 145799000,
    "costAndExpenses": 412908000,
    "interestIncome": 917000,
    "interestExpense": 61001000,
    "depreciationAndAmortization": 109120000,
    "ebitda": 135166000,
    "ebitdaratio": 0.2571313888,
    "operatingIncome": 115963000,
    "operatingIncomeRatio": 0.2206007963,
    "totalOtherIncomeExpensesNet": -150918000,
    "incomeBeforeTax": -34955000,
    "incomeBeforeTaxRatio": -0.0664962172,
    "incomeTaxExpense": -9668000,
    "netIncome": -28658000,
    "netIncomeRatio": -0.0545171962,
    "eps": -0.58,
    "epsdiluted": -0.58,
    "weightedAverageShsOut": 49379000,
    "weightedAverageShsOutDil": 49379000,
    "link": "https://www.sec.gov/Archives/edgar/data/1101239/000119312513304769/0001193125-13-304769-index.htm",
    "finalLink": "https://www.sec.gov/Archives/edgar/data/1101239/000119312513304769/d543601d10q.htm"
  },
  {
    "date": "2013-03-31",
    "symbol": "EQIX",
    "reportedCurrency": "USD",
    "cik": "0001101239",
    "fillingDate": "2013-04-26",
    "acceptedDate": "2013-04-26 17:11:35",
    "calendarYear": "2013",
    "period": "Q1",
    "revenue": 519455000,
    "costOfRevenue": 258591000,
    "grossProfit": 257543000,
    "grossProfitRatio": 0.4957946309,
    "researchAndDevelopmentExpenses": 0,
    "generalAndAdministrativeExpenses": 90818000,
    "sellingAndMarketingExpenses": 58276000,
    "sellingGeneralAndAdministrativeExpenses": 149094000,
    "otherExpenses": 3662000,
    "operatingExpenses": 152756000,
    "costAndExpenses": 411347000,
    "interestIncome": 747000,
    "interestExpense": 60331000,
    "depreciationAndAmortization": 107140000,
    "ebitda": 212215000,
    "ebitdaratio": 0.4085339442,
    "operatingIncome": 104787000,
    "operatingIncomeRatio": 0.2017248847,
    "totalOtherIncomeExpensesNet": -60043000,
    "incomeBeforeTax": 44744000,
    "incomeBeforeTaxRatio": 0.0861364315,
    "incomeTaxExpense": 11460000,
    "netIncome": 35882000,
    "netIncomeRatio": 0.0690762434,
    "eps": 0.67,
    "epsdiluted": 0.65,
    "weightedAverageShsOut": 49029000,
    "weightedAverageShsOutDil": 53480000,
    "link": "https://www.sec.gov/Archives/edgar/data/1101239/000119312513178095/0001193125-13-178095-index.htm",
    "finalLink": "https://www.sec.gov/Archives/edgar/data/1101239/000119312513178095/d507582d10q.htm"
  },
  {
    "date": "2012-12-31",
    "symbol": "EQIX",
    "reportedCurrency": "USD",
    "cik": "0001101239",
    "fillingDate": "2013-02-26",
    "acceptedDate": "2013-02-26 14:58:33",
    "calendarYear": "2012",
    "period": "Q4",
    "revenue": 506520000,
    "costOfRevenue": 250121000,
    "grossProfit": 256399000,
    "grossProfitRatio": 0.5061971887,
    "researchAndDevelopmentExpenses": 0,
    "generalAndAdministrativeExpenses": 86867000,
    "sellingAndMarketingExpenses": 55690000,
    "sellingGeneralAndAdministrativeExpenses": 142557000,
    "otherExpenses": 11800000,
    "operatingExpenses": 154357000,
    "costAndExpenses": 404478000,
    "interestIncome": 758000,
    "interestExpense": 50516000,
    "depreciationAndAmortization": 103409000,
    "ebitda": 205492000,
    "ebitdaratio": 0.4056937535,
    "operatingIncome": 102042000,
    "operatingIncomeRatio": 0.2014570007,
    "totalOtherIncomeExpensesNet": -50475000,
    "incomeBeforeTax": 51567000,
    "incomeBeforeTaxRatio": 0.101806444,
    "incomeTaxExpense": 17294000,
    "netIncome": 44858000,
    "netIncomeRatio": 0.0885611624,
    "eps": 0.92,
    "epsdiluted": 0.88,
    "weightedAverageShsOut": 48673000,
    "weightedAverageShsOutDil": 52917000,
    "link": "https://www.sec.gov/Archives/edgar/data/1101239/000119312513076572/0001193125-13-076572-index.htm",
    "finalLink": "https://www.sec.gov/Archives/edgar/data/1101239/000119312513076572/d450454d10k.htm"
  },
  {
    "date": "2012-09-30",
    "symbol": "EQIX",
    "reportedCurrency": "USD",
    "cik": "0001101239",
    "fillingDate": "2012-11-06",
    "acceptedDate": "2012-11-05 21:34:31",
    "calendarYear": "2012",
    "period": "Q3",
    "revenue": 488730000,
    "costOfRevenue": 250946000,
    "grossProfit": 233889000,
    "grossProfitRatio": 0.4785648518,
    "researchAndDevelopmentExpenses": 0,
    "generalAndAdministrativeExpenses": 83290000,
    "sellingAndMarketingExpenses": 53211000,
    "sellingGeneralAndAdministrativeExpenses": 136501000,
    "otherExpenses": 4542000,
    "operatingExpenses": 141043000,
    "costAndExpenses": 391989000,
    "interestIncome": 1054000,
    "interestExpense": 50207000,
    "depreciationAndAmortization": 106732000,
    "ebitda": 195935000,
    "ebitdaratio": 0.400906431,
    "operatingIncome": 92846000,
    "operatingIncomeRatio": 0.1899740143,
    "totalOtherIncomeExpensesNet": -53850000,
    "incomeBeforeTax": 38996000,
    "incomeBeforeTaxRatio": 0.0797904774,
    "incomeTaxExpense": 12348000,
    "netIncome": 28838000,
    "netIncomeRatio": 0.0590059951,
    "eps": 0.56,
    "epsdiluted": 0.54,
    "weightedAverageShsOut": 48361000,
    "weightedAverageShsOutDil": 52655000,
    "link": "https://www.sec.gov/Archives/edgar/data/1101239/000119312512452681/0001193125-12-452681-index.htm",
    "finalLink": "https://www.sec.gov/Archives/edgar/data/1101239/000119312512452681/d405876d10q.htm"
  },
  {
    "date": "2012-06-30",
    "symbol": "EQIX",
    "reportedCurrency": "USD",
    "cik": "0001101239",
    "fillingDate": "2012-07-27",
    "acceptedDate": "2012-07-26 19:42:22",
    "calendarYear": "2012",
    "period": "Q2",
    "revenue": 466264000,
    "costOfRevenue": 225289000,
    "grossProfit": 231960000,
    "grossProfitRatio": 0.4974864026,
    "researchAndDevelopmentExpenses": 0,
    "generalAndAdministrativeExpenses": 80595000,
    "sellingAndMarketingExpenses": 47764000,
    "sellingGeneralAndAdministrativeExpenses": 128198000,
    "otherExpenses": 1666000,
    "operatingExpenses": 129864000,
    "costAndExpenses": 355153000,
    "interestIncome": 963000,
    "interestExpense": 46787000,
    "depreciationAndAmortization": 95562000,
    "ebitda": 196777000,
    "ebitdaratio": 0.4220291509,
    "operatingIncome": 102096000,
    "operatingIncomeRatio": 0.2189660793,
    "totalOtherIncomeExpensesNet": -47668000,
    "incomeBeforeTax": 54428000,
    "incomeBeforeTaxRatio": 0.1167321517,
    "incomeTaxExpense": 17138000,
    "netIncome": 36447000,
    "netIncomeRatio": 0.0781681622,
    "eps": 0.76,
    "epsdiluted": 0.73,
    "weightedAverageShsOut": 48016000,
    "weightedAverageShsOutDil": 52351000,
    "link": "https://www.sec.gov/Archives/edgar/data/1101239/000119312512317379/0001193125-12-317379-index.htm",
    "finalLink": "https://www.sec.gov/Archives/edgar/data/1101239/000119312512317379/d369814d10q.htm"
  },
  {
    "date": "2012-03-31",
    "symbol": "EQIX",
    "reportedCurrency": "USD",
    "cik": "0001101239",
    "fillingDate": "2012-04-27",
    "acceptedDate": "2012-04-27 15:30:07",
    "calendarYear": "2012",
    "period": "Q1",
    "revenue": 452200000,
    "costOfRevenue": 217098000,
    "grossProfit": 226147000,
    "grossProfitRatio": 0.5001039363,
    "researchAndDevelopmentExpenses": 0,
    "generalAndAdministrativeExpenses": 78316000,
    "sellingAndMarketingExpenses": 46571000,
    "sellingGeneralAndAdministrativeExpenses": 124726000,
    "otherExpenses": 675000,
    "operatingExpenses": 125401000,
    "costAndExpenses": 342499000,
    "interestIncome": 691000,
    "interestExpense": 52818000,
    "depreciationAndAmortization": 92804000,
    "ebitda": 194087000,
    "ebitdaratio": 0.4292061035,
    "operatingIncome": 100746000,
    "operatingIncomeRatio": 0.2227908005,
    "totalOtherIncomeExpensesNet": -52281000,
    "incomeBeforeTax": 48465000,
    "incomeBeforeTaxRatio": 0.1071760283,
    "incomeTaxExpense": 13853000,
    "netIncome": 34523000,
    "netIncomeRatio": 0.0763445378,
    "eps": 0.74,
    "epsdiluted": 0.71,
    "weightedAverageShsOut": 46955000,
    "weightedAverageShsOutDil": 51061000,
    "link": "https://www.sec.gov/Archives/edgar/data/1101239/000119312512190764/0001193125-12-190764-index.htm",
    "finalLink": "https://www.sec.gov/Archives/edgar/data/1101239/000119312512190764/d319158d10q.htm"
  },
  {
    "date": "2011-12-31",
    "symbol": "EQIX",
    "reportedCurrency": "USD",
    "cik": "0001101239",
    "fillingDate": "2012-02-24",
    "acceptedDate": "2012-02-24 15:38:04",
    "calendarYear": "2011",
    "period": "Q4",
    "revenue": 431312000,
    "costOfRevenue": 229340000,
    "grossProfit": 201972000,
    "grossProfitRatio": 0.4682735468,
    "researchAndDevelopmentExpenses": 0,
    "generalAndAdministrativeExpenses": 71674000,
    "sellingAndMarketingExpenses": 45322000,
    "sellingGeneralAndAdministrativeExpenses": 116996000,
    "otherExpenses": 2100000,
    "operatingExpenses": 119096000,
    "costAndExpenses": 348436000,
    "interestIncome": 754000,
    "interestExpense": 55151000,
    "depreciationAndAmortization": 93371000,
    "ebitda": 178384000,
    "ebitdaratio": 0.4135845977,
    "operatingIncome": 82876000,
    "operatingIncomeRatio": 0.192148607,
    "totalOtherIncomeExpensesNet": -53014000,
    "incomeBeforeTax": 29862000,
    "incomeBeforeTaxRatio": 0.0692352636,
    "incomeTaxExpense": 13769000,
    "netIncome": 17810000,
    "netIncomeRatio": 0.0412926142,
    "eps": 0.38,
    "epsdiluted": 0.38,
    "weightedAverageShsOut": 47202000,
    "weightedAverageShsOutDil": 47202000,
    "link": "https://www.sec.gov/Archives/edgar/data/1101239/000119312512077943/0001193125-12-077943-index.htm",
    "finalLink": "https://www.sec.gov/Archives/edgar/data/1101239/000119312512077943/d261513d10k.htm"
  },
  {
    "date": "2011-09-30",
    "symbol": "EQIX",
    "reportedCurrency": "USD",
    "cik": "0001101239",
    "fillingDate": "2011-10-28",
    "acceptedDate": "2011-10-28 15:19:32",
    "calendarYear": "2011",
    "period": "Q3",
    "revenue": 417601000,
    "costOfRevenue": 219724000,
    "grossProfit": 188484000,
    "grossProfitRatio": 0.4513494939,
    "researchAndDevelopmentExpenses": 0,
    "generalAndAdministrativeExpenses": 65873000,
    "sellingAndMarketingExpenses": 43070000,
    "sellingGeneralAndAdministrativeExpenses": 108757000,
    "otherExpenses": 2286000,
    "operatingExpenses": 111043000,
    "costAndExpenses": 330767000,
    "interestIncome": 679000,
    "interestExpense": 51114000,
    "depreciationAndAmortization": 90746000,
    "ebitda": 167172000,
    "ebitdaratio": 0.4003151333,
    "operatingIncome": 77441000,
    "operatingIncomeRatio": 0.1854425636,
    "totalOtherIncomeExpensesNet": -52129000,
    "incomeBeforeTax": 25312000,
    "incomeBeforeTaxRatio": 0.0606128817,
    "incomeTaxExpense": 5137000,
    "netIncome": 20319000,
    "netIncomeRatio": 0.0486564927,
    "eps": 0.21,
    "epsdiluted": 0.2,
    "weightedAverageShsOut": 47202000,
    "weightedAverageShsOutDil": 47943000,
    "link": "https://www.sec.gov/Archives/edgar/data/1101239/000119312511286045/0001193125-11-286045-index.htm",
    "finalLink": "https://www.sec.gov/Archives/edgar/data/1101239/000119312511286045/d222006d10q.htm"
  },
  {
    "date": "2011-06-30",
    "symbol": "EQIX",
    "reportedCurrency": "USD",
    "cik": "0001101239",
    "fillingDate": "2011-07-29",
    "acceptedDate": "2011-07-29 15:11:48",
    "calendarYear": "2011",
    "period": "Q2",
    "revenue": 394900000,
    "costOfRevenue": 215572000,
    "grossProfit": 179328000,
    "grossProfitRatio": 0.4541099012,
    "researchAndDevelopmentExpenses": 0,
    "generalAndAdministrativeExpenses": 65681000,
    "sellingAndMarketingExpenses": 37063000,
    "sellingGeneralAndAdministrativeExpenses": 102744000,
    "otherExpenses": 1718000,
    "operatingExpenses": 104462000,
    "costAndExpenses": 320034000,
    "interestIncome": 632000,
    "interestExpense": 37677000,
    "depreciationAndAmortization": 85222000,
    "ebitda": 161741000,
    "ebitdaratio": 0.4095745758,
    "operatingIncome": 74866000,
    "operatingIncomeRatio": 0.1895821727,
    "totalOtherIncomeExpensesNet": -36024000,
    "incomeBeforeTax": 38842000,
    "incomeBeforeTaxRatio": 0.0983590782,
    "incomeTaxExpense": 8109000,
    "netIncome": 30730000,
    "netIncomeRatio": 0.0778171689,
    "eps": 0.65,
    "epsdiluted": 0.64,
    "weightedAverageShsOut": 46924000,
    "weightedAverageShsOutDil": 50664000,
    "link": "https://www.sec.gov/Archives/edgar/data/1101239/000119312511202647/0001193125-11-202647-index.htm",
    "finalLink": "https://www.sec.gov/Archives/edgar/data/1101239/000119312511202647/d10q.htm"
  },
  {
    "date": "2011-03-31",
    "symbol": "EQIX",
    "reportedCurrency": "USD",
    "cik": "0001101239",
    "fillingDate": "2011-04-29",
    "acceptedDate": "2011-04-29 16:06:57",
    "calendarYear": "2011",
    "period": "Q1",
    "revenue": 363029000,
    "costOfRevenue": 194576000,
    "grossProfit": 168453000,
    "grossProfitRatio": 0.4640207807,
    "researchAndDevelopmentExpenses": 0,
    "generalAndAdministrativeExpenses": 62601000,
    "sellingAndMarketingExpenses": 33636000,
    "sellingGeneralAndAdministrativeExpenses": 96237000,
    "otherExpenses": 911000,
    "operatingExpenses": 97148000,
    "costAndExpenses": 291724000,
    "interestIncome": 215000,
    "interestExpense": 37361000,
    "depreciationAndAmortization": 78335000,
    "ebitda": 151966000,
    "ebitdaratio": 0.4186056761,
    "operatingIncome": 71305000,
    "operatingIncomeRatio": 0.1964168152,
    "totalOtherIncomeExpensesNet": -35035000,
    "incomeBeforeTax": 36270000,
    "incomeBeforeTaxRatio": 0.0999093736,
    "incomeTaxExpense": 11125000,
    "netIncome": 25145000,
    "netIncomeRatio": 0.0692644389,
    "eps": 0.54,
    "epsdiluted": 0.53,
    "weightedAverageShsOut": 46451000,
    "weightedAverageShsOutDil": 47219000,
    "link": "https://www.sec.gov/Archives/edgar/data/1101239/000119312511118503/0001193125-11-118503-index.htm",
    "finalLink": "https://www.sec.gov/Archives/edgar/data/1101239/000119312511118503/d10q.htm"
  },
  {
    "date": "2010-12-31",
    "symbol": "EQIX",
    "reportedCurrency": "USD",
    "cik": "0001101239",
    "fillingDate": "2011-02-25",
    "acceptedDate": "2011-02-25 14:28:12",
    "calendarYear": "2010",
    "period": "Q4",
    "revenue": 345244000,
    "costOfRevenue": 193559000,
    "grossProfit": 151685000,
    "grossProfitRatio": 0.4393559338,
    "researchAndDevelopmentExpenses": 0,
    "generalAndAdministrativeExpenses": 64820000,
    "sellingAndMarketingExpenses": 31518000,
    "sellingGeneralAndAdministrativeExpenses": 96338000,
    "otherExpenses": 871000,
    "operatingExpenses": 97209000,
    "costAndExpenses": 290768000,
    "interestIncome": 208000,
    "interestExpense": 38822000,
    "depreciationAndAmortization": 75439000,
    "ebitda": 125264000,
    "ebitdaratio": 0.3628274496,
    "operatingIncome": 54476000,
    "operatingIncomeRatio": 0.157789853,
    "totalOtherIncomeExpensesNet": -43473000,
    "incomeBeforeTax": 11003000,
    "incomeBeforeTaxRatio": 0.0318702135,
    "incomeTaxExpense": -2757000,
    "netIncome": 13760000,
    "netIncomeRatio": 0.0398558701,
    "eps": 0.3,
    "epsdiluted": 0.3,
    "weightedAverageShsOut": 45745000,
    "weightedAverageShsOutDil": 45745000,
    "link": "https://www.sec.gov/Archives/edgar/data/1101239/000119312511047157/0001193125-11-047157-index.htm",
    "finalLink": "https://www.sec.gov/Archives/edgar/data/1101239/000119312511047157/d10k.htm"
  },
  {
    "date": "2010-09-30",
    "symbol": "EQIX",
    "reportedCurrency": "USD",
    "cik": "0001101239",
    "fillingDate": "2010-10-29",
    "acceptedDate": "2010-10-29 14:12:13",
    "calendarYear": "2010",
    "period": "Q3",
    "revenue": 330347000,
    "costOfRevenue": 185476000,
    "grossProfit": 144871000,
    "grossProfitRatio": 0.4385418969,
    "researchAndDevelopmentExpenses": 0,
    "generalAndAdministrativeExpenses": 58640000,
    "sellingAndMarketingExpenses": 31205000,
    "sellingGeneralAndAdministrativeExpenses": 89845000,
    "otherExpenses": 3000000,
    "operatingExpenses": 92845000,
    "costAndExpenses": 278321000,
    "interestIncome": 310000,
    "interestExpense": 38363000,
    "depreciationAndAmortization": 73298000,
    "ebitda": 127494000,
    "ebitdaratio": 0.3859396332,
    "operatingIncome": 52026000,
    "operatingIncomeRatio": 0.1574889434,
    "totalOtherIncomeExpensesNet": -36193000,
    "incomeBeforeTax": 15833000,
    "incomeBeforeTaxRatio": 0.0479283905,
    "incomeTaxExpense": 4637000,
    "netIncome": 11196000,
    "netIncomeRatio": 0.0338916352,
    "eps": 0.24,
    "epsdiluted": 0.24,
    "weightedAverageShsOut": 45745000,
    "weightedAverageShsOutDil": 46676000,
    "link": "https://www.sec.gov/Archives/edgar/data/1101239/000119312510241047/0001193125-10-241047-index.htm",
    "finalLink": "https://www.sec.gov/Archives/edgar/data/1101239/000119312510241047/d10q.htm"
  },
  {
    "date": "2010-06-30",
    "symbol": "EQIX",
    "reportedCurrency": "USD",
    "cik": "0001101239",
    "fillingDate": "2010-08-04",
    "acceptedDate": "2010-08-04 14:00:02",
    "calendarYear": "2010",
    "period": "Q2",
    "revenue": 296094000,
    "costOfRevenue": 162582000,
    "grossProfit": 133512000,
    "grossProfitRatio": 0.4509108594,
    "researchAndDevelopmentExpenses": 0,
    "generalAndAdministrativeExpenses": 54166000,
    "sellingAndMarketingExpenses": 28913000,
    "sellingGeneralAndAdministrativeExpenses": 83079000,
    "otherExpenses": 10206000,
    "operatingExpenses": 93285000,
    "costAndExpenses": 255867000,
    "interestIncome": 491000,
    "interestExpense": 37615000,
    "depreciationAndAmortization": 62750000,
    "ebitda": 100533000,
    "ebitdaratio": 0.3395306896,
    "operatingIncome": 40227000,
    "operatingIncomeRatio": 0.1358588827,
    "totalOtherIncomeExpensesNet": -40059000,
    "incomeBeforeTax": 168000,
    "incomeBeforeTaxRatio": 0.0005673874,
    "incomeTaxExpense": 2442000,
    "netIncome": -2274000,
    "netIncomeRatio": -0.0076799935,
    "eps": -0.0523,
    "epsdiluted": -0.0523,
    "weightedAverageShsOut": 43507000,
    "weightedAverageShsOutDil": 43507000,
    "link": "https://www.sec.gov/Archives/edgar/data/1101239/000119312510176872/0001193125-10-176872-index.htm",
    "finalLink": "https://www.sec.gov/Archives/edgar/data/1101239/000119312510176872/d10q.htm"
  },
  {
    "date": "2010-03-31",
    "symbol": "EQIX",
    "reportedCurrency": "USD",
    "cik": "0001101239",
    "fillingDate": "2010-04-28",
    "acceptedDate": "2010-04-28 15:35:05",
    "calendarYear": "2010",
    "period": "Q1",
    "revenue": 248649000,
    "costOfRevenue": 133050000,
    "grossProfit": 115599000,
    "grossProfitRatio": 0.4649083648,
    "researchAndDevelopmentExpenses": 0,
    "generalAndAdministrativeExpenses": 43155000,
    "sellingAndMarketingExpenses": 19468000,
    "sellingGeneralAndAdministrativeExpenses": 62623000,
    "otherExpenses": 4994000,
    "operatingExpenses": 67617000,
    "costAndExpenses": 200667000,
    "interestIncome": 506000,
    "interestExpense": 25675000,
    "depreciationAndAmortization": 48689000,
    "ebitda": 97240000,
    "ebitdaratio": 0.3910733604,
    "operatingIncome": 47982000,
    "operatingIncomeRatio": 0.1929708143,
    "totalOtherIncomeExpensesNet": -25106000,
    "incomeBeforeTax": 22876000,
    "incomeBeforeTaxRatio": 0.0920011743,
    "incomeTaxExpense": 8677000,
    "netIncome": 14199000,
    "netIncomeRatio": 0.0571045932,
    "eps": 0.36,
    "epsdiluted": 0.35,
    "weightedAverageShsOut": 39562000,
    "weightedAverageShsOutDil": 40791000,
    "link": "https://www.sec.gov/Archives/edgar/data/1101239/000119312510096513/0001193125-10-096513-index.htm",
    "finalLink": "https://www.sec.gov/Archives/edgar/data/1101239/000119312510096513/d10q.htm"
  },
  {
    "date": "2009-12-31",
    "symbol": "EQIX",
    "reportedCurrency": "USD",
    "cik": "0001101239",
    "fillingDate": "2010-02-22",
    "acceptedDate": "2010-02-22 16:35:52",
    "calendarYear": "2009",
    "period": "Q4",
    "revenue": 242552000,
    "costOfRevenue": 127074000,
    "grossProfit": 115478000,
    "grossProfitRatio": 0.4760958475,
    "researchAndDevelopmentExpenses": 0,
    "generalAndAdministrativeExpenses": 43647000,
    "sellingAndMarketingExpenses": 17269000,
    "sellingGeneralAndAdministrativeExpenses": 60916000,
    "otherExpenses": 3776000,
    "operatingExpenses": 64692000,
    "costAndExpenses": 191766000,
    "interestIncome": 435000,
    "interestExpense": 22613000,
    "depreciationAndAmortization": 42472000,
    "ebitda": 92502000,
    "ebitdaratio": 0.3813697681,
    "operatingIncome": 50786000,
    "operatingIncomeRatio": 0.2093819057,
    "totalOtherIncomeExpensesNet": -23369000,
    "incomeBeforeTax": 27417000,
    "incomeBeforeTaxRatio": 0.1130355553,
    "incomeTaxExpense": 9695000,
    "netIncome": 17722000,
    "netIncomeRatio": 0.0730647449,
    "eps": 0.46,
    "epsdiluted": 0.46,
    "weightedAverageShsOut": 38787000,
    "weightedAverageShsOutDil": 38787000,
    "link": "https://www.sec.gov/Archives/edgar/data/1101239/000119312510036420/0001193125-10-036420-index.htm",
    "finalLink": "https://www.sec.gov/Archives/edgar/data/1101239/000119312510036420/d10k.htm"
  },
  {
    "date": "2009-09-30",
    "symbol": "EQIX",
    "reportedCurrency": "USD",
    "cik": "0001101239",
    "fillingDate": "2009-10-26",
    "acceptedDate": "2009-10-26 06:53:06",
    "calendarYear": "2009",
    "period": "Q3",
    "revenue": 227558000,
    "costOfRevenue": 126007000,
    "grossProfit": 101551000,
    "grossProfitRatio": 0.4462642491,
    "researchAndDevelopmentExpenses": 0,
    "generalAndAdministrativeExpenses": 39071000,
    "sellingAndMarketingExpenses": 15543000,
    "sellingGeneralAndAdministrativeExpenses": 54614000,
    "otherExpenses": 1379000,
    "operatingExpenses": 55993000,
    "costAndExpenses": 182000000,
    "interestIncome": 353000,
    "interestExpense": 22256000,
    "depreciationAndAmortization": 44491000,
    "ebitda": 92886000,
    "ebitdaratio": 0.4081860449,
    "operatingIncome": 45558000,
    "operatingIncomeRatio": 0.2002039041,
    "totalOtherIncomeExpensesNet": -19419000,
    "incomeBeforeTax": 26139000,
    "incomeBeforeTaxRatio": 0.1148674184,
    "incomeTaxExpense": 7327000,
    "netIncome": 18812000,
    "netIncomeRatio": 0.0826690338,
    "eps": 0.49,
    "epsdiluted": 0.47,
    "weightedAverageShsOut": 38787000,
    "weightedAverageShsOutDil": 39887000,
    "link": "https://www.sec.gov/Archives/edgar/data/1101239/000119312509213229/0001193125-09-213229-index.htm",
    "finalLink": "https://www.sec.gov/Archives/edgar/data/1101239/000119312509213229/d10q.htm"
  },
  {
    "date": "2009-06-30",
    "symbol": "EQIX",
    "reportedCurrency": "USD",
    "cik": "0001101239",
    "fillingDate": "2009-07-29",
    "acceptedDate": "2009-07-29 15:20:38",
    "calendarYear": "2009",
    "period": "Q2",
    "revenue": 213168000,
    "costOfRevenue": 118534000,
    "grossProfit": 94634000,
    "grossProfitRatio": 0.4439409292,
    "researchAndDevelopmentExpenses": 0,
    "generalAndAdministrativeExpenses": 37456000,
    "sellingAndMarketingExpenses": 16369000,
    "sellingGeneralAndAdministrativeExpenses": 53825000,
    "otherExpenses": -220000,
    "operatingExpenses": 53605000,
    "costAndExpenses": 172139000,
    "interestIncome": 680000,
    "interestExpense": 15912000,
    "depreciationAndAmortization": 44891000,
    "ebitda": 89210000,
    "ebitdaratio": 0.4184962096,
    "operatingIncome": 41029000,
    "operatingIncomeRatio": 0.1924726038,
    "totalOtherIncomeExpensesNet": -12622000,
    "incomeBeforeTax": 28407000,
    "incomeBeforeTaxRatio": 0.1332610898,
    "incomeTaxExpense": 10967000,
    "netIncome": 17440000,
    "netIncomeRatio": 0.0818134054,
    "eps": 0.46,
    "epsdiluted": 0.44,
    "weightedAverageShsOut": 38152000,
    "weightedAverageShsOutDil": 39318000,
    "link": "https://www.sec.gov/Archives/edgar/data/1101239/000119312509158059/0001193125-09-158059-index.htm",
    "finalLink": "https://www.sec.gov/Archives/edgar/data/1101239/000119312509158059/d10q.htm"
  },
  {
    "date": "2009-03-31",
    "symbol": "EQIX",
    "reportedCurrency": "USD",
    "cik": "0001101239",
    "fillingDate": "2009-04-29",
    "acceptedDate": "2009-04-29 15:17:26",
    "calendarYear": "2009",
    "period": "Q1",
    "revenue": 199231000,
    "costOfRevenue": 111805000,
    "grossProfit": 87426000,
    "grossProfitRatio": 0.4388172523,
    "researchAndDevelopmentExpenses": 0,
    "generalAndAdministrativeExpenses": 35150000,
    "sellingAndMarketingExpenses": 14403000,
    "sellingGeneralAndAdministrativeExpenses": 49553000,
    "otherExpenses": -5833000,
    "operatingExpenses": 43720000,
    "costAndExpenses": 155525000,
    "interestIncome": 916000,
    "interestExpense": 13451000,
    "depreciationAndAmortization": 41676000,
    "ebitda": 82192000,
    "ebitdaratio": 0.4125462403,
    "operatingIncome": 43706000,
    "operatingIncomeRatio": 0.2193734911,
    "totalOtherIncomeExpensesNet": -16641000,
    "incomeBeforeTax": 27065000,
    "incomeBeforeTaxRatio": 0.135847333,
    "incomeTaxExpense": 11608000,
    "netIncome": 15457000,
    "netIncomeRatio": 0.0775833078,
    "eps": 0.41,
    "epsdiluted": 0.4,
    "weightedAverageShsOut": 37861000,
    "weightedAverageShsOutDil": 38739000,
    "link": "https://www.sec.gov/Archives/edgar/data/1101239/000119312509091829/0001193125-09-091829-index.htm",
    "finalLink": "https://www.sec.gov/Archives/edgar/data/1101239/000119312509091829/d10q.htm"
  },
  {
    "date": "2008-12-31",
    "symbol": "EQIX",
    "reportedCurrency": "USD",
    "cik": "0001101239",
    "fillingDate": "2009-02-26",
    "acceptedDate": "2009-02-26 14:33:16",
    "calendarYear": "2008",
    "period": "Q4",
    "revenue": 190683000,
    "costOfRevenue": 108302000,
    "grossProfit": 82381000,
    "grossProfitRatio": 0.4320311722,
    "researchAndDevelopmentExpenses": 0,
    "generalAndAdministrativeExpenses": 0,
    "sellingAndMarketingExpenses": 0,
    "sellingGeneralAndAdministrativeExpenses": 55477000,
    "otherExpenses": 2343000,
    "operatingExpenses": 57820000,
    "costAndExpenses": 166122000,
    "interestIncome": 0,
    "interestExpense": 0,
    "depreciationAndAmortization": 39808000,
    "ebitda": 72290000,
    "ebitdaratio": 0.3791108804,
    "operatingIncome": 24561000,
    "operatingIncomeRatio": 0.1288053995,
    "totalOtherIncomeExpensesNet": -12919000,
    "incomeBeforeTax": 11642000,
    "incomeBeforeTaxRatio": 0.0610542104,
    "incomeTaxExpense": -104857000,
    "netIncome": 116499000,
    "netIncomeRatio": 0.6109564041,
    "eps": 3.15,
    "epsdiluted": 3.15,
    "weightedAverageShsOut": 36972000,
    "weightedAverageShsOutDil": 36972000,
    "link": "https://www.sec.gov/Archives/edgar/data/1101239/000119312509038875/0001193125-09-038875-index.htm",
    "finalLink": "https://www.sec.gov/Archives/edgar/data/1101239/000119312509038875/d10k.htm"
  },
  {
    "date": "2008-09-30",
    "symbol": "EQIX",
    "reportedCurrency": "USD",
    "cik": "0001101239",
    "fillingDate": "2008-10-24",
    "acceptedDate": "2008-10-24 14:31:39",
    "calendarYear": "2008",
    "period": "Q3",
    "revenue": 183735000,
    "costOfRevenue": 109905000,
    "grossProfit": 73830000,
    "grossProfitRatio": 0.4018287207,
    "researchAndDevelopmentExpenses": 0,
    "generalAndAdministrativeExpenses": 35529000,
    "sellingAndMarketingExpenses": 0,
    "sellingGeneralAndAdministrativeExpenses": 51538000,
    "otherExpenses": 799000,
    "operatingExpenses": 52337000,
    "costAndExpenses": 162242000,
    "interestIncome": 1968000,
    "interestExpense": 15671000,
    "depreciationAndAmortization": 41635000,
    "ebitda": 63049000,
    "ebitdaratio": 0.3431518219,
    "operatingIncome": 21493000,
    "operatingIncomeRatio": 0.1169782567,
    "totalOtherIncomeExpensesNet": -15750000,
    "incomeBeforeTax": 5743000,
    "incomeBeforeTaxRatio": 0.0312569734,
    "incomeTaxExpense": 187000,
    "netIncome": 7389000,
    "netIncomeRatio": 0.0402155278,
    "eps": 0.15,
    "epsdiluted": 0.15,
    "weightedAverageShsOut": 37268000,
    "weightedAverageShsOutDil": 38023000,
    "link": "https://www.sec.gov/Archives/edgar/data/1101239/000110123908000008/0001101239-08-000008-index.htm",
    "finalLink": "https://www.sec.gov/Archives/edgar/data/1101239/000110123908000008/form10q09302008.htm"
  },
  {
    "date": "2008-06-30",
    "symbol": "EQIX",
    "reportedCurrency": "USD",
    "cik": "0001101239",
    "fillingDate": "2008-08-05",
    "acceptedDate": "2008-08-04 20:58:57",
    "calendarYear": "2008",
    "period": "Q2",
    "revenue": 172044000,
    "costOfRevenue": 102039000,
    "grossProfit": 70005000,
    "grossProfitRatio": 0.4069017228,
    "researchAndDevelopmentExpenses": 0,
    "generalAndAdministrativeExpenses": 41445000,
    "sellingAndMarketingExpenses": 0,
    "sellingGeneralAndAdministrativeExpenses": 56735000,
    "otherExpenses": 0,
    "operatingExpenses": 56735000,
    "costAndExpenses": 158774000,
    "interestIncome": 2411000,
    "interestExpense": 14313000,
    "depreciationAndAmortization": 38325000,
    "ebitda": 53088000,
    "ebitdaratio": 0.3085722257,
    "operatingIncome": 13270000,
    "operatingIncomeRatio": 0.0771314315,
    "totalOtherIncomeExpensesNet": -12820000,
    "incomeBeforeTax": 450000,
    "incomeBeforeTaxRatio": 0.00261561,
    "incomeTaxExpense": -258000,
    "netIncome": 2229000,
    "netIncomeRatio": 0.012955988,
    "eps": 0.02,
    "epsdiluted": 0.02,
    "weightedAverageShsOut": 36964000,
    "weightedAverageShsOutDil": 37968000,
    "link": "https://www.sec.gov/Archives/edgar/data/1101239/000119312508165316/0001193125-08-165316-index.htm",
    "finalLink": "https://www.sec.gov/Archives/edgar/data/1101239/000119312508165316/d10q.htm"
  },
  {
    "date": "2008-03-31",
    "symbol": "EQIX",
    "reportedCurrency": "USD",
    "cik": "0001101239",
    "fillingDate": "2008-04-30",
    "acceptedDate": "2008-04-30 15:51:11",
    "calendarYear": "2008",
    "period": "Q1",
    "revenue": 158218000,
    "costOfRevenue": 94509000,
    "grossProfit": 63709000,
    "grossProfitRatio": 0.4026659419,
    "researchAndDevelopmentExpenses": 0,
    "generalAndAdministrativeExpenses": 34376000,
    "sellingAndMarketingExpenses": 0,
    "sellingGeneralAndAdministrativeExpenses": 49727000,
    "otherExpenses": 0,
    "operatingExpenses": 49727000,
    "costAndExpenses": 144236000,
    "interestIncome": 3441000,
    "interestExpense": 15195000,
    "depreciationAndAmortization": 35482000,
    "ebitda": 54945000,
    "ebitdaratio": 0.3472740143,
    "operatingIncome": 13982000,
    "operatingIncomeRatio": 0.0883717403,
    "totalOtherIncomeExpensesNet": -9714000,
    "incomeBeforeTax": 4268000,
    "incomeBeforeTaxRatio": 0.026975439,
    "incomeTaxExpense": 471000,
    "netIncome": 5421000,
    "netIncomeRatio": 0.0342628525,
    "eps": 0.1,
    "epsdiluted": 0.1,
    "weightedAverageShsOut": 36277000,
    "weightedAverageShsOutDil": 37259000,
    "link": "https://www.sec.gov/Archives/edgar/data/1101239/000119312508097170/0001193125-08-097170-index.htm",
    "finalLink": "https://www.sec.gov/Archives/edgar/data/1101239/000119312508097170/d10q.htm"
  },
  {
    "date": "2007-12-31",
    "symbol": "EQIX",
    "reportedCurrency": "USD",
    "cik": "0001101239",
    "fillingDate": "2008-02-27",
    "acceptedDate": "2008-02-27 16:00:08",
    "calendarYear": "2007",
    "period": "Q4",
    "revenue": 138714000,
    "costOfRevenue": 92480000,
    "grossProfit": 46234000,
    "grossProfitRatio": 0.333304497,
    "researchAndDevelopmentExpenses": 0,
    "generalAndAdministrativeExpenses": 0,
    "sellingAndMarketingExpenses": 0,
    "sellingGeneralAndAdministrativeExpenses": 46789000,
    "otherExpenses": -1338000,
    "operatingExpenses": 45451000,
    "costAndExpenses": 137931000,
    "interestIncome": 0,
    "interestExpense": 0,
    "depreciationAndAmortization": 36138000,
    "ebitda": 36921000,
    "ebitdaratio": 0.2661663567,
    "operatingIncome": 783000,
    "operatingIncomeRatio": 0.0056447078,
    "totalOtherIncomeExpensesNet": -7149000,
    "incomeBeforeTax": -6366000,
    "incomeBeforeTaxRatio": -0.0458929885,
    "incomeTaxExpense": -293000,
    "netIncome": -6073000,
    "netIncomeRatio": -0.0437807287,
    "eps": -0.19,
    "epsdiluted": -0.19,
    "weightedAverageShsOut": 31683000,
    "weightedAverageShsOutDil": 31683000,
    "link": "https://www.sec.gov/Archives/edgar/data/1101239/000119312508040053/0001193125-08-040053-index.htm",
    "finalLink": "https://www.sec.gov/Archives/edgar/data/1101239/000119312508040053/d10k.htm"
  },
  {
    "date": "2007-09-30",
    "symbol": "EQIX",
    "reportedCurrency": "USD",
    "cik": "0001101239",
    "fillingDate": "2007-11-02",
    "acceptedDate": "2007-11-02 15:05:52",
    "calendarYear": "2007",
    "period": "Q3",
    "revenue": 103782000,
    "costOfRevenue": 62891000,
    "grossProfit": 40891000,
    "grossProfitRatio": 0.3940085949,
    "researchAndDevelopmentExpenses": 0,
    "generalAndAdministrativeExpenses": 0,
    "sellingAndMarketingExpenses": 0,
    "sellingGeneralAndAdministrativeExpenses": 34812000,
    "otherExpenses": 0,
    "operatingExpenses": 34812000,
    "costAndExpenses": 97703000,
    "interestIncome": 0,
    "interestExpense": 0,
    "depreciationAndAmortization": 24133000,
    "ebitda": 30212000,
    "ebitdaratio": 0.2911102118,
    "operatingIncome": 6079000,
    "operatingIncomeRatio": 0.0585747047,
    "totalOtherIncomeExpensesNet": -1740000,
    "incomeBeforeTax": 4339000,
    "incomeBeforeTaxRatio": 0.0418087915,
    "incomeTaxExpense": 215000,
    "netIncome": 4124000,
    "netIncomeRatio": 0.0397371413,
    "eps": 0.13,
    "epsdiluted": 0.12,
    "weightedAverageShsOut": 31683000,
    "weightedAverageShsOutDil": 33112000,
    "link": "https://www.sec.gov/Archives/edgar/data/1101239/000119312507233706/0001193125-07-233706-index.htm",
    "finalLink": "https://www.sec.gov/Archives/edgar/data/1101239/000119312507233706/d10q.htm"
  },
  {
    "date": "2007-06-30",
    "symbol": "EQIX",
    "reportedCurrency": "USD",
    "cik": "0001101239",
    "fillingDate": "2007-08-01",
    "acceptedDate": "2007-08-01 15:30:21",
    "calendarYear": "2007",
    "period": "Q2",
    "revenue": 91837000,
    "costOfRevenue": 55609000,
    "grossProfit": 36228000,
    "grossProfitRatio": 0.3944815271,
    "researchAndDevelopmentExpenses": 0,
    "generalAndAdministrativeExpenses": 0,
    "sellingAndMarketingExpenses": 0,
    "sellingGeneralAndAdministrativeExpenses": 33374000,
    "otherExpenses": 407000,
    "operatingExpenses": 33781000,
    "costAndExpenses": 89390000,
    "interestIncome": 0,
    "interestExpense": 0,
    "depreciationAndAmortization": 22405000,
    "ebitda": 25259000,
    "ebitdaratio": 0.2750416499,
    "operatingIncome": 2447000,
    "operatingIncomeRatio": 0.0266450341,
    "totalOtherIncomeExpensesNet": -1033000,
    "incomeBeforeTax": 1414000,
    "incomeBeforeTaxRatio": 0.0153968444,
    "incomeTaxExpense": 197000,
    "netIncome": 1217000,
    "netIncomeRatio": 0.0132517395,
    "eps": 0.04,
    "epsdiluted": 0.04,
    "weightedAverageShsOut": 31126000,
    "weightedAverageShsOutDil": 32641000,
    "link": "https://www.sec.gov/Archives/edgar/data/1101239/000119312507168018/0001193125-07-168018-index.htm",
    "finalLink": "https://www.sec.gov/Archives/edgar/data/1101239/000119312507168018/d10q.htm"
  },
  {
    "date": "2007-03-31",
    "symbol": "EQIX",
    "reportedCurrency": "USD",
    "cik": "0001101239",
    "fillingDate": "2007-05-02",
    "acceptedDate": "2007-05-02 15:11:36",
    "calendarYear": "2007",
    "period": "Q1",
    "revenue": 85109000,
    "costOfRevenue": 52765000,
    "grossProfit": 32344000,
    "grossProfitRatio": 0.3800303141,
    "researchAndDevelopmentExpenses": 0,
    "generalAndAdministrativeExpenses": 0,
    "sellingAndMarketingExpenses": 0,
    "sellingGeneralAndAdministrativeExpenses": 31538000,
    "otherExpenses": 0,
    "operatingExpenses": 31538000,
    "costAndExpenses": 84303000,
    "interestIncome": 0,
    "interestExpense": 0,
    "depreciationAndAmortization": 20631000,
    "ebitda": 21437000,
    "ebitdaratio": 0.2518770048,
    "operatingIncome": 806000,
    "operatingIncomeRatio": 0.0094702088,
    "totalOtherIncomeExpensesNet": -4908000,
    "incomeBeforeTax": -4102000,
    "incomeBeforeTaxRatio": -0.0481970179,
    "incomeTaxExpense": 354000,
    "netIncome": -4456000,
    "netIncomeRatio": -0.05235639,
    "eps": -0.15,
    "epsdiluted": -0.15,
    "weightedAverageShsOut": 29702000,
    "weightedAverageShsOutDil": 29702000,
    "link": "https://www.sec.gov/Archives/edgar/data/1101239/000119312507099380/0001193125-07-099380-index.htm",
    "finalLink": "https://www.sec.gov/Archives/edgar/data/1101239/000119312507099380/d10q.htm"
  },
  {
    "date": "2006-12-31",
    "symbol": "EQIX",
    "reportedCurrency": "USD",
    "cik": "0001101239",
    "fillingDate": "2007-02-28",
    "acceptedDate": "2007-02-28 15:14:08",
    "calendarYear": "2006",
    "period": "Q4",
    "revenue": 79772000,
    "costOfRevenue": 50334000,
    "grossProfit": 29438000,
    "grossProfitRatio": 0.3690267262,
    "researchAndDevelopmentExpenses": 0,
    "generalAndAdministrativeExpenses": 0,
    "sellingAndMarketingExpenses": 0,
    "sellingGeneralAndAdministrativeExpenses": 28076000,
    "otherExpenses": -9647000,
    "operatingExpenses": 18429000,
    "costAndExpenses": 68763000,
    "interestIncome": 0,
    "interestExpense": 0,
    "depreciationAndAmortization": 19745000,
    "ebitda": 30754000,
    "ebitdaratio": 0.3855237427,
    "operatingIncome": 11009000,
    "operatingIncomeRatio": 0.1380058166,
    "totalOtherIncomeExpensesNet": -2329000,
    "incomeBeforeTax": 8680000,
    "incomeBeforeTaxRatio": 0.1088101088,
    "incomeTaxExpense": -431000,
    "netIncome": 9111000,
    "netIncomeRatio": 0.1142130071,
    "eps": 0.32,
    "epsdiluted": 0.32,
    "weightedAverageShsOut": 28743000,
    "weightedAverageShsOutDil": 28743000,
    "link": "https://www.sec.gov/Archives/edgar/data/1101239/000119312507042470/0001193125-07-042470-index.htm",
    "finalLink": "https://www.sec.gov/Archives/edgar/data/1101239/000119312507042470/d10k.htm"
  },
  {
    "date": "2006-09-30",
    "symbol": "EQIX",
    "reportedCurrency": "USD",
    "cik": "0001101239",
    "fillingDate": "2006-11-01",
    "acceptedDate": "2006-11-01 14:38:57",
    "calendarYear": "2006",
    "period": "Q3",
    "revenue": 73726000,
    "costOfRevenue": 49137000,
    "grossProfit": 24589000,
    "grossProfitRatio": 0.3335187044,
    "researchAndDevelopmentExpenses": 0,
    "generalAndAdministrativeExpenses": 0,
    "sellingAndMarketingExpenses": 0,
    "sellingGeneralAndAdministrativeExpenses": 26133000,
    "otherExpenses": 1527000,
    "operatingExpenses": 27660000,
    "costAndExpenses": 76797000,
    "interestIncome": 0,
    "interestExpense": 0,
    "depreciationAndAmortization": 2679000,
    "ebitda": 1135000,
    "ebitdaratio": 0.0153948404,
    "operatingIncome": -3071000,
    "operatingIncomeRatio": -0.0416542332,
    "totalOtherIncomeExpensesNet": -1827000,
    "incomeBeforeTax": -4898000,
    "incomeBeforeTaxRatio": -0.0664351789,
    "incomeTaxExpense": 270000,
    "netIncome": -5168000,
    "netIncomeRatio": -0.0700973876,
    "eps": -0.18,
    "epsdiluted": -0.18,
    "weightedAverageShsOut": 28743000,
    "weightedAverageShsOutDil": 28743000,
    "link": "https://www.sec.gov/Archives/edgar/data/1101239/000119312506220464/0001193125-06-220464-index.htm",
    "finalLink": "https://www.sec.gov/Archives/edgar/data/1101239/000119312506220464/d10q.htm"
  },
  {
    "date": "2006-06-30",
    "symbol": "EQIX",
    "reportedCurrency": "USD",
    "cik": "0001101239",
    "fillingDate": "2006-08-14",
    "acceptedDate": "2006-08-14 16:46:54",
    "calendarYear": "2006",
    "period": "Q2",
    "revenue": 68548000,
    "costOfRevenue": 45563000,
    "grossProfit": 22985000,
    "grossProfitRatio": 0.3353124818,
    "researchAndDevelopmentExpenses": 0,
    "generalAndAdministrativeExpenses": 0,
    "sellingAndMarketingExpenses": 0,
    "sellingGeneralAndAdministrativeExpenses": 26205000,
    "otherExpenses": 0,
    "operatingExpenses": 26205000,
    "costAndExpenses": 71768000,
    "interestIncome": 0,
    "interestExpense": 0,
    "depreciationAndAmortization": 34085000,
    "ebitda": 30865000,
    "ebitdaratio": 0.450268425,
    "operatingIncome": -3220000,
    "operatingIncomeRatio": -0.0469743829,
    "totalOtherIncomeExpensesNet": -1835000,
    "incomeBeforeTax": -5055000,
    "incomeBeforeTaxRatio": -0.0737439458,
    "incomeTaxExpense": 215000,
    "netIncome": -5270000,
    "netIncomeRatio": -0.0768804341,
    "eps": -0.19,
    "epsdiluted": -0.19,
    "weightedAverageShsOut": 28468000,
    "weightedAverageShsOutDil": 28468000,
    "link": "https://www.sec.gov/Archives/edgar/data/1101239/000119312506172761/0001193125-06-172761-index.htm",
    "finalLink": "https://www.sec.gov/Archives/edgar/data/1101239/000119312506172761/d10q.htm"
  },
  {
    "date": "2006-03-31",
    "symbol": "EQIX",
    "reportedCurrency": "USD",
    "cik": "0001101239",
    "fillingDate": "2006-05-03",
    "acceptedDate": "2006-05-03 16:14:08",
    "calendarYear": "2006",
    "period": "Q1",
    "revenue": 64869000,
    "costOfRevenue": 43345000,
    "grossProfit": 21524000,
    "grossProfitRatio": 0.3318071806,
    "researchAndDevelopmentExpenses": 0,
    "generalAndAdministrativeExpenses": 0,
    "sellingAndMarketingExpenses": 0,
    "sellingGeneralAndAdministrativeExpenses": 24328000,
    "otherExpenses": 0,
    "operatingExpenses": 24328000,
    "costAndExpenses": 67673000,
    "interestIncome": 0,
    "interestExpense": 0,
    "depreciationAndAmortization": 16912000,
    "ebitda": 14108000,
    "ebitdaratio": 0.2174844687,
    "operatingIncome": -2804000,
    "operatingIncomeRatio": -0.0432255777,
    "totalOtherIncomeExpensesNet": -2257000,
    "incomeBeforeTax": -5061000,
    "incomeBeforeTaxRatio": -0.0780187763,
    "incomeTaxExpense": 385000,
    "netIncome": -5070000,
    "netIncomeRatio": -0.0781575175,
    "eps": -0.18,
    "epsdiluted": -0.18,
    "weightedAverageShsOut": 27848000,
    "weightedAverageShsOutDil": 27848000,
    "link": "https://www.sec.gov/Archives/edgar/data/1101239/000119312506098395/0001193125-06-098395-index.htm",
    "finalLink": "https://www.sec.gov/Archives/edgar/data/1101239/000119312506098395/d10q.htm"
  },
  {
    "date": "2005-12-31",
    "symbol": "EQIX",
    "reportedCurrency": "USD",
    "cik": "0001101239",
    "fillingDate": "2006-03-16",
    "acceptedDate": "2006-03-16 13:41:35",
    "calendarYear": "2005",
    "period": "Q4",
    "revenue": 61798000,
    "costOfRevenue": 41715000,
    "grossProfit": 20083000,
    "grossProfitRatio": 0.3249781546,
    "researchAndDevelopmentExpenses": 0,
    "generalAndAdministrativeExpenses": 0,
    "sellingAndMarketingExpenses": 0,
    "sellingGeneralAndAdministrativeExpenses": 17275000,
    "otherExpenses": 33814000,
    "operatingExpenses": 51089000,
    "costAndExpenses": 92804000,
    "interestIncome": 0,
    "interestExpense": 0,
    "depreciationAndAmortization": 21929000,
    "ebitda": 24737000,
    "ebitdaratio": 0.4002880352,
    "operatingIncome": -31006000,
    "operatingIncomeRatio": -0.5017314476,
    "totalOtherIncomeExpensesNet": -1608000,
    "incomeBeforeTax": -32614000,
    "incomeBeforeTaxRatio": -0.5277517072,
    "incomeTaxExpense": -10000,
    "netIncome": -32604000,
    "netIncomeRatio": -0.5275898896,
    "eps": -1.35,
    "epsdiluted": -1.35,
    "weightedAverageShsOut": 24076000,
    "weightedAverageShsOutDil": 24076000,
    "link": "https://www.sec.gov/Archives/edgar/data/1101239/000119312506056358/0001193125-06-056358-index.htm",
    "finalLink": "https://www.sec.gov/Archives/edgar/data/1101239/000119312506056358/d10k.htm"
  },
  {
    "date": "2005-09-30",
    "symbol": "EQIX",
    "reportedCurrency": "USD",
    "cik": "0001101239",
    "fillingDate": "2005-10-26",
    "acceptedDate": "2005-10-26 15:37:20",
    "calendarYear": "2005",
    "period": "Q3",
    "revenue": 58096000,
    "costOfRevenue": 40955000,
    "grossProfit": 17141000,
    "grossProfitRatio": 0.2950461305,
    "researchAndDevelopmentExpenses": 0,
    "generalAndAdministrativeExpenses": 0,
    "sellingAndMarketingExpenses": 0,
    "sellingGeneralAndAdministrativeExpenses": 16907000,
    "otherExpenses": 0,
    "operatingExpenses": 16907000,
    "costAndExpenses": 57862000,
    "interestIncome": 0,
    "interestExpense": 0,
    "depreciationAndAmortization": 17334000,
    "ebitda": 17568000,
    "ebitdaratio": 0.3023960342,
    "operatingIncome": 234000,
    "operatingIncomeRatio": 0.004027816,
    "totalOtherIncomeExpensesNet": -853000,
    "incomeBeforeTax": -619000,
    "incomeBeforeTaxRatio": -0.0106547783,
    "incomeTaxExpense": 164000,
    "netIncome": -783000,
    "netIncomeRatio": -0.0134776921,
    "eps": -0.0325,
    "epsdiluted": -0.0325,
    "weightedAverageShsOut": 24076000,
    "weightedAverageShsOutDil": 24076000,
    "link": "https://www.sec.gov/Archives/edgar/data/1101239/000119312505208757/0001193125-05-208757-index.htm",
    "finalLink": "https://www.sec.gov/Archives/edgar/data/1101239/000119312505208757/d10q.htm"
  },
  {
    "date": "2005-06-30",
    "symbol": "EQIX",
    "reportedCurrency": "USD",
    "cik": "0001101239",
    "fillingDate": "2005-08-04",
    "acceptedDate": "2005-08-04 15:59:20",
    "calendarYear": "2005",
    "period": "Q2",
    "revenue": 52479000,
    "costOfRevenue": 38811000,
    "grossProfit": 13668000,
    "grossProfitRatio": 0.260447036,
    "researchAndDevelopmentExpenses": 0,
    "generalAndAdministrativeExpenses": 0,
    "sellingAndMarketingExpenses": 0,
    "sellingGeneralAndAdministrativeExpenses": 16172000,
    "otherExpenses": 0,
    "operatingExpenses": 16172000,
    "costAndExpenses": 54983000,
    "interestIncome": 0,
    "interestExpense": 0,
    "depreciationAndAmortization": 18210000,
    "ebitda": 15706000,
    "ebitdaratio": 0.2992816174,
    "operatingIncome": -2504000,
    "operatingIncomeRatio": -0.0477143238,
    "totalOtherIncomeExpensesNet": -1043000,
    "incomeBeforeTax": -3547000,
    "incomeBeforeTaxRatio": -0.0675889403,
    "incomeTaxExpense": -116000,
    "netIncome": -3431000,
    "netIncomeRatio": -0.0653785324,
    "eps": -0.14,
    "epsdiluted": -0.14,
    "weightedAverageShsOut": 23727000,
    "weightedAverageShsOutDil": 23727000,
    "link": "https://www.sec.gov/Archives/edgar/data/1101239/000119312505157740/0001193125-05-157740-index.htm",
    "finalLink": "https://www.sec.gov/Archives/edgar/data/1101239/000119312505157740/d10q.htm"
  },
  {
    "date": "2005-03-31",
    "symbol": "EQIX",
    "reportedCurrency": "USD",
    "cik": "0001101239",
    "fillingDate": "2005-05-04",
    "acceptedDate": "2005-05-04 14:50:45",
    "calendarYear": "2005",
    "period": "Q1",
    "revenue": 48684000,
    "costOfRevenue": 36873000,
    "grossProfit": 11811000,
    "grossProfitRatio": 0.2426053734,
    "researchAndDevelopmentExpenses": 0,
    "generalAndAdministrativeExpenses": 0,
    "sellingAndMarketingExpenses": 0,
    "sellingGeneralAndAdministrativeExpenses": 15308000,
    "otherExpenses": 0,
    "operatingExpenses": 15308000,
    "costAndExpenses": 52181000,
    "interestIncome": 0,
    "interestExpense": 0,
    "depreciationAndAmortization": 17491000,
    "ebitda": 13994000,
    "ebitdaratio": 0.2874455673,
    "operatingIncome": -3497000,
    "operatingIncomeRatio": -0.0718305809,
    "totalOtherIncomeExpensesNet": -1792000,
    "incomeBeforeTax": -5289000,
    "incomeBeforeTaxRatio": -0.1086393887,
    "incomeTaxExpense": 505000,
    "netIncome": -5794000,
    "netIncomeRatio": -0.1190124065,
    "eps": -0.26,
    "epsdiluted": -0.26,
    "weightedAverageShsOut": 21898000,
    "weightedAverageShsOutDil": 21898000,
    "link": "https://www.sec.gov/Archives/edgar/data/1101239/000119312505095518/0001193125-05-095518-index.htm",
    "finalLink": "https://www.sec.gov/Archives/edgar/data/1101239/000119312505095518/d10q.htm"
  },
  {
    "date": "2004-12-31",
    "symbol": "EQIX",
    "reportedCurrency": "USD",
    "cik": "0001101239",
    "fillingDate": "2005-03-10",
    "acceptedDate": "2005-03-10 15:59:50",
    "calendarYear": "2004",
    "period": "Q4",
    "revenue": 44989000,
    "costOfRevenue": 34705000,
    "grossProfit": 10284000,
    "grossProfitRatio": 0.2285892107,
    "researchAndDevelopmentExpenses": 0,
    "generalAndAdministrativeExpenses": 0,
    "sellingAndMarketingExpenses": 0,
    "sellingGeneralAndAdministrativeExpenses": 13056000,
    "otherExpenses": 17685000,
    "operatingExpenses": 30741000,
    "costAndExpenses": 65446000,
    "interestIncome": 0,
    "interestExpense": 0,
    "depreciationAndAmortization": 21277000,
    "ebitda": 18505000,
    "ebitdaratio": 0.4113227678,
    "operatingIncome": -20457000,
    "operatingIncomeRatio": -0.4547111516,
    "totalOtherIncomeExpensesNet": -2259000,
    "incomeBeforeTax": -22716000,
    "incomeBeforeTaxRatio": -0.5049234257,
    "incomeTaxExpense": -47000,
    "netIncome": -22669000,
    "netIncomeRatio": -0.5038787259,
    "eps": -1.23,
    "epsdiluted": -1.23,
    "weightedAverageShsOut": 18386000,
    "weightedAverageShsOutDil": 18386000,
    "link": "https://www.sec.gov/Archives/edgar/data/1101239/000119312505046552/0001193125-05-046552-index.htm",
    "finalLink": "https://www.sec.gov/Archives/edgar/data/1101239/000119312505046552/d10k.htm"
  },
  {
    "date": "2004-09-30",
    "symbol": "EQIX",
    "reportedCurrency": "USD",
    "cik": "0001101239",
    "fillingDate": "2004-11-04",
    "acceptedDate": "2004-11-04 14:51:17",
    "calendarYear": "2004",
    "period": "Q3",
    "revenue": 42439000,
    "costOfRevenue": 34310000,
    "grossProfit": 8129000,
    "grossProfitRatio": 0.1915455124,
    "researchAndDevelopmentExpenses": 0,
    "generalAndAdministrativeExpenses": 0,
    "sellingAndMarketingExpenses": 0,
    "sellingGeneralAndAdministrativeExpenses": 12727000,
    "otherExpenses": 0,
    "operatingExpenses": 12727000,
    "costAndExpenses": 47037000,
    "interestIncome": 0,
    "interestExpense": 0,
    "depreciationAndAmortization": 14406000,
    "ebitda": 9808000,
    "ebitdaratio": 0.2311081788,
    "operatingIncome": -4598000,
    "operatingIncomeRatio": -0.1083437404,
    "totalOtherIncomeExpensesNet": -2017000,
    "incomeBeforeTax": -6615000,
    "incomeBeforeTaxRatio": -0.1558707792,
    "incomeTaxExpense": 0,
    "netIncome": -6615000,
    "netIncomeRatio": -0.1558707792,
    "eps": -0.36,
    "epsdiluted": -0.36,
    "weightedAverageShsOut": 18386000,
    "weightedAverageShsOutDil": 18386000,
    "link": "https://www.sec.gov/Archives/edgar/data/1101239/000119312504186170/0001193125-04-186170-index.htm",
    "finalLink": "https://www.sec.gov/Archives/edgar/data/1101239/000119312504186170/d10q.htm"
  },
  {
    "date": "2004-06-30",
    "symbol": "EQIX",
    "reportedCurrency": "USD",
    "cik": "0001101239",
    "fillingDate": "2004-08-02",
    "acceptedDate": "2004-08-02 13:54:16",
    "calendarYear": "2004",
    "period": "Q2",
    "revenue": 39423000,
    "costOfRevenue": 34150000,
    "grossProfit": 5273000,
    "grossProfitRatio": 0.1337544073,
    "researchAndDevelopmentExpenses": 0,
    "generalAndAdministrativeExpenses": 0,
    "sellingAndMarketingExpenses": 0,
    "sellingGeneralAndAdministrativeExpenses": 12431000,
    "otherExpenses": 0,
    "operatingExpenses": 12431000,
    "costAndExpenses": 46581000,
    "interestIncome": 0,
    "interestExpense": 0,
    "depreciationAndAmortization": 14686000,
    "ebitda": 7528000,
    "ebitdaratio": 0.1909545189,
    "operatingIncome": -7158000,
    "operatingIncomeRatio": -0.1815691348,
    "totalOtherIncomeExpensesNet": -2041000,
    "incomeBeforeTax": -9199000,
    "incomeBeforeTaxRatio": -0.2333409431,
    "incomeTaxExpense": 6000,
    "netIncome": -9205000,
    "netIncomeRatio": -0.2334931385,
    "eps": -0.51,
    "epsdiluted": -0.51,
    "weightedAverageShsOut": 18191000,
    "weightedAverageShsOutDil": 18191000,
    "link": "https://www.sec.gov/Archives/edgar/data/1101239/000119312504129027/0001193125-04-129027-index.htm",
    "finalLink": "https://www.sec.gov/Archives/edgar/data/1101239/000119312504129027/d10q.htm"
  },
  {
    "date": "2004-03-31",
    "symbol": "EQIX",
    "reportedCurrency": "USD",
    "cik": "0001101239",
    "fillingDate": "2004-05-06",
    "acceptedDate": "2004-05-06 15:28:17",
    "calendarYear": "2004",
    "period": "Q1",
    "revenue": 36820000,
    "costOfRevenue": 33785000,
    "grossProfit": 3035000,
    "grossProfitRatio": 0.0824280282,
    "researchAndDevelopmentExpenses": 0,
    "generalAndAdministrativeExpenses": 0,
    "sellingAndMarketingExpenses": 0,
    "sellingGeneralAndAdministrativeExpenses": 12884000,
    "otherExpenses": 0,
    "operatingExpenses": 12884000,
    "costAndExpenses": 46669000,
    "interestIncome": 0,
    "interestExpense": 0,
    "depreciationAndAmortization": 15506000,
    "ebitda": 5657000,
    "ebitdaratio": 0.1536393265,
    "operatingIncome": -9849000,
    "operatingIncomeRatio": -0.2674904943,
    "totalOtherIncomeExpensesNet": -20099000,
    "incomeBeforeTax": -29948000,
    "incomeBeforeTaxRatio": -0.8133623031,
    "incomeTaxExpense": 194000,
    "netIncome": -30142000,
    "netIncomeRatio": -0.8186311787,
    "eps": -2,
    "epsdiluted": -2,
    "weightedAverageShsOut": 15104000,
    "weightedAverageShsOutDil": 15104000,
    "link": "https://www.sec.gov/Archives/edgar/data/1101239/000119312504080533/0001193125-04-080533-index.htm",
    "finalLink": "https://www.sec.gov/Archives/edgar/data/1101239/000119312504080533/d10q.htm"
  },
  {
    "date": "2003-12-31",
    "symbol": "EQIX",
    "reportedCurrency": "USD",
    "cik": "0001101239",
    "fillingDate": "2004-03-05",
    "acceptedDate": "2004-03-05 16:29:45",
    "calendarYear": "2003",
    "period": "Q4",
    "revenue": 33154000,
    "costOfRevenue": 32554000,
    "grossProfit": 600000,
    "grossProfitRatio": 0.0180973638,
    "researchAndDevelopmentExpenses": 0,
    "generalAndAdministrativeExpenses": 0,
    "sellingAndMarketingExpenses": 0,
    "sellingGeneralAndAdministrativeExpenses": 13216000,
    "otherExpenses": 0,
    "operatingExpenses": 13216000,
    "costAndExpenses": 45770000,
    "interestIncome": 0,
    "interestExpense": 0,
    "depreciationAndAmortization": 24467000,
    "ebitda": 11851000,
    "ebitdaratio": 0.3574530977,
    "operatingIncome": -12616000,
    "operatingIncomeRatio": -0.3805272365,
    "totalOtherIncomeExpensesNet": 12616000,
    "incomeBeforeTax": 0,
    "incomeBeforeTaxRatio": 0,
    "incomeTaxExpense": 0,
    "netIncome": -17697000,
    "netIncomeRatio": -0.5337817458,
    "eps": -1.9,
    "epsdiluted": -1.9,
    "weightedAverageShsOut": 9293000,
    "weightedAverageShsOutDil": 9293000,
    "link": "https://www.sec.gov/Archives/edgar/data/1101239/000119312504035568/0001193125-04-035568-index.htm",
    "finalLink": "https://www.sec.gov/Archives/edgar/data/1101239/000119312504035568/d10k.htm"
  },
  {
    "date": "2003-09-30",
    "symbol": "EQIX",
    "reportedCurrency": "USD",
    "cik": "0001101239",
    "fillingDate": "2003-10-28",
    "acceptedDate": "2003-10-28 15:29:05",
    "calendarYear": "2003",
    "period": "Q3",
    "revenue": 30919000,
    "costOfRevenue": 33314000,
    "grossProfit": -2395000,
    "grossProfitRatio": -0.0774604612,
    "researchAndDevelopmentExpenses": 0,
    "generalAndAdministrativeExpenses": 0,
    "sellingAndMarketingExpenses": 0,
    "sellingGeneralAndAdministrativeExpenses": 11891000,
    "otherExpenses": 0,
    "operatingExpenses": 11891000,
    "costAndExpenses": 45205000,
    "interestIncome": 0,
    "interestExpense": 0,
    "depreciationAndAmortization": 15666000,
    "ebitda": 1380000,
    "ebitdaratio": 0.0446327501,
    "operatingIncome": -14286000,
    "operatingIncomeRatio": -0.4620459911,
    "totalOtherIncomeExpensesNet": 14286000,
    "incomeBeforeTax": 0,
    "incomeBeforeTaxRatio": 0,
    "incomeTaxExpense": 0,
    "netIncome": -19718000,
    "netIncomeRatio": -0.6377308451,
    "eps": -2.12,
    "epsdiluted": -2.12,
    "weightedAverageShsOut": 9293000,
    "weightedAverageShsOutDil": 9293000,
    "link": "https://www.sec.gov/Archives/edgar/data/1101239/000119312503068402/0001193125-03-068402-index.htm",
    "finalLink": "https://www.sec.gov/Archives/edgar/data/1101239/000119312503068402/d10q.htm"
  },
  {
    "date": "2003-06-30",
    "symbol": "EQIX",
    "reportedCurrency": "USD",
    "cik": "0001101239",
    "fillingDate": "2003-08-04",
    "acceptedDate": "2003-08-04 14:12:21",
    "calendarYear": "2003",
    "period": "Q2",
    "revenue": 28434000,
    "costOfRevenue": 31634000,
    "grossProfit": -3200000,
    "grossProfitRatio": -0.1125413238,
    "researchAndDevelopmentExpenses": 0,
    "generalAndAdministrativeExpenses": 0,
    "sellingAndMarketingExpenses": 0,
    "sellingGeneralAndAdministrativeExpenses": 13042000,
    "otherExpenses": 0,
    "operatingExpenses": 13042000,
    "costAndExpenses": 44676000,
    "interestIncome": 0,
    "interestExpense": 0,
    "depreciationAndAmortization": 16531000,
    "ebitda": 289000,
    "ebitdaratio": 0.0101638883,
    "operatingIncome": -16242000,
    "operatingIncomeRatio": -0.5712175564,
    "totalOtherIncomeExpensesNet": 16242000,
    "incomeBeforeTax": 0,
    "incomeBeforeTaxRatio": 0,
    "incomeTaxExpense": 0,
    "netIncome": -21203000,
    "netIncomeRatio": -0.7456917774,
    "eps": -2.44,
    "epsdiluted": -2.44,
    "weightedAverageShsOut": 8706000,
    "weightedAverageShsOutDil": 8706000,
    "link": "https://www.sec.gov/Archives/edgar/data/1101239/000119312503028382/0001193125-03-028382-index.htm",
    "finalLink": "https://www.sec.gov/Archives/edgar/data/1101239/000119312503028382/d10q.htm"
  },
  {
    "date": "2003-03-31",
    "symbol": "EQIX",
    "reportedCurrency": "USD",
    "cik": "0001101239",
    "fillingDate": "2003-05-15",
    "acceptedDate": "2003-05-14 21:36:10",
    "calendarYear": "2003",
    "period": "Q1",
    "revenue": 25435000,
    "costOfRevenue": 30619000,
    "grossProfit": -5184000,
    "grossProfitRatio": -0.2038136426,
    "researchAndDevelopmentExpenses": 0,
    "generalAndAdministrativeExpenses": 0,
    "sellingAndMarketingExpenses": 0,
    "sellingGeneralAndAdministrativeExpenses": 15627000,
    "otherExpenses": 0,
    "operatingExpenses": 15627000,
    "costAndExpenses": 46246000,
    "interestIncome": 0,
    "interestExpense": 0,
    "depreciationAndAmortization": 17737000,
    "ebitda": -3074000,
    "ebitdaratio": -0.1208570867,
    "operatingIncome": -20811000,
    "operatingIncomeRatio": -0.8182032632,
    "totalOtherIncomeExpensesNet": 20811000,
    "incomeBeforeTax": 0,
    "incomeBeforeTaxRatio": 0,
    "incomeTaxExpense": 0,
    "netIncome": -25553000,
    "netIncomeRatio": -1.0046392766,
    "eps": -3,
    "epsdiluted": -3,
    "weightedAverageShsOut": 8512000,
    "weightedAverageShsOutDil": 8512000,
    "link": "https://www.sec.gov/Archives/edgar/data/1101239/000101287003002591/0001012870-03-002591-index.htm",
    "finalLink": "https://www.sec.gov/Archives/edgar/data/1101239/000101287003002591/d10q.htm"
  },
  {
    "date": "2002-12-31",
    "symbol": "EQIX",
    "reportedCurrency": "USD",
    "cik": "0001101239",
    "fillingDate": "2003-03-27",
    "acceptedDate": "2003-03-27 08:28:14",
    "calendarYear": "2002",
    "period": "Q4",
    "revenue": 18803000,
    "costOfRevenue": 25474000,
    "grossProfit": -6671000,
    "grossProfitRatio": -0.3547838111,
    "researchAndDevelopmentExpenses": 0,
    "generalAndAdministrativeExpenses": 0,
    "sellingAndMarketingExpenses": 0,
    "sellingGeneralAndAdministrativeExpenses": 11003000,
    "otherExpenses": -75000,
    "operatingExpenses": 10928000,
    "costAndExpenses": 36402000,
    "interestIncome": 0,
    "interestExpense": 0,
    "depreciationAndAmortization": 17373000,
    "ebitda": -301000,
    "ebitdaratio": -0.0160080838,
    "operatingIncome": -17599000,
    "operatingIncomeRatio": -0.9359676647,
    "totalOtherIncomeExpensesNet": 17599000,
    "incomeBeforeTax": 0,
    "incomeBeforeTaxRatio": 0,
    "incomeTaxExpense": 0,
    "netIncome": 60721000,
    "netIncomeRatio": 3.2293251077,
    "eps": 19.3,
    "epsdiluted": 19.3,
    "weightedAverageShsOut": 3145931,
    "weightedAverageShsOutDil": 3145931,
    "link": "https://www.sec.gov/Archives/edgar/data/1101239/000089843003002107/0000898430-03-002107-index.htm",
    "finalLink": "https://www.sec.gov/Archives/edgar/data/1101239/000089843003002107/d10k.htm"
  },
  {
    "date": "2002-09-30",
    "symbol": "EQIX",
    "reportedCurrency": "USD",
    "cik": "0001101239",
    "fillingDate": "2002-11-08",
    "acceptedDate": "2002-11-08 14:35:55",
    "calendarYear": "2002",
    "period": "Q3",
    "revenue": 20187000,
    "costOfRevenue": 26217000,
    "grossProfit": -6030000,
    "grossProfitRatio": -0.2987070887,
    "researchAndDevelopmentExpenses": 0,
    "generalAndAdministrativeExpenses": 0,
    "sellingAndMarketingExpenses": 0,
    "sellingGeneralAndAdministrativeExpenses": 11047000,
    "otherExpenses": 19010000,
    "operatingExpenses": 30057000,
    "costAndExpenses": 56274000,
    "interestIncome": 0,
    "interestExpense": 0,
    "depreciationAndAmortization": 17019000,
    "ebitda": -58000,
    "ebitdaratio": -0.0028731362,
    "operatingIncome": -36087000,
    "operatingIncomeRatio": -1.7876356071,
    "totalOtherIncomeExpensesNet": 36087000,
    "incomeBeforeTax": 0,
    "incomeBeforeTaxRatio": 0,
    "incomeTaxExpense": 0,
    "netIncome": -44088000,
    "netIncomeRatio": -2.183979789,
    "eps": -14.01,
    "epsdiluted": -14.01,
    "weightedAverageShsOut": 3145931,
    "weightedAverageShsOutDil": 3145931,
    "link": "https://www.sec.gov/Archives/edgar/data/1101239/000101287002004255/0001012870-02-004255-index.htm",
    "finalLink": "https://www.sec.gov/Archives/edgar/data/1101239/000101287002004255/d10q.htm"
  },
  {
    "date": "2002-06-30",
    "symbol": "EQIX",
    "reportedCurrency": "USD",
    "cik": "0001101239",
    "fillingDate": "2002-08-14",
    "acceptedDate": "2002-08-14 13:18:43",
    "calendarYear": "2002",
    "period": "Q2",
    "revenue": 18040000,
    "costOfRevenue": 26956000,
    "grossProfit": -8916000,
    "grossProfitRatio": -0.4942350333,
    "researchAndDevelopmentExpenses": 0,
    "generalAndAdministrativeExpenses": 0,
    "sellingAndMarketingExpenses": 0,
    "sellingGeneralAndAdministrativeExpenses": 12945000,
    "otherExpenses": 9950000,
    "operatingExpenses": 22895000,
    "costAndExpenses": 49851000,
    "interestIncome": 0,
    "interestExpense": 0,
    "depreciationAndAmortization": 15648000,
    "ebitda": -6213000,
    "ebitdaratio": -0.3444013304,
    "operatingIncome": -31811000,
    "operatingIncomeRatio": -1.7633592018,
    "totalOtherIncomeExpensesNet": 31811000,
    "incomeBeforeTax": 0,
    "incomeBeforeTaxRatio": 0,
    "incomeTaxExpense": 0,
    "netIncome": -24557000,
    "netIncomeRatio": -1.3612527716,
    "eps": -7.94,
    "epsdiluted": -7.94,
    "weightedAverageShsOut": 3091875,
    "weightedAverageShsOutDil": 3091875,
    "link": "https://www.sec.gov/Archives/edgar/data/1101239/000102140802010889/0001021408-02-010889-index.htm",
    "finalLink": "https://www.sec.gov/Archives/edgar/data/1101239/000102140802010889/d10q.htm"
  },
  {
    "date": "2002-03-31",
    "symbol": "EQIX",
    "reportedCurrency": "USD",
    "cik": "0001101239",
    "fillingDate": "2002-05-06",
    "acceptedDate": "2002-05-03 20:39:37",
    "calendarYear": "2002",
    "period": "Q1",
    "revenue": 20158000,
    "costOfRevenue": 25426000,
    "grossProfit": -5268000,
    "grossProfitRatio": -0.2613354499,
    "researchAndDevelopmentExpenses": 0,
    "generalAndAdministrativeExpenses": 0,
    "sellingAndMarketingExpenses": 0,
    "sellingGeneralAndAdministrativeExpenses": 10911000,
    "otherExpenses": 0,
    "operatingExpenses": 10911000,
    "costAndExpenses": 36337000,
    "interestIncome": 0,
    "interestExpense": 0,
    "depreciationAndAmortization": 16897000,
    "ebitda": 718000,
    "ebitdaratio": 0.035618613,
    "operatingIncome": -16179000,
    "operatingIncomeRatio": -0.8026093859,
    "totalOtherIncomeExpensesNet": 16179000,
    "incomeBeforeTax": 0,
    "incomeBeforeTaxRatio": 0,
    "incomeTaxExpense": 0,
    "netIncome": -13694000,
    "netIncomeRatio": -0.6793332672,
    "eps": -5.15,
    "epsdiluted": -5.15,
    "weightedAverageShsOut": 2660437,
    "weightedAverageShsOutDil": 2660437,
    "link": "https://www.sec.gov/Archives/edgar/data/1101239/000101287002002114/0001012870-02-002114-index.htm",
    "finalLink": "https://www.sec.gov/Archives/edgar/data/1101239/000101287002002114/d10q.htm"
  },
  {
    "date": "2001-12-31",
    "symbol": "EQIX",
    "reportedCurrency": "USD",
    "cik": "0001101239",
    "fillingDate": "2002-03-25",
    "acceptedDate": "2002-03-25 00:00:00",
    "calendarYear": "2001",
    "period": "Q4",
    "revenue": 17466000,
    "costOfRevenue": 20296000,
    "grossProfit": -2830000,
    "grossProfitRatio": -0.1620290851,
    "researchAndDevelopmentExpenses": 0,
    "generalAndAdministrativeExpenses": 0,
    "sellingAndMarketingExpenses": 0,
    "sellingGeneralAndAdministrativeExpenses": 14934000,
    "otherExpenses": 0,
    "operatingExpenses": 14934000,
    "costAndExpenses": 35230000,
    "interestIncome": 0,
    "interestExpense": 0,
    "depreciationAndAmortization": 17515000,
    "ebitda": -249000,
    "ebitdaratio": -0.0142562693,
    "operatingIncome": -17764000,
    "operatingIncomeRatio": -1.0170617199,
    "totalOtherIncomeExpensesNet": 17764000,
    "incomeBeforeTax": 0,
    "incomeBeforeTaxRatio": 0,
    "incomeTaxExpense": 0,
    "netIncome": -27447000,
    "netIncomeRatio": -1.5714531089,
    "eps": -11.09,
    "epsdiluted": -11.09,
    "weightedAverageShsOut": 2474515,
    "weightedAverageShsOutDil": 2474515,
    "link": "https://www.sec.gov/Archives/edgar/data/1101239/000101287002001401/0001012870-02-001401-index.htm",
    "finalLink": "https://www.sec.gov/Archives/edgar/data/1101239/000101287002001401/d10k405.txt"
  },
  {
    "date": "2001-09-30",
    "symbol": "EQIX",
    "reportedCurrency": "USD",
    "cik": "0001101239",
    "fillingDate": "2001-11-13",
    "acceptedDate": "2001-11-13 00:00:00",
    "calendarYear": "2001",
    "period": "Q3",
    "revenue": 17178000,
    "costOfRevenue": 24597000,
    "grossProfit": -7419000,
    "grossProfitRatio": -0.4318896263,
    "researchAndDevelopmentExpenses": 0,
    "generalAndAdministrativeExpenses": 0,
    "sellingAndMarketingExpenses": 0,
    "sellingGeneralAndAdministrativeExpenses": 16603000,
    "otherExpenses": 48565000,
    "operatingExpenses": 65168000,
    "costAndExpenses": 89765000,
    "interestIncome": 0,
    "interestExpense": 0,
    "depreciationAndAmortization": 17554000,
    "ebitda": -6468000,
    "ebitdaratio": -0.3765281174,
    "operatingIncome": -72587000,
    "operatingIncomeRatio": -4.2255792292,
    "totalOtherIncomeExpensesNet": 72587000,
    "incomeBeforeTax": 0,
    "incomeBeforeTaxRatio": 0,
    "incomeTaxExpense": 0,
    "netIncome": -81574000,
    "netIncomeRatio": -4.7487483991,
    "eps": -32.97,
    "epsdiluted": -32.97,
    "weightedAverageShsOut": 2474515,
    "weightedAverageShsOutDil": 2474515,
    "link": "https://www.sec.gov/Archives/edgar/data/1101239/000101287001502743/0001012870-01-502743-index.htm",
    "finalLink": "https://www.sec.gov/Archives/edgar/data/1101239/000101287001502743/d10q.txt"
  },
  {
    "date": "2001-06-30",
    "symbol": "EQIX",
    "reportedCurrency": "USD",
    "cik": "0001101239",
    "fillingDate": "2001-08-14",
    "acceptedDate": "2001-08-14 00:00:00",
    "calendarYear": "2001",
    "period": "Q2",
    "revenue": 16157000,
    "costOfRevenue": 26318000,
    "grossProfit": -10161000,
    "grossProfitRatio": -0.6288915021,
    "researchAndDevelopmentExpenses": 0,
    "generalAndAdministrativeExpenses": 0,
    "sellingAndMarketingExpenses": 0,
    "sellingGeneralAndAdministrativeExpenses": 19783000,
    "otherExpenses": 0,
    "operatingExpenses": 19783000,
    "costAndExpenses": 46101000,
    "interestIncome": 0,
    "interestExpense": 0,
    "depreciationAndAmortization": 20309000,
    "ebitda": -9635000,
    "ebitdaratio": -0.5963359535,
    "operatingIncome": -29944000,
    "operatingIncomeRatio": -1.8533143529,
    "totalOtherIncomeExpensesNet": 29944000,
    "incomeBeforeTax": 0,
    "incomeBeforeTaxRatio": 0,
    "incomeTaxExpense": 0,
    "netIncome": -37857000,
    "netIncomeRatio": -2.3430711147,
    "eps": -15.49,
    "epsdiluted": -15.49,
    "weightedAverageShsOut": 2443591,
    "weightedAverageShsOutDil": 2443591,
    "link": "https://www.sec.gov/Archives/edgar/data/1101239/000101287001501607/0001012870-01-501607-index.htm",
    "finalLink": "https://www.sec.gov/Archives/edgar/data/1101239/000101287001501607/d10q.txt"
  },
  {
    "date": "2001-03-31",
    "symbol": "EQIX",
    "reportedCurrency": "USD",
    "cik": "0001101239",
    "fillingDate": "2001-05-03",
    "acceptedDate": "2001-05-03 00:00:00",
    "calendarYear": "2001",
    "period": "Q1",
    "revenue": 12613000,
    "costOfRevenue": 3172000,
    "grossProfit": 9441000,
    "grossProfitRatio": 0.7485134385,
    "researchAndDevelopmentExpenses": 0,
    "generalAndAdministrativeExpenses": 0,
    "sellingAndMarketingExpenses": 0,
    "sellingGeneralAndAdministrativeExpenses": 23901000,
    "otherExpenses": 20506000,
    "operatingExpenses": 44407000,
    "costAndExpenses": 47579000,
    "interestIncome": 0,
    "interestExpense": 0,
    "depreciationAndAmortization": 20506000,
    "ebitda": -14460000,
    "ebitdaratio": -1.1464362166,
    "operatingIncome": -34966000,
    "operatingIncomeRatio": -2.772219139,
    "totalOtherIncomeExpensesNet": 34966000,
    "incomeBeforeTax": 0,
    "incomeBeforeTaxRatio": 0,
    "incomeTaxExpense": 0,
    "netIncome": -41537000,
    "netIncomeRatio": -3.2931895663,
    "eps": -17.37,
    "epsdiluted": -17.37,
    "weightedAverageShsOut": 2390694,
    "weightedAverageShsOutDil": 2390694,
    "link": "https://www.sec.gov/Archives/edgar/data/1101239/000101287001500585/0001012870-01-500585-index.htm",
    "finalLink": "https://www.sec.gov/Archives/edgar/data/1101239/000101287001500585/d10q.txt"
  },
  {
    "date": "2000-12-31",
    "symbol": "EQIX",
    "reportedCurrency": "USD",
    "cik": "0001101239",
    "fillingDate": "2001-03-27",
    "acceptedDate": "2001-03-27 00:00:00",
    "calendarYear": "2000",
    "period": "Q4",
    "revenue": 8055000,
    "costOfRevenue": -1412000,
    "grossProfit": 9467000,
    "grossProfitRatio": 1.1752948479,
    "researchAndDevelopmentExpenses": 0,
    "generalAndAdministrativeExpenses": 0,
    "sellingAndMarketingExpenses": 0,
    "sellingGeneralAndAdministrativeExpenses": 24935000,
    "otherExpenses": 23219000,
    "operatingExpenses": 48154000,
    "costAndExpenses": 46742000,
    "interestIncome": 0,
    "interestExpense": 0,
    "depreciationAndAmortization": 23219000,
    "ebitda": -15468000,
    "ebitdaratio": -1.9202979516,
    "operatingIncome": -38687000,
    "operatingIncomeRatio": -4.8028553693,
    "totalOtherIncomeExpensesNet": 38687000,
    "incomeBeforeTax": 0,
    "incomeBeforeTaxRatio": 0,
    "incomeTaxExpense": 0,
    "netIncome": -42885000,
    "netIncomeRatio": -5.3240223464,
    "eps": -30.09,
    "epsdiluted": -30.09,
    "weightedAverageShsOut": 1425214,
    "weightedAverageShsOutDil": 1425214,
    "link": "https://www.sec.gov/Archives/edgar/data/1101239/000101287001001327/0001012870-01-001327-index.htm",
    "finalLink": "https://www.sec.gov/Archives/edgar/data/1101239/000101287001001327/0001012870-01-001327-0001.txt"
  },
  {
    "date": "2000-09-30",
    "symbol": "EQIX",
    "reportedCurrency": "USD",
    "cik": "0001101239",
    "fillingDate": "2000-11-09",
    "acceptedDate": "2000-11-09 00:00:00",
    "calendarYear": "2000",
    "period": "Q3",
    "revenue": 3933000,
    "costOfRevenue": -1602000,
    "grossProfit": 5535000,
    "grossProfitRatio": 1.4073226545,
    "researchAndDevelopmentExpenses": 0,
    "generalAndAdministrativeExpenses": 0,
    "sellingAndMarketingExpenses": 0,
    "sellingGeneralAndAdministrativeExpenses": 21464000,
    "otherExpenses": 14021000,
    "operatingExpenses": 35485000,
    "costAndExpenses": 33883000,
    "interestIncome": 0,
    "interestExpense": 0,
    "depreciationAndAmortization": 14021400,
    "ebitda": -15928600,
    "ebitdaratio": -4.0499872871,
    "operatingIncome": -29950000,
    "operatingIncomeRatio": -7.6150521231,
    "totalOtherIncomeExpensesNet": 29950000,
    "incomeBeforeTax": 0,
    "incomeBeforeTaxRatio": 0,
    "incomeTaxExpense": 0,
    "netIncome": -32085000,
    "netIncomeRatio": -8.1578947368,
    "eps": -22.51,
    "epsdiluted": -22.51,
    "weightedAverageShsOut": 1425214,
    "weightedAverageShsOutDil": 1425214,
    "link": "https://www.sec.gov/Archives/edgar/data/1101239/000101287000005617/0001012870-00-005617-index.htm",
    "finalLink": "https://www.sec.gov/Archives/edgar/data/1101239/000101287000005617/0001012870-00-005617-0001.txt"
  },
  {
    "date": "2000-06-30",
    "symbol": "EQIX",
    "reportedCurrency": "USD",
    "cik": "0001101239",
    "fillingDate": "2000-07-20",
    "acceptedDate": "2000-07-20 00:00:00",
    "calendarYear": "2000",
    "period": "Q2",
    "revenue": 892000,
    "costOfRevenue": -2654000,
    "grossProfit": 3546000,
    "grossProfitRatio": 3.9753363229,
    "researchAndDevelopmentExpenses": 0,
    "generalAndAdministrativeExpenses": 0,
    "sellingAndMarketingExpenses": 0,
    "sellingGeneralAndAdministrativeExpenses": 20106000,
    "otherExpenses": 7957000,
    "operatingExpenses": 28063000,
    "costAndExpenses": 25409000,
    "interestIncome": 0,
    "interestExpense": 0,
    "depreciationAndAmortization": 9725600,
    "ebitda": -14791400,
    "ebitdaratio": -16.5822869955,
    "operatingIncome": -24517000,
    "operatingIncomeRatio": -27.485426009,
    "totalOtherIncomeExpensesNet": 24517000,
    "incomeBeforeTax": 0,
    "incomeBeforeTaxRatio": 0,
    "incomeTaxExpense": 0,
    "netIncome": -26811000,
    "netIncomeRatio": -30.0571748879,
    "eps": -83.64,
    "epsdiluted": -20.45,
    "weightedAverageShsOut": 320543,
    "weightedAverageShsOutDil": 1311264,
    "link": "https://www.sec.gov/Archives/edgar/data/1101239/000101287000003870/0001012870-00-003870-index.htm",
    "finalLink": "https://www.sec.gov/Archives/edgar/data/1101239/000101287000003870/0001012870-00-003870-0001.txt"
  },
  {
    "date": "2000-03-31",
    "symbol": "EQIX",
    "reportedCurrency": "USD",
    "cik": "0001101239",
    "fillingDate": "2000-03-31",
    "acceptedDate": "2000-03-31 00:00:00",
    "calendarYear": "2000",
    "period": "Q1",
    "revenue": 135600,
    "costOfRevenue": -2867000,
    "grossProfit": 3003000,
    "grossProfitRatio": 22.1460176991,
    "researchAndDevelopmentExpenses": 0,
    "generalAndAdministrativeExpenses": 0,
    "sellingAndMarketingExpenses": 0,
    "sellingGeneralAndAdministrativeExpenses": 10770000,
    "otherExpenses": 6188000,
    "operatingExpenses": 16958000,
    "costAndExpenses": 14091000,
    "interestIncome": 0,
    "interestExpense": 0,
    "depreciationAndAmortization": 6188000,
    "ebitda": -7767000,
    "ebitdaratio": -57.2787610619,
    "operatingIncome": -13955000,
    "operatingIncomeRatio": -102.912979351,
    "totalOtherIncomeExpensesNet": 13955000,
    "incomeBeforeTax": 0,
    "incomeBeforeTaxRatio": 0,
    "incomeTaxExpense": 0,
    "netIncome": -18008800,
    "netIncomeRatio": -132.808259587,
    "eps": -76.67,
    "epsdiluted": -76.67,
    "weightedAverageShsOut": 234875,
    "weightedAverageShsOutDil": 234875,
    "link": null,
    "finalLink": null
  }
]