[
  {
    "date": "2025-06-30",
    "symbol": "EQR",
    "reportedCurrency": "USD",
    "cik": "0000906107",
    "fillingDate": "2025-08-06",
    "acceptedDate": "2025-08-06 16:19:31",
    "calendarYear": "2025",
    "period": "Q2",
    "revenue": 768827000,
    "costOfRevenue": 283392000,
    "grossProfit": 485435000,
    "grossProfitRatio": 0.6313969202,
    "researchAndDevelopmentExpenses": 0,
    "generalAndAdministrativeExpenses": 18531000,
    "sellingAndMarketingExpenses": 0,
    "sellingGeneralAndAdministrativeExpenses": 18531000,
    "otherExpenses": 240889000,
    "operatingExpenses": 259420000,
    "costAndExpenses": 542812000,
    "interestIncome": 0,
    "interestExpense": 75317000,
    "depreciationAndAmortization": 244095000,
    "ebitda": 523611000,
    "ebitdaratio": 0.6810517841,
    "operatingIncome": 226015000,
    "operatingIncomeRatio": 0.2939738069,
    "totalOtherIncomeExpensesNet": -21816000,
    "incomeBeforeTax": 204199000,
    "incomeBeforeTaxRatio": 0.2655981124,
    "incomeTaxExpense": 5403000,
    "netIncome": 192356000,
    "netIncomeRatio": 0.2501941269,
    "eps": 0.51,
    "epsdiluted": 0.5,
    "weightedAverageShsOut": 389837000,
    "weightedAverageShsOutDil": 391498000,
    "link": "https://www.sec.gov/Archives/edgar/data/906107/000095017025104090/0000950170-25-104090-index.htm",
    "finalLink": "https://www.sec.gov/Archives/edgar/data/906107/000095017025104090/eqr-20250630.htm"
  },
  {
    "date": "2025-03-31",
    "symbol": "EQR",
    "reportedCurrency": "USD",
    "cik": "0000906107",
    "fillingDate": "2025-04-30",
    "acceptedDate": "2025-04-30 16:19:23",
    "calendarYear": "2025",
    "period": "Q1",
    "revenue": 760810000,
    "costOfRevenue": 291541000,
    "grossProfit": 469269000,
    "grossProfitRatio": 0.6168018296,
    "researchAndDevelopmentExpenses": 0,
    "generalAndAdministrativeExpenses": 0,
    "sellingAndMarketingExpenses": 0,
    "sellingGeneralAndAdministrativeExpenses": 18255000,
    "otherExpenses": 0,
    "operatingExpenses": 18255000,
    "costAndExpenses": 309796000,
    "interestIncome": 0,
    "interestExpense": 0,
    "depreciationAndAmortization": 256745999,
    "ebitda": 451014000,
    "ebitdaratio": 0.5928076655,
    "operatingIncome": 451014000,
    "operatingIncomeRatio": 0.5928076655,
    "totalOtherIncomeExpensesNet": -185794000,
    "incomeBeforeTax": 265220000,
    "incomeBeforeTaxRatio": 0.3486021477,
    "incomeTaxExpense": 422000,
    "netIncome": 256592000,
    "netIncomeRatio": 0.3372616028,
    "eps": 0.69,
    "epsdiluted": 0.67,
    "weightedAverageShsOut": 379208000,
    "weightedAverageShsOutDil": 391179000,
    "link": "https://www.sec.gov/Archives/edgar/data/906107/000095017025061082/0000950170-25-061082-index.htm",
    "finalLink": "https://www.sec.gov/Archives/edgar/data/906107/000095017025061082/eqr-20250331.htm"
  },
  {
    "date": "2024-12-31",
    "symbol": "EQR",
    "reportedCurrency": "USD",
    "cik": "0000906107",
    "fillingDate": "2025-02-13",
    "acceptedDate": "2025-02-13 16:13:57",
    "calendarYear": "2024",
    "period": "Q4",
    "revenue": 766779000,
    "costOfRevenue": 277383000,
    "grossProfit": 489396000,
    "grossProfitRatio": 0.6382490913,
    "researchAndDevelopmentExpenses": 0,
    "generalAndAdministrativeExpenses": 0,
    "sellingAndMarketingExpenses": 0,
    "sellingGeneralAndAdministrativeExpenses": 12751000,
    "otherExpenses": 0,
    "operatingExpenses": 12751000,
    "costAndExpenses": 290134000,
    "interestIncome": 0,
    "interestExpense": 0,
    "depreciationAndAmortization": 267378000,
    "ebitda": 479873000,
    "ebitdaratio": 0.6258296067,
    "operatingIncome": 476645000,
    "operatingIncomeRatio": 0.6216197888,
    "totalOtherIncomeExpensesNet": -42443000,
    "incomeBeforeTax": 434202000,
    "incomeBeforeTaxRatio": 0.5662674643,
    "incomeTaxExpense": 331000,
    "netIncome": 419115000,
    "netIncomeRatio": 0.5465916516,
    "eps": 1.1,
    "epsdiluted": 1.1,
    "weightedAverageShsOut": 380936063,
    "weightedAverageShsOutDil": 391194576,
    "link": "https://www.sec.gov/Archives/edgar/data/906107/000095017025019894/0000950170-25-019894-index.htm",
    "finalLink": "https://www.sec.gov/Archives/edgar/data/906107/000095017025019894/eqr-20241231.htm"
  },
  {
    "date": "2024-09-30",
    "symbol": "EQR",
    "reportedCurrency": "USD",
    "cik": "0000906107",
    "fillingDate": "2024-11-04",
    "acceptedDate": "2024-11-04 16:16:45",
    "calendarYear": "2024",
    "period": "Q3",
    "revenue": 748348000,
    "costOfRevenue": 272587000,
    "grossProfit": 475761000,
    "grossProfitRatio": 0.6357483417,
    "researchAndDevelopmentExpenses": 0,
    "generalAndAdministrativeExpenses": 0,
    "sellingAndMarketingExpenses": 0,
    "sellingGeneralAndAdministrativeExpenses": 14551000,
    "otherExpenses": 0,
    "operatingExpenses": 14551000,
    "costAndExpenses": 287138000,
    "interestIncome": 0,
    "interestExpense": 0,
    "depreciationAndAmortization": 237948000,
    "ebitda": 461210000,
    "ebitdaratio": 0.6163041793,
    "operatingIncome": 461210000,
    "operatingIncomeRatio": 0.6163041793,
    "totalOtherIncomeExpensesNet": -312403000,
    "incomeBeforeTax": 148807000,
    "incomeBeforeTaxRatio": 0.1988473277,
    "incomeTaxExpense": 290000,
    "netIncome": 143446000,
    "netIncomeRatio": 0.1916835483,
    "eps": 0.39,
    "epsdiluted": 0.38,
    "weightedAverageShsOut": 378756000,
    "weightedAverageShsOutDil": 391026000,
    "link": "https://www.sec.gov/Archives/edgar/data/906107/000095017024120716/0000950170-24-120716-index.htm",
    "finalLink": "https://www.sec.gov/Archives/edgar/data/906107/000095017024120716/eqr-20240930.htm"
  },
  {
    "date": "2024-06-30",
    "symbol": "EQR",
    "reportedCurrency": "USD",
    "cik": "0000906107",
    "fillingDate": "2024-08-01",
    "acceptedDate": "2024-08-01 16:15:42",
    "calendarYear": "2024",
    "period": "Q2",
    "revenue": 734163000,
    "costOfRevenue": 265579999,
    "grossProfit": 468583000,
    "grossProfitRatio": 0.63825472,
    "researchAndDevelopmentExpenses": 0,
    "generalAndAdministrativeExpenses": 0,
    "sellingAndMarketingExpenses": 0,
    "sellingGeneralAndAdministrativeExpenses": 18631000,
    "otherExpenses": 0,
    "operatingExpenses": 18631000,
    "costAndExpenses": 284210999,
    "interestIncome": 0,
    "interestExpense": 0,
    "depreciationAndAmortization": 224398000,
    "ebitda": 449952000,
    "ebitdaratio": 0.6128775217,
    "operatingIncome": 449952000,
    "operatingIncomeRatio": 0.6128775217,
    "totalOtherIncomeExpensesNet": -266066000,
    "incomeBeforeTax": 183886000,
    "incomeBeforeTaxRatio": 0.2504702634,
    "incomeTaxExpense": 331000,
    "netIncome": 177483000,
    "netIncomeRatio": 0.241748767,
    "eps": 0.47,
    "epsdiluted": 0.45,
    "weightedAverageShsOut": 378578000,
    "weightedAverageShsOutDil": 390542000,
    "link": "https://www.sec.gov/Archives/edgar/data/906107/000095017024089300/0000950170-24-089300-index.htm",
    "finalLink": "https://www.sec.gov/Archives/edgar/data/906107/000095017024089300/eqr-20240630.htm"
  },
  {
    "date": "2024-03-31",
    "symbol": "EQR",
    "reportedCurrency": "USD",
    "cik": "0000906107",
    "fillingDate": "2024-05-02",
    "acceptedDate": "2024-05-02 16:17:00",
    "calendarYear": "2024",
    "period": "Q1",
    "revenue": 730818000,
    "costOfRevenue": 279015000,
    "grossProfit": 451803000,
    "grossProfitRatio": 0.6182154791,
    "researchAndDevelopmentExpenses": 0,
    "generalAndAdministrativeExpenses": 0,
    "sellingAndMarketingExpenses": 0,
    "sellingGeneralAndAdministrativeExpenses": 15720000,
    "otherExpenses": 0,
    "operatingExpenses": 15720000,
    "costAndExpenses": 294735000,
    "interestIncome": 0,
    "interestExpense": 0,
    "depreciationAndAmortization": 225695000,
    "ebitda": 436083000,
    "ebitdaratio": 0.5967053357,
    "operatingIncome": 436083000,
    "operatingIncomeRatio": 0.5967053357,
    "totalOtherIncomeExpensesNet": -130747000,
    "incomeBeforeTax": 305336000,
    "incomeBeforeTaxRatio": 0.4178003279,
    "incomeTaxExpense": 304000,
    "netIncome": 295787000,
    "netIncomeRatio": 0.4047341472,
    "eps": 0.78,
    "epsdiluted": 0.77,
    "weightedAverageShsOut": 378812000,
    "weightedAverageShsOutDil": 390561000,
    "link": "https://www.sec.gov/Archives/edgar/data/906107/000095017024052144/0000950170-24-052144-index.htm",
    "finalLink": "https://www.sec.gov/Archives/edgar/data/906107/000095017024052144/eqr-20240331.htm"
  },
  {
    "date": "2023-12-31",
    "symbol": "EQR",
    "reportedCurrency": "USD",
    "cik": "0000906107",
    "fillingDate": "2024-02-15",
    "acceptedDate": "2024-02-15 16:20:41",
    "calendarYear": "2023",
    "period": "Q4",
    "revenue": 727500000,
    "costOfRevenue": 252135000,
    "grossProfit": 475365000,
    "grossProfitRatio": 0.6534226804,
    "researchAndDevelopmentExpenses": 0,
    "generalAndAdministrativeExpenses": 0,
    "sellingAndMarketingExpenses": 0,
    "sellingGeneralAndAdministrativeExpenses": 11581000,
    "otherExpenses": 0,
    "operatingExpenses": 11581000,
    "costAndExpenses": 263716000,
    "interestIncome": 0,
    "interestExpense": 0,
    "depreciationAndAmortization": 228569000,
    "ebitda": 465565000,
    "ebitdaratio": 0.63995189,
    "operatingIncome": 463784000,
    "operatingIncomeRatio": 0.6375037801,
    "totalOtherIncomeExpensesNet": -141259000,
    "incomeBeforeTax": 322525000,
    "incomeBeforeTaxRatio": 0.4433333333,
    "incomeTaxExpense": 256000,
    "netIncome": 311692000,
    "netIncomeRatio": 0.4284426117,
    "eps": 0.82,
    "epsdiluted": 0.8,
    "weightedAverageShsOut": 379247000,
    "weightedAverageShsOutDil": 390787000,
    "link": "https://www.sec.gov/Archives/edgar/data/906107/000095017024015907/0000950170-24-015907-index.htm",
    "finalLink": "https://www.sec.gov/Archives/edgar/data/906107/000095017024015907/eqr-20231231.htm"
  },
  {
    "date": "2023-09-30",
    "symbol": "EQR",
    "reportedCurrency": "USD",
    "cik": "0000906107",
    "fillingDate": "2023-11-02",
    "acceptedDate": "2023-11-02 16:13:50",
    "calendarYear": "2023",
    "period": "Q3",
    "revenue": 724067000,
    "costOfRevenue": 260113999,
    "grossProfit": 463953000,
    "grossProfitRatio": 0.6407597639,
    "researchAndDevelopmentExpenses": 0,
    "generalAndAdministrativeExpenses": 0,
    "sellingAndMarketingExpenses": 0,
    "sellingGeneralAndAdministrativeExpenses": 14094000,
    "otherExpenses": 0,
    "operatingExpenses": 14094000,
    "costAndExpenses": 274207999,
    "interestIncome": 0,
    "interestExpense": 0,
    "depreciationAndAmortization": 224736000,
    "ebitda": 449859000,
    "ebitdaratio": 0.6212947144,
    "operatingIncome": 449859000,
    "operatingIncomeRatio": 0.6212947144,
    "totalOtherIncomeExpensesNet": -268315000,
    "incomeBeforeTax": 181544000,
    "incomeBeforeTaxRatio": 0.2507281785,
    "incomeTaxExpense": 258000,
    "netIncome": 172508000,
    "netIncomeRatio": 0.2382486704,
    "eps": 0.45,
    "epsdiluted": 0.45,
    "weightedAverageShsOut": 378853000,
    "weightedAverageShsOutDil": 378853000,
    "link": "https://www.sec.gov/Archives/edgar/data/906107/000095017023058214/0000950170-23-058214-index.htm",
    "finalLink": "https://www.sec.gov/Archives/edgar/data/906107/000095017023058214/eqr-20230930.htm"
  },
  {
    "date": "2023-06-30",
    "symbol": "EQR",
    "reportedCurrency": "USD",
    "cik": "0000906107",
    "fillingDate": "2023-08-02",
    "acceptedDate": "2023-08-02 16:21:40",
    "calendarYear": "2023",
    "period": "Q2",
    "revenue": 717309000,
    "costOfRevenue": 258529999,
    "grossProfit": 458779000,
    "grossProfitRatio": 0.6395834989,
    "researchAndDevelopmentExpenses": 0,
    "generalAndAdministrativeExpenses": 0,
    "sellingAndMarketingExpenses": 0,
    "sellingGeneralAndAdministrativeExpenses": 18876000,
    "otherExpenses": 0,
    "operatingExpenses": 18876000,
    "costAndExpenses": 277405999,
    "interestIncome": 0,
    "interestExpense": 0,
    "depreciationAndAmortization": 221355000,
    "ebitda": 439903000,
    "ebitdaratio": 0.6132684798,
    "operatingIncome": 439903000,
    "operatingIncomeRatio": 0.6132684798,
    "totalOtherIncomeExpensesNet": -294705000,
    "incomeBeforeTax": 145198000,
    "incomeBeforeTaxRatio": 0.2024204353,
    "incomeTaxExpense": 336000,
    "netIncome": 139203000,
    "netIncomeRatio": 0.1940628098,
    "eps": 0.37,
    "epsdiluted": 0.37,
    "weightedAverageShsOut": 378642000,
    "weightedAverageShsOutDil": 378642000,
    "link": "https://www.sec.gov/Archives/edgar/data/906107/000095017023037206/0000950170-23-037206-index.htm",
    "finalLink": "https://www.sec.gov/Archives/edgar/data/906107/000095017023037206/eqr-20230630.htm"
  },
  {
    "date": "2023-03-31",
    "symbol": "EQR",
    "reportedCurrency": "USD",
    "cik": "0000906107",
    "fillingDate": "2023-04-28",
    "acceptedDate": "2023-04-28 16:18:00",
    "calendarYear": "2023",
    "period": "Q1",
    "revenue": 705088000,
    "costOfRevenue": 275714000,
    "grossProfit": 429374000,
    "grossProfitRatio": 0.6089651221,
    "researchAndDevelopmentExpenses": 0,
    "generalAndAdministrativeExpenses": 0,
    "sellingAndMarketingExpenses": 0,
    "sellingGeneralAndAdministrativeExpenses": 16165000,
    "otherExpenses": 0,
    "operatingExpenses": 16165000,
    "costAndExpenses": 291879000,
    "interestIncome": 0,
    "interestExpense": 0,
    "depreciationAndAmortization": 215830000,
    "ebitda": 413209000,
    "ebitdaratio": 0.5860389058,
    "operatingIncome": 413209000,
    "operatingIncomeRatio": 0.5860389058,
    "totalOtherIncomeExpensesNet": -192840000,
    "incomeBeforeTax": 220369000,
    "incomeBeforeTaxRatio": 0.3125411296,
    "incomeTaxExpense": 298000,
    "netIncome": 212035000,
    "netIncomeRatio": 0.3007213284,
    "eps": 0.56,
    "epsdiluted": 0.56,
    "weightedAverageShsOut": 378341000,
    "weightedAverageShsOutDil": 378341000,
    "link": "https://www.sec.gov/Archives/edgar/data/906107/000095017023015831/0000950170-23-015831-index.htm",
    "finalLink": "https://www.sec.gov/Archives/edgar/data/906107/000095017023015831/eqr-20230331.htm"
  },
  {
    "date": "2022-12-31",
    "symbol": "EQR",
    "reportedCurrency": "USD",
    "cik": "0000906107",
    "fillingDate": "2023-02-16",
    "acceptedDate": "2023-02-16 16:24:34",
    "calendarYear": "2022",
    "period": "Q4",
    "revenue": 699703000,
    "costOfRevenue": 231370000,
    "grossProfit": 468333000,
    "grossProfitRatio": 0.6693311305,
    "researchAndDevelopmentExpenses": 0,
    "generalAndAdministrativeExpenses": 0,
    "sellingAndMarketingExpenses": 0,
    "sellingGeneralAndAdministrativeExpenses": 11677000,
    "otherExpenses": 214293000,
    "operatingExpenses": 225970000,
    "costAndExpenses": 457340000,
    "interestIncome": 0,
    "interestExpense": 0,
    "depreciationAndAmortization": 217306000,
    "ebitda": 459690000,
    "ebitdaratio": 0.6569787467,
    "operatingIncome": 242363000,
    "operatingIncomeRatio": 0.3463798212,
    "totalOtherIncomeExpensesNet": -76834000,
    "incomeBeforeTax": 165529000,
    "incomeBeforeTaxRatio": 0.2365703734,
    "incomeTaxExpense": 175000,
    "netIncome": 159020000,
    "netIncomeRatio": 0.2272678551,
    "eps": 0.42,
    "epsdiluted": 0.42,
    "weightedAverageShsOut": 377689000,
    "weightedAverageShsOutDil": 377689000,
    "link": "https://www.sec.gov/Archives/edgar/data/906107/000095017023003060/0000950170-23-003060-index.htm",
    "finalLink": "https://www.sec.gov/Archives/edgar/data/906107/000095017023003060/eqr-20221231.htm"
  },
  {
    "date": "2022-09-30",
    "symbol": "EQR",
    "reportedCurrency": "USD",
    "cik": "0000906107",
    "fillingDate": "2022-10-28",
    "acceptedDate": "2022-10-28 16:17:54",
    "calendarYear": "2022",
    "period": "Q3",
    "revenue": 695099000,
    "costOfRevenue": 250138000,
    "grossProfit": 444961000,
    "grossProfitRatio": 0.6401404692,
    "researchAndDevelopmentExpenses": 0,
    "generalAndAdministrativeExpenses": 0,
    "sellingAndMarketingExpenses": 0,
    "sellingGeneralAndAdministrativeExpenses": 13372000,
    "otherExpenses": 17578000,
    "operatingExpenses": 30950000,
    "costAndExpenses": 281088000,
    "interestIncome": 0,
    "interestExpense": 0,
    "depreciationAndAmortization": 214129000,
    "ebitda": 431589000,
    "ebitdaratio": 0.6209029217,
    "operatingIncome": 414011000,
    "operatingIncomeRatio": 0.5956144377,
    "totalOtherIncomeExpensesNet": -78694000,
    "incomeBeforeTax": 335317000,
    "incomeBeforeTaxRatio": 0.4824017874,
    "incomeTaxExpense": 152000,
    "netIncome": 323025000,
    "netIncomeRatio": 0.4647179754,
    "eps": 0.86,
    "epsdiluted": 0.83,
    "weightedAverageShsOut": 375850000,
    "weightedAverageShsOutDil": 389300000,
    "link": "https://www.sec.gov/Archives/edgar/data/906107/000095017022020464/0000950170-22-020464-index.htm",
    "finalLink": "https://www.sec.gov/Archives/edgar/data/906107/000095017022020464/eqr-20220930.htm"
  },
  {
    "date": "2022-06-30",
    "symbol": "EQR",
    "reportedCurrency": "USD",
    "cik": "0000906107",
    "fillingDate": "2022-07-29",
    "acceptedDate": "2022-07-29 16:14:34",
    "calendarYear": "2022",
    "period": "Q2",
    "revenue": 687030000,
    "costOfRevenue": 244764000,
    "grossProfit": 442266000,
    "grossProfitRatio": 0.6437360814,
    "researchAndDevelopmentExpenses": 0,
    "generalAndAdministrativeExpenses": 0,
    "sellingAndMarketingExpenses": 0,
    "sellingGeneralAndAdministrativeExpenses": 16422999,
    "otherExpenses": 115909000,
    "operatingExpenses": 132332000,
    "costAndExpenses": 377096000,
    "interestIncome": 0,
    "interestExpense": 0,
    "depreciationAndAmortization": 223806000,
    "ebitda": 425843000,
    "ebitdaratio": 0.6198317395,
    "operatingIncome": 309934000,
    "operatingIncomeRatio": 0.451121494,
    "totalOtherIncomeExpensesNet": -76965000,
    "incomeBeforeTax": 232969000,
    "incomeBeforeTaxRatio": 0.3390958182,
    "incomeTaxExpense": 291000,
    "netIncome": 224101000,
    "netIncomeRatio": 0.3261880849,
    "eps": 0.59,
    "epsdiluted": 0.59,
    "weightedAverageShsOut": 375769000,
    "weightedAverageShsOutDil": 389363000,
    "link": "https://www.sec.gov/Archives/edgar/data/906107/000156459022027109/0001564590-22-027109-index.htm",
    "finalLink": "https://www.sec.gov/Archives/edgar/data/906107/000156459022027109/eqr-10q_20220630.htm"
  },
  {
    "date": "2022-03-31",
    "symbol": "EQR",
    "reportedCurrency": "USD",
    "cik": "0000906107",
    "fillingDate": "2022-04-29",
    "acceptedDate": "2022-04-29 16:12:21",
    "calendarYear": "2022",
    "period": "Q1",
    "revenue": 653348000,
    "costOfRevenue": 256309000,
    "grossProfit": 397039000,
    "grossProfitRatio": 0.6076991129,
    "researchAndDevelopmentExpenses": 0,
    "generalAndAdministrativeExpenses": 0,
    "sellingAndMarketingExpenses": 0,
    "sellingGeneralAndAdministrativeExpenses": 17238000,
    "otherExpenses": 230063000,
    "operatingExpenses": 247301000,
    "costAndExpenses": 503610000,
    "interestIncome": 0,
    "interestExpense": 0,
    "depreciationAndAmortization": 229961000,
    "ebitda": 379801000,
    "ebitdaratio": 0.5813150113,
    "operatingIncome": 149738000,
    "operatingIncomeRatio": 0.2291856713,
    "totalOtherIncomeExpensesNet": -75658000,
    "incomeBeforeTax": 74080000,
    "incomeBeforeTaxRatio": 0.1133852097,
    "incomeTaxExpense": 282000,
    "netIncome": 70765000,
    "netIncomeRatio": 0.108311344,
    "eps": 0.19,
    "epsdiluted": 0.18,
    "weightedAverageShsOut": 375509000,
    "weightedAverageShsOutDil": 389628000,
    "link": "https://www.sec.gov/Archives/edgar/data/906107/000156459022016816/0001564590-22-016816-index.htm",
    "finalLink": "https://www.sec.gov/Archives/edgar/data/906107/000156459022016816/eqr-10q_20220331.htm"
  },
  {
    "date": "2021-12-31",
    "symbol": "EQR",
    "reportedCurrency": "USD",
    "cik": "0000906107",
    "fillingDate": "2022-02-17",
    "acceptedDate": "2022-02-17 16:15:55",
    "calendarYear": "2021",
    "period": "Q4",
    "revenue": 645130000,
    "costOfRevenue": 235394000,
    "grossProfit": 409736000,
    "grossProfitRatio": 0.6351216034,
    "researchAndDevelopmentExpenses": 0,
    "generalAndAdministrativeExpenses": 0,
    "sellingAndMarketingExpenses": 0,
    "sellingGeneralAndAdministrativeExpenses": 13404000,
    "otherExpenses": -245551000,
    "operatingExpenses": -232147000,
    "costAndExpenses": 3247000,
    "interestIncome": 0,
    "interestExpense": 0,
    "depreciationAndAmortization": 222240000,
    "ebitda": 396332000,
    "ebitdaratio": 0.6143443957,
    "operatingIncome": 641883000,
    "operatingIncomeRatio": 0.9949669059,
    "totalOtherIncomeExpensesNet": -80669000,
    "incomeBeforeTax": 561214000,
    "incomeBeforeTaxRatio": 0.8699238913,
    "incomeTaxExpense": 236000,
    "netIncome": 526974000,
    "netIncomeRatio": 0.8168493172,
    "eps": 1.41,
    "epsdiluted": 1.35,
    "weightedAverageShsOut": 374897000,
    "weightedAverageShsOutDil": 389000000,
    "link": "https://www.sec.gov/Archives/edgar/data/906107/000156459022005566/0001564590-22-005566-index.htm",
    "finalLink": "https://www.sec.gov/Archives/edgar/data/906107/000156459022005566/eqr-10k_20211231.htm"
  },
  {
    "date": "2021-09-30",
    "symbol": "EQR",
    "reportedCurrency": "USD",
    "cik": "0000906107",
    "fillingDate": "2021-10-29",
    "acceptedDate": "2021-10-29 16:14:04",
    "calendarYear": "2021",
    "period": "Q3",
    "revenue": 623206000,
    "costOfRevenue": 237142000,
    "grossProfit": 386064000,
    "grossProfitRatio": 0.619480557,
    "researchAndDevelopmentExpenses": 0,
    "generalAndAdministrativeExpenses": 0,
    "sellingAndMarketingExpenses": 0,
    "sellingGeneralAndAdministrativeExpenses": 13041000,
    "otherExpenses": -148531000,
    "operatingExpenses": -135490000,
    "costAndExpenses": 101652000,
    "interestIncome": 0,
    "interestExpense": 0,
    "depreciationAndAmortization": 215397000,
    "ebitda": 373023000,
    "ebitdaratio": 0.598554892,
    "operatingIncome": 521554000,
    "operatingIncomeRatio": 0.8368886051,
    "totalOtherIncomeExpensesNet": -73938000,
    "incomeBeforeTax": 447616000,
    "incomeBeforeTaxRatio": 0.7182472569,
    "incomeTaxExpense": 284000,
    "netIncome": 431951000,
    "netIncomeRatio": 0.6931111061,
    "eps": 1.15,
    "epsdiluted": 1.11,
    "weightedAverageShsOut": 374308000,
    "weightedAverageShsOutDil": 388374000,
    "link": "https://www.sec.gov/Archives/edgar/data/906107/000156459021052952/0001564590-21-052952-index.htm",
    "finalLink": "https://www.sec.gov/Archives/edgar/data/906107/000156459021052952/eqr-10q_20210930.htm"
  },
  {
    "date": "2021-06-30",
    "symbol": "EQR",
    "reportedCurrency": "USD",
    "cik": "0000906107",
    "fillingDate": "2021-07-30",
    "acceptedDate": "2021-07-30 16:12:42",
    "calendarYear": "2021",
    "period": "Q2",
    "revenue": 598059000,
    "costOfRevenue": 229602000,
    "grossProfit": 368457000,
    "grossProfitRatio": 0.6160880448,
    "researchAndDevelopmentExpenses": 0,
    "generalAndAdministrativeExpenses": 0,
    "sellingAndMarketingExpenses": 0,
    "sellingGeneralAndAdministrativeExpenses": 14678000,
    "otherExpenses": -23065000,
    "operatingExpenses": -8387000,
    "costAndExpenses": 221215000,
    "interestIncome": 0,
    "interestExpense": 0,
    "depreciationAndAmortization": 200673000,
    "ebitda": 353779000,
    "ebitdaratio": 0.5915453158,
    "operatingIncome": 376844000,
    "operatingIncomeRatio": 0.6301117448,
    "totalOtherIncomeExpensesNet": -48562000,
    "incomeBeforeTax": 328282000,
    "incomeBeforeTaxRatio": 0.5489123983,
    "incomeTaxExpense": 242000,
    "netIncome": 316386000,
    "netIncomeRatio": 0.5290213842,
    "eps": 0.85,
    "epsdiluted": 0.82,
    "weightedAverageShsOut": 373812000,
    "weightedAverageShsOutDil": 387820000,
    "link": "https://www.sec.gov/Archives/edgar/data/906107/000156459021039495/0001564590-21-039495-index.htm",
    "finalLink": "https://www.sec.gov/Archives/edgar/data/906107/000156459021039495/eqr-10q_20210630.htm"
  },
  {
    "date": "2021-03-31",
    "symbol": "EQR",
    "reportedCurrency": "USD",
    "cik": "0000906107",
    "fillingDate": "2021-04-30",
    "acceptedDate": "2021-04-30 16:09:28",
    "calendarYear": "2021",
    "period": "Q1",
    "revenue": 597602000,
    "costOfRevenue": 246654000,
    "grossProfit": 350948000,
    "grossProfitRatio": 0.5872604175,
    "researchAndDevelopmentExpenses": 0,
    "generalAndAdministrativeExpenses": 0,
    "sellingAndMarketingExpenses": 0,
    "sellingGeneralAndAdministrativeExpenses": 15383000,
    "otherExpenses": 200005000,
    "operatingExpenses": 215388000,
    "costAndExpenses": 462042000,
    "interestIncome": 0,
    "interestExpense": 0,
    "depreciationAndAmortization": 199962000,
    "ebitda": 335565000,
    "ebitdaratio": 0.5615192051,
    "operatingIncome": 135560000,
    "operatingIncomeRatio": 0.2268399369,
    "totalOtherIncomeExpensesNet": -75043000,
    "incomeBeforeTax": 60517000,
    "incomeBeforeTaxRatio": 0.1012663947,
    "incomeTaxExpense": 153000,
    "netIncome": 57539000,
    "netIncomeRatio": 0.096283145,
    "eps": 0.15,
    "epsdiluted": 0.15,
    "weightedAverageShsOut": 372280000,
    "weightedAverageShsOutDil": 386916000,
    "link": "https://www.sec.gov/Archives/edgar/data/906107/000156459021022532/0001564590-21-022532-index.htm",
    "finalLink": "https://www.sec.gov/Archives/edgar/data/906107/000156459021022532/eqr-10q_20210331.htm"
  },
  {
    "date": "2020-12-31",
    "symbol": "EQR",
    "reportedCurrency": "USD",
    "cik": "0000906107",
    "fillingDate": "2021-02-18",
    "acceptedDate": "2021-02-18 16:27:25",
    "calendarYear": "2020",
    "period": "Q4",
    "revenue": 613435000,
    "costOfRevenue": 223496000,
    "grossProfit": 389939000,
    "grossProfitRatio": 0.6356647404,
    "researchAndDevelopmentExpenses": 0,
    "generalAndAdministrativeExpenses": 0,
    "sellingAndMarketingExpenses": 0,
    "sellingGeneralAndAdministrativeExpenses": 11093000,
    "otherExpenses": 22240000,
    "operatingExpenses": 33333000,
    "costAndExpenses": 256829000,
    "interestIncome": 0,
    "interestExpense": 0,
    "depreciationAndAmortization": 201829000,
    "ebitda": 378846000,
    "ebitdaratio": 0.6175813248,
    "operatingIncome": 356606000,
    "operatingIncomeRatio": 0.5813264649,
    "totalOtherIncomeExpensesNet": -93272000,
    "incomeBeforeTax": 263334000,
    "incomeBeforeTaxRatio": 0.4292777556,
    "incomeTaxExpense": 350000,
    "netIncome": 252856000,
    "netIncomeRatio": 0.4121968913,
    "eps": 0.68,
    "epsdiluted": 0.66,
    "weightedAverageShsOut": 371915000,
    "weightedAverageShsOutDil": 385756000,
    "link": "https://www.sec.gov/Archives/edgar/data/906107/000156459021006679/0001564590-21-006679-index.htm",
    "finalLink": "https://www.sec.gov/Archives/edgar/data/906107/000156459021006679/eqr-10k_20201231.htm"
  },
  {
    "date": "2020-09-30",
    "symbol": "EQR",
    "reportedCurrency": "USD",
    "cik": "0000906107",
    "fillingDate": "2020-10-30",
    "acceptedDate": "2020-10-30 16:13:23",
    "calendarYear": "2020",
    "period": "Q3",
    "revenue": 622433000,
    "costOfRevenue": 228534000,
    "grossProfit": 393899000,
    "grossProfitRatio": 0.6328375906,
    "researchAndDevelopmentExpenses": 0,
    "generalAndAdministrativeExpenses": 0,
    "sellingAndMarketingExpenses": 0,
    "sellingGeneralAndAdministrativeExpenses": 10859000,
    "otherExpenses": 200630000,
    "operatingExpenses": 211489000,
    "costAndExpenses": 440023000,
    "interestIncome": 0,
    "interestExpense": 0,
    "depreciationAndAmortization": 200605000,
    "ebitda": 383040000,
    "ebitdaratio": 0.6153915361,
    "operatingIncome": 182410000,
    "operatingIncomeRatio": 0.2930596546,
    "totalOtherIncomeExpensesNet": -86783000,
    "incomeBeforeTax": 95627000,
    "incomeBeforeTaxRatio": 0.1536342064,
    "incomeTaxExpense": 262000,
    "netIncome": 91286000,
    "netIncomeRatio": 0.1466599618,
    "eps": 0.25,
    "epsdiluted": 0.24,
    "weightedAverageShsOut": 371869000,
    "weightedAverageShsOutDil": 385652000,
    "link": "https://www.sec.gov/Archives/edgar/data/906107/000156459020049311/0001564590-20-049311-index.htm",
    "finalLink": "https://www.sec.gov/Archives/edgar/data/906107/000156459020049311/eqr-10q_20200930.htm"
  },
  {
    "date": "2020-06-30",
    "symbol": "EQR",
    "reportedCurrency": "USD",
    "cik": "0000906107",
    "fillingDate": "2020-08-03",
    "acceptedDate": "2020-08-03 16:13:16",
    "calendarYear": "2020",
    "period": "Q2",
    "revenue": 653532000,
    "costOfRevenue": 223098000,
    "grossProfit": 430434000,
    "grossProfitRatio": 0.6586272746,
    "researchAndDevelopmentExpenses": 0,
    "generalAndAdministrativeExpenses": 0,
    "sellingAndMarketingExpenses": 0,
    "sellingGeneralAndAdministrativeExpenses": 11835000,
    "otherExpenses": 61710000,
    "operatingExpenses": 73545000,
    "costAndExpenses": 296643000,
    "interestIncome": 0,
    "interestExpense": 0,
    "depreciationAndAmortization": 205976000,
    "ebitda": 418599000,
    "ebitdaratio": 0.6405179853,
    "operatingIncome": 356889000,
    "operatingIncomeRatio": 0.5460926167,
    "totalOtherIncomeExpensesNet": -85221000,
    "incomeBeforeTax": 271668000,
    "incomeBeforeTaxRatio": 0.4156919631,
    "incomeTaxExpense": 187000,
    "netIncome": 260888000,
    "netIncomeRatio": 0.3991969789,
    "eps": 0.7,
    "epsdiluted": 0.68,
    "weightedAverageShsOut": 371795000,
    "weightedAverageShsOutDil": 385913000,
    "link": "https://www.sec.gov/Archives/edgar/data/906107/000156459020035511/0001564590-20-035511-index.htm",
    "finalLink": "https://www.sec.gov/Archives/edgar/data/906107/000156459020035511/eqr-10q_20200630.htm"
  },
  {
    "date": "2020-03-31",
    "symbol": "EQR",
    "reportedCurrency": "USD",
    "cik": "0000906107",
    "fillingDate": "2020-05-07",
    "acceptedDate": "2020-05-07 16:15:35",
    "calendarYear": "2020",
    "period": "Q1",
    "revenue": 682305000,
    "costOfRevenue": 241257000,
    "grossProfit": 441048000,
    "grossProfitRatio": 0.6464088641,
    "researchAndDevelopmentExpenses": 0,
    "generalAndAdministrativeExpenses": 0,
    "sellingAndMarketingExpenses": 0,
    "sellingGeneralAndAdministrativeExpenses": 14518000,
    "otherExpenses": 4445000,
    "operatingExpenses": 18963000,
    "costAndExpenses": 260220000,
    "interestIncome": 0,
    "interestExpense": 0,
    "depreciationAndAmortization": 212422000,
    "ebitda": 426530000,
    "ebitdaratio": 0.6251309898,
    "operatingIncome": 422085000,
    "operatingIncomeRatio": 0.618616308,
    "totalOtherIncomeExpensesNet": -89361000,
    "incomeBeforeTax": 332724000,
    "incomeBeforeTaxRatio": 0.48764702,
    "incomeTaxExpense": 53000,
    "netIncome": 308606000,
    "netIncomeRatio": 0.4522991917,
    "eps": 0.83,
    "epsdiluted": 0.8,
    "weightedAverageShsOut": 371582000,
    "weightedAverageShsOutDil": 386949000,
    "link": "https://www.sec.gov/Archives/edgar/data/906107/000156459020022867/0001564590-20-022867-index.htm",
    "finalLink": "https://www.sec.gov/Archives/edgar/data/906107/000156459020022867/eqr-10q_20200331.htm"
  },
  {
    "date": "2019-12-31",
    "symbol": "EQR",
    "reportedCurrency": "USD",
    "cik": "0000906107",
    "fillingDate": "2020-02-20",
    "acceptedDate": "2020-02-20 16:16:57",
    "calendarYear": "2019",
    "period": "Q4",
    "revenue": 683895000,
    "costOfRevenue": 226692000,
    "grossProfit": 457203000,
    "grossProfitRatio": 0.6685280635,
    "researchAndDevelopmentExpenses": 0,
    "generalAndAdministrativeExpenses": 0,
    "sellingAndMarketingExpenses": 0,
    "sellingGeneralAndAdministrativeExpenses": 11630000,
    "otherExpenses": 36645000,
    "operatingExpenses": 48275000,
    "costAndExpenses": 274967000,
    "interestIncome": 0,
    "interestExpense": 0,
    "depreciationAndAmortization": 214882000,
    "ebitda": 445573000,
    "ebitdaratio": 0.651522529,
    "operatingIncome": 408928000,
    "operatingIncomeRatio": 0.5979397422,
    "totalOtherIncomeExpensesNet": -110652000,
    "incomeBeforeTax": 298276000,
    "incomeBeforeTaxRatio": 0.4361429752,
    "incomeTaxExpense": -3030000,
    "netIncome": 289764000,
    "netIncomeRatio": 0.4236966201,
    "eps": 0.78,
    "epsdiluted": 0.75,
    "weightedAverageShsOut": 371155000,
    "weightedAverageShsOutDil": 387143000,
    "link": "https://www.sec.gov/Archives/edgar/data/906107/000156459020005562/0001564590-20-005562-index.htm",
    "finalLink": "https://www.sec.gov/Archives/edgar/data/906107/000156459020005562/eqr-10k_20191231.htm"
  },
  {
    "date": "2019-09-30",
    "symbol": "EQR",
    "reportedCurrency": "USD",
    "cik": "0000906107",
    "fillingDate": "2019-10-30",
    "acceptedDate": "2019-10-30 16:13:07",
    "calendarYear": "2019",
    "period": "Q3",
    "revenue": 685120000,
    "costOfRevenue": 224452000,
    "grossProfit": 460668000,
    "grossProfitRatio": 0.6723902382,
    "researchAndDevelopmentExpenses": 0,
    "generalAndAdministrativeExpenses": 0,
    "sellingAndMarketingExpenses": 0,
    "sellingGeneralAndAdministrativeExpenses": 11417000,
    "otherExpenses": 80913000,
    "operatingExpenses": 92330000,
    "costAndExpenses": 316782000,
    "interestIncome": 0,
    "interestExpense": 0,
    "depreciationAndAmortization": 211478000,
    "ebitda": 449251000,
    "ebitdaratio": 0.6557260042,
    "operatingIncome": 368338000,
    "operatingIncomeRatio": 0.5376255255,
    "totalOtherIncomeExpensesNet": -90227000,
    "incomeBeforeTax": 278111000,
    "incomeBeforeTaxRatio": 0.405930348,
    "incomeTaxExpense": 265000,
    "netIncome": 267106000,
    "netIncomeRatio": 0.3898674685,
    "eps": 0.72,
    "epsdiluted": 0.69,
    "weightedAverageShsOut": 370768000,
    "weightedAverageShsOutDil": 386896000,
    "link": "https://www.sec.gov/Archives/edgar/data/906107/000156459019038784/0001564590-19-038784-index.htm",
    "finalLink": "https://www.sec.gov/Archives/edgar/data/906107/000156459019038784/eqr-10q_20190930.htm"
  },
  {
    "date": "2019-06-30",
    "symbol": "EQR",
    "reportedCurrency": "USD",
    "cik": "0000906107",
    "fillingDate": "2019-08-02",
    "acceptedDate": "2019-08-02 16:14:48",
    "calendarYear": "2019",
    "period": "Q2",
    "revenue": 669374000,
    "costOfRevenue": 224276000,
    "grossProfit": 445098000,
    "grossProfitRatio": 0.6649466516,
    "researchAndDevelopmentExpenses": 0,
    "generalAndAdministrativeExpenses": 0,
    "sellingAndMarketingExpenses": 0,
    "sellingGeneralAndAdministrativeExpenses": 14329000,
    "otherExpenses": 61652000,
    "operatingExpenses": 75981000,
    "costAndExpenses": 300257000,
    "interestIncome": 0,
    "interestExpense": 0,
    "depreciationAndAmortization": 200508000,
    "ebitda": 434778000,
    "ebitdaratio": 0.6495292617,
    "operatingIncome": 369117000,
    "operatingIncomeRatio": 0.5514361179,
    "totalOtherIncomeExpensesNet": -47572000,
    "incomeBeforeTax": 321545000,
    "incomeBeforeTaxRatio": 0.4803667307,
    "incomeTaxExpense": 246000,
    "netIncome": 308968000,
    "netIncomeRatio": 0.4615775336,
    "eps": 0.83,
    "epsdiluted": 0.8,
    "weightedAverageShsOut": 370342000,
    "weightedAverageShsOutDil": 386107000,
    "link": "https://www.sec.gov/Archives/edgar/data/906107/000156459019028378/0001564590-19-028378-index.htm",
    "finalLink": "https://www.sec.gov/Archives/edgar/data/906107/000156459019028378/eqr-10q_20190630.htm"
  },
  {
    "date": "2019-03-31",
    "symbol": "EQR",
    "reportedCurrency": "USD",
    "cik": "0000906107",
    "fillingDate": "2019-05-06",
    "acceptedDate": "2019-05-06 16:13:30",
    "calendarYear": "2019",
    "period": "Q1",
    "revenue": 662494000,
    "costOfRevenue": 232908000,
    "grossProfit": 429586000,
    "grossProfitRatio": 0.6484375708,
    "researchAndDevelopmentExpenses": 0,
    "generalAndAdministrativeExpenses": 0,
    "sellingAndMarketingExpenses": 0,
    "sellingGeneralAndAdministrativeExpenses": 15381000,
    "otherExpenses": 204236000,
    "operatingExpenses": 219617000,
    "costAndExpenses": 452525000,
    "interestIncome": 0,
    "interestExpense": 0,
    "depreciationAndAmortization": 204215000,
    "ebitda": 414205000,
    "ebitdaratio": 0.6252207567,
    "operatingIncome": 209969000,
    "operatingIncomeRatio": 0.31693721,
    "totalOtherIncomeExpensesNet": -100474000,
    "incomeBeforeTax": 109495000,
    "incomeBeforeTaxRatio": 0.1652769685,
    "incomeTaxExpense": 238000,
    "netIncome": 104539000,
    "netIncomeRatio": 0.1577961461,
    "eps": 0.28,
    "epsdiluted": 0.27,
    "weightedAverageShsOut": 369558000,
    "weightedAverageShsOutDil": 385184000,
    "link": "https://www.sec.gov/Archives/edgar/data/906107/000156459019015979/0001564590-19-015979-index.htm",
    "finalLink": "https://www.sec.gov/Archives/edgar/data/906107/000156459019015979/eqr-10q_20190331.htm"
  },
  {
    "date": "2018-12-31",
    "symbol": "EQR",
    "reportedCurrency": "USD",
    "cik": "0000906107",
    "fillingDate": "2019-02-21",
    "acceptedDate": "2019-02-21 16:17:35",
    "calendarYear": "2018",
    "period": "Q4",
    "revenue": 652743000,
    "costOfRevenue": 219188000,
    "grossProfit": 433555000,
    "grossProfitRatio": 0.6642047483,
    "researchAndDevelopmentExpenses": 0,
    "generalAndAdministrativeExpenses": 0,
    "sellingAndMarketingExpenses": 0,
    "sellingGeneralAndAdministrativeExpenses": 12393000,
    "otherExpenses": 201880000,
    "operatingExpenses": 214273000,
    "costAndExpenses": 433461000,
    "interestIncome": 0,
    "interestExpense": 0,
    "depreciationAndAmortization": 202954000,
    "ebitda": 418949000,
    "ebitdaratio": 0.6418284072,
    "operatingIncome": 219282000,
    "operatingIncomeRatio": 0.3359392594,
    "totalOtherIncomeExpensesNet": -96783000,
    "incomeBeforeTax": 122499000,
    "incomeBeforeTaxRatio": 0.1876680409,
    "incomeTaxExpense": 111000,
    "netIncome": 117187000,
    "netIncomeRatio": 0.1795300754,
    "eps": 0.32,
    "epsdiluted": 0.3,
    "weightedAverageShsOut": 368445000,
    "weightedAverageShsOutDil": 384296000,
    "link": "https://www.sec.gov/Archives/edgar/data/906107/000156459019003683/0001564590-19-003683-index.htm",
    "finalLink": "https://www.sec.gov/Archives/edgar/data/906107/000156459019003683/eqr-10k_20181231.htm"
  },
  {
    "date": "2018-09-30",
    "symbol": "EQR",
    "reportedCurrency": "USD",
    "cik": "0000906107",
    "fillingDate": "2018-10-30",
    "acceptedDate": "2018-10-30 16:13:20",
    "calendarYear": "2018",
    "period": "Q3",
    "revenue": 652867000,
    "costOfRevenue": 220176000,
    "grossProfit": 432691000,
    "grossProfitRatio": 0.6627552013,
    "researchAndDevelopmentExpenses": 0,
    "generalAndAdministrativeExpenses": 0,
    "sellingAndMarketingExpenses": 0,
    "sellingGeneralAndAdministrativeExpenses": 12640000,
    "otherExpenses": 80648000,
    "operatingExpenses": 93288000,
    "costAndExpenses": 313464000,
    "interestIncome": 0,
    "interestExpense": 0,
    "depreciationAndAmortization": 195716000,
    "ebitda": 417837000,
    "ebitdaratio": 0.6400032472,
    "operatingIncome": 339403000,
    "operatingIncomeRatio": 0.519865455,
    "totalOtherIncomeExpensesNet": -115277000,
    "incomeBeforeTax": 224126000,
    "incomeBeforeTaxRatio": 0.3432950356,
    "incomeTaxExpense": 280000,
    "netIncome": 214937000,
    "netIncomeRatio": 0.3292201934,
    "eps": 0.58,
    "epsdiluted": 0.56,
    "weightedAverageShsOut": 368028000,
    "weightedAverageShsOutDil": 383884000,
    "link": "https://www.sec.gov/Archives/edgar/data/906107/000156459018025620/0001564590-18-025620-index.htm",
    "finalLink": "https://www.sec.gov/Archives/edgar/data/906107/000156459018025620/eqr-10q_20180930.htm"
  },
  {
    "date": "2018-06-30",
    "symbol": "EQR",
    "reportedCurrency": "USD",
    "cik": "0000906107",
    "fillingDate": "2018-08-02",
    "acceptedDate": "2018-08-02 16:13:51",
    "calendarYear": "2018",
    "period": "Q2",
    "revenue": 639808000,
    "costOfRevenue": 216710000,
    "grossProfit": 423098000,
    "grossProfitRatio": 0.6612890117,
    "researchAndDevelopmentExpenses": 0,
    "generalAndAdministrativeExpenses": 0,
    "sellingAndMarketingExpenses": 0,
    "sellingGeneralAndAdministrativeExpenses": 12502000,
    "otherExpenses": 192993000,
    "operatingExpenses": 205495000,
    "costAndExpenses": 422205000,
    "interestIncome": 0,
    "interestExpense": 0,
    "depreciationAndAmortization": 194040000,
    "ebitda": 408382000,
    "ebitdaratio": 0.6382883615,
    "operatingIncome": 217603000,
    "operatingIncomeRatio": 0.3401067195,
    "totalOtherIncomeExpensesNet": -98919000,
    "incomeBeforeTax": 118684000,
    "incomeBeforeTaxRatio": 0.1854993998,
    "incomeTaxExpense": 274000,
    "netIncome": 113602000,
    "netIncomeRatio": 0.1775563919,
    "eps": 0.31,
    "epsdiluted": 0.3,
    "weightedAverageShsOut": 367930000,
    "weightedAverageShsOutDil": 383423000,
    "link": "https://www.sec.gov/Archives/edgar/data/906107/000156459018018904/0001564590-18-018904-index.htm",
    "finalLink": "https://www.sec.gov/Archives/edgar/data/906107/000156459018018904/eqr-10q_20180630.htm"
  },
  {
    "date": "2018-03-31",
    "symbol": "EQR",
    "reportedCurrency": "USD",
    "cik": "0000906107",
    "fillingDate": "2018-05-03",
    "acceptedDate": "2018-05-03 16:16:54",
    "calendarYear": "2018",
    "period": "Q1",
    "revenue": 633016000,
    "costOfRevenue": 223560000,
    "grossProfit": 409456000,
    "grossProfitRatio": 0.6468335713,
    "researchAndDevelopmentExpenses": 0,
    "generalAndAdministrativeExpenses": 0,
    "sellingAndMarketingExpenses": 0,
    "sellingGeneralAndAdministrativeExpenses": 16277999,
    "otherExpenses": 54096000,
    "operatingExpenses": 70374000,
    "costAndExpenses": 293934000,
    "interestIncome": 0,
    "interestExpense": 0,
    "depreciationAndAmortization": 197407000,
    "ebitda": 390964000,
    "ebitdaratio": 0.6176210396,
    "operatingIncome": 339082000,
    "operatingIncomeRatio": 0.5356610259,
    "totalOtherIncomeExpensesNet": -118321000,
    "incomeBeforeTax": 220761000,
    "incomeBeforeTaxRatio": 0.3487447395,
    "incomeTaxExpense": 213000,
    "netIncome": 211809000,
    "netIncomeRatio": 0.3346029168,
    "eps": 0.58,
    "epsdiluted": 0.55,
    "weightedAverageShsOut": 367800000,
    "weightedAverageShsOutDil": 383018000,
    "link": "https://www.sec.gov/Archives/edgar/data/906107/000156459018010687/0001564590-18-010687-index.htm",
    "finalLink": "https://www.sec.gov/Archives/edgar/data/906107/000156459018010687/eqr-10q_20180331.htm"
  },
  {
    "date": "2017-12-31",
    "symbol": "EQR",
    "reportedCurrency": "USD",
    "cik": "0000906107",
    "fillingDate": "2018-02-22",
    "acceptedDate": "2018-02-22 16:15:12",
    "calendarYear": "2017",
    "period": "Q4",
    "revenue": 630704000,
    "costOfRevenue": 201604000,
    "grossProfit": 429100000,
    "grossProfitRatio": 0.680350846,
    "researchAndDevelopmentExpenses": 0,
    "generalAndAdministrativeExpenses": 0,
    "sellingAndMarketingExpenses": 0,
    "sellingGeneralAndAdministrativeExpenses": 11858000,
    "otherExpenses": 202478000,
    "operatingExpenses": 214336000,
    "costAndExpenses": 415940000,
    "interestIncome": 0,
    "interestExpense": 0,
    "depreciationAndAmortization": 201884000,
    "ebitda": 415027000,
    "ebitdaratio": 0.6580376849,
    "operatingIncome": 214764000,
    "operatingIncomeRatio": 0.3405147264,
    "totalOtherIncomeExpensesNet": -84912000,
    "incomeBeforeTax": 129852000,
    "incomeBeforeTaxRatio": 0.2058842183,
    "incomeTaxExpense": -232000,
    "netIncome": 125442000,
    "netIncomeRatio": 0.1988920318,
    "eps": 0.3,
    "epsdiluted": 0.3,
    "weightedAverageShsOut": 367442000,
    "weightedAverageShsOutDil": 383105000,
    "link": "https://www.sec.gov/Archives/edgar/data/906107/000156459018002873/0001564590-18-002873-index.htm",
    "finalLink": "https://www.sec.gov/Archives/edgar/data/906107/000156459018002873/eqr-10k_20171231.htm"
  },
  {
    "date": "2017-09-30",
    "symbol": "EQR",
    "reportedCurrency": "USD",
    "cik": "0000906107",
    "fillingDate": "2017-11-01",
    "acceptedDate": "2017-11-01 16:23:56",
    "calendarYear": "2017",
    "period": "Q3",
    "revenue": 624122000,
    "costOfRevenue": 209669000,
    "grossProfit": 414453000,
    "grossProfitRatio": 0.6640576682,
    "researchAndDevelopmentExpenses": 0,
    "generalAndAdministrativeExpenses": 0,
    "sellingAndMarketingExpenses": 0,
    "sellingGeneralAndAdministrativeExpenses": 12567000,
    "otherExpenses": 184100000,
    "operatingExpenses": 196667000,
    "costAndExpenses": 406336000,
    "interestIncome": 0,
    "interestExpense": 0,
    "depreciationAndAmortization": 185112000,
    "ebitda": 399782000,
    "ebitdaratio": 0.6405510461,
    "operatingIncome": 217786000,
    "operatingIncomeRatio": 0.3489478019,
    "totalOtherIncomeExpensesNet": -73362000,
    "incomeBeforeTax": 144424000,
    "incomeBeforeTaxRatio": 0.2314034756,
    "incomeTaxExpense": 228000,
    "netIncome": 138229000,
    "netIncomeRatio": 0.2214775316,
    "eps": 0.38,
    "epsdiluted": 0.36,
    "weightedAverageShsOut": 366996000,
    "weightedAverageShsOutDil": 382945000,
    "link": "https://www.sec.gov/Archives/edgar/data/906107/000156459017020797/0001564590-17-020797-index.htm",
    "finalLink": "https://www.sec.gov/Archives/edgar/data/906107/000156459017020797/eqr-10q_20170930.htm"
  },
  {
    "date": "2017-06-30",
    "symbol": "EQR",
    "reportedCurrency": "USD",
    "cik": "0000906107",
    "fillingDate": "2017-08-04",
    "acceptedDate": "2017-08-04 06:18:49",
    "calendarYear": "2017",
    "period": "Q2",
    "revenue": 612480000,
    "costOfRevenue": 208408000,
    "grossProfit": 404072000,
    "grossProfitRatio": 0.65973093,
    "researchAndDevelopmentExpenses": 0,
    "generalAndAdministrativeExpenses": 0,
    "sellingAndMarketingExpenses": 0,
    "sellingGeneralAndAdministrativeExpenses": 13626000,
    "otherExpenses": 179896000,
    "operatingExpenses": 193522000,
    "costAndExpenses": 401930000,
    "interestIncome": 0,
    "interestExpense": 0,
    "depreciationAndAmortization": 180757000,
    "ebitda": 388424000,
    "ebitdaratio": 0.6341823406,
    "operatingIncome": 210550000,
    "operatingIncomeRatio": 0.3437663271,
    "totalOtherIncomeExpensesNet": -6170000,
    "incomeBeforeTax": 204380000,
    "incomeBeforeTaxRatio": 0.3336925287,
    "incomeTaxExpense": 220000,
    "netIncome": 196041000,
    "netIncomeRatio": 0.3200773903,
    "eps": 0.53,
    "epsdiluted": 0.51,
    "weightedAverageShsOut": 366820000,
    "weightedAverageShsOutDil": 382692000,
    "link": "https://www.sec.gov/Archives/edgar/data/906107/000156459017015496/0001564590-17-015496-index.htm",
    "finalLink": "https://www.sec.gov/Archives/edgar/data/906107/000156459017015496/eqr-10q_20170630.htm"
  },
  {
    "date": "2017-03-31",
    "symbol": "EQR",
    "reportedCurrency": "USD",
    "cik": "0000906107",
    "fillingDate": "2017-05-04",
    "acceptedDate": "2017-05-04 16:20:55",
    "calendarYear": "2017",
    "period": "Q1",
    "revenue": 604100000,
    "costOfRevenue": 206588000,
    "grossProfit": 397512000,
    "grossProfitRatio": 0.658023506,
    "researchAndDevelopmentExpenses": 0,
    "generalAndAdministrativeExpenses": 0,
    "sellingAndMarketingExpenses": 0,
    "sellingGeneralAndAdministrativeExpenses": 14173000,
    "otherExpenses": 178968000,
    "operatingExpenses": 193141000,
    "costAndExpenses": 399729000,
    "interestIncome": 0,
    "interestExpense": 0,
    "depreciationAndAmortization": 179824000,
    "ebitda": 381427000,
    "ebitdaratio": 0.6313971197,
    "operatingIncome": 204371000,
    "operatingIncomeRatio": 0.3383065718,
    "totalOtherIncomeExpensesNet": -54168000,
    "incomeBeforeTax": 150203000,
    "incomeBeforeTaxRatio": 0.2486392981,
    "incomeTaxExpense": 262000,
    "netIncome": 143742000,
    "netIncomeRatio": 0.237944049,
    "eps": 0.39,
    "epsdiluted": 0.38,
    "weightedAverageShsOut": 366605000,
    "weightedAverageShsOutDil": 382280000,
    "link": "https://www.sec.gov/Archives/edgar/data/906107/000156459017008789/0001564590-17-008789-index.htm",
    "finalLink": "https://www.sec.gov/Archives/edgar/data/906107/000156459017008789/eqr-10q_20170331.htm"
  },
  {
    "date": "2016-12-31",
    "symbol": "EQR",
    "reportedCurrency": "USD",
    "cik": "0000906107",
    "fillingDate": "2017-02-23",
    "acceptedDate": "2017-02-23 16:17:29",
    "calendarYear": "2016",
    "period": "Q4",
    "revenue": 605489000,
    "costOfRevenue": 193580000,
    "grossProfit": 411909000,
    "grossProfitRatio": 0.6802914669,
    "researchAndDevelopmentExpenses": 0,
    "generalAndAdministrativeExpenses": 0,
    "sellingAndMarketingExpenses": 0,
    "sellingGeneralAndAdministrativeExpenses": 10432000,
    "otherExpenses": 177407000,
    "operatingExpenses": 187839000,
    "costAndExpenses": 381419000,
    "interestIncome": 0,
    "interestExpense": 0,
    "depreciationAndAmortization": 178267000,
    "ebitda": 399517000,
    "ebitdaratio": 0.6598253643,
    "operatingIncome": 224070000,
    "operatingIncomeRatio": 0.3700645264,
    "totalOtherIncomeExpensesNet": 78341000,
    "incomeBeforeTax": 302411000,
    "incomeBeforeTaxRatio": 0.4994492055,
    "incomeTaxExpense": 424000,
    "netIncome": 277250000,
    "netIncomeRatio": 0.4578943631,
    "eps": 0.76,
    "epsdiluted": 0.73,
    "weightedAverageShsOut": 365256000,
    "weightedAverageShsOutDil": 381860000,
    "link": "https://www.sec.gov/Archives/edgar/data/906107/000090610717000007/0000906107-17-000007-index.htm",
    "finalLink": "https://www.sec.gov/Archives/edgar/data/906107/000090610717000007/eqr-20161231x10k.htm"
  },
  {
    "date": "2016-09-30",
    "symbol": "EQR",
    "reportedCurrency": "USD",
    "cik": "0000906107",
    "fillingDate": "2016-11-02",
    "acceptedDate": "2016-11-02 16:17:45",
    "calendarYear": "2016",
    "period": "Q3",
    "revenue": 606074000,
    "costOfRevenue": 205076000,
    "grossProfit": 400998000,
    "grossProfitRatio": 0.6616320779,
    "researchAndDevelopmentExpenses": 0,
    "generalAndAdministrativeExpenses": 0,
    "sellingAndMarketingExpenses": 0,
    "sellingGeneralAndAdministrativeExpenses": 12395000,
    "otherExpenses": 179230000,
    "operatingExpenses": 191625000,
    "costAndExpenses": 396701000,
    "interestIncome": 0,
    "interestExpense": 0,
    "depreciationAndAmortization": 180088000,
    "ebitda": 386945000,
    "ebitdaratio": 0.6384451404,
    "operatingIncome": 209373000,
    "operatingIncomeRatio": 0.3454578154,
    "totalOtherIncomeExpensesNet": 8299000,
    "incomeBeforeTax": 217672000,
    "incomeBeforeTaxRatio": 0.3591508628,
    "incomeTaxExpense": 426000,
    "netIncome": 208316000,
    "netIncomeRatio": 0.3437138039,
    "eps": 0.57,
    "epsdiluted": 0.54,
    "weightedAverageShsOut": 365109000,
    "weightedAverageShsOutDil": 382373000,
    "link": "https://www.sec.gov/Archives/edgar/data/906107/000090610716000050/0000906107-16-000050-index.htm",
    "finalLink": "https://www.sec.gov/Archives/edgar/data/906107/000090610716000050/q31610-q.htm"
  },
  {
    "date": "2016-06-30",
    "symbol": "EQR",
    "reportedCurrency": "USD",
    "cik": "0000906107",
    "fillingDate": "2016-08-04",
    "acceptedDate": "2016-08-04 16:11:54",
    "calendarYear": "2016",
    "period": "Q2",
    "revenue": 595154000,
    "costOfRevenue": 194713000,
    "grossProfit": 400441000,
    "grossProfitRatio": 0.6728359383,
    "researchAndDevelopmentExpenses": 0,
    "generalAndAdministrativeExpenses": 18296000,
    "sellingAndMarketingExpenses": 0,
    "sellingGeneralAndAdministrativeExpenses": 18296000,
    "otherExpenses": 176127000,
    "operatingExpenses": 194423000,
    "costAndExpenses": 389136000,
    "interestIncome": 0,
    "interestExpense": 86472000,
    "depreciationAndAmortization": 176127000,
    "ebitda": 493034000,
    "ebitdaratio": 0.8284141584,
    "operatingIncome": 206018000,
    "operatingIncomeRatio": 0.3461591454,
    "totalOtherIncomeExpensesNet": 22760000,
    "incomeBeforeTax": 228778000,
    "incomeBeforeTaxRatio": 0.3844013482,
    "incomeTaxExpense": 413000,
    "netIncome": 218839000,
    "netIncomeRatio": 0.3677014689,
    "eps": 0.6,
    "epsdiluted": 0.57,
    "weightedAverageShsOut": 365047000,
    "weightedAverageShsOutDil": 382065000,
    "link": "https://www.sec.gov/Archives/edgar/data/906107/000090610716000044/0000906107-16-000044-index.htm",
    "finalLink": "https://www.sec.gov/Archives/edgar/data/906107/000090610716000044/q21610-q.htm"
  },
  {
    "date": "2016-03-31",
    "symbol": "EQR",
    "reportedCurrency": "USD",
    "cik": "0000906107",
    "fillingDate": "2016-05-05",
    "acceptedDate": "2016-05-05 16:12:10",
    "calendarYear": "2016",
    "period": "Q1",
    "revenue": 619083000,
    "costOfRevenue": 212856000,
    "grossProfit": 406227000,
    "grossProfitRatio": 0.6561753432,
    "researchAndDevelopmentExpenses": 0,
    "generalAndAdministrativeExpenses": 16717000,
    "sellingAndMarketingExpenses": 0,
    "sellingGeneralAndAdministrativeExpenses": 16716999,
    "otherExpenses": 172885000,
    "operatingExpenses": 189602000,
    "costAndExpenses": 402458000,
    "interestIncome": 0,
    "interestExpense": 213492000,
    "depreciationAndAmortization": 172885000,
    "ebitda": 390361000,
    "ebitdaratio": 0.6305471157,
    "operatingIncome": 216625000,
    "operatingIncomeRatio": 0.3499126935,
    "totalOtherIncomeExpensesNet": 3515713000,
    "incomeBeforeTax": 3732338000,
    "incomeBeforeTaxRatio": 6.0288168145,
    "incomeTaxExpense": 350000,
    "netIncome": 3587758000,
    "netIncomeRatio": 5.7952778545,
    "eps": 9.84,
    "epsdiluted": 9.39,
    "weightedAverageShsOut": 364592000,
    "weightedAverageShsOutDil": 382243000,
    "link": "https://www.sec.gov/Archives/edgar/data/906107/000090610716000037/0000906107-16-000037-index.htm",
    "finalLink": "https://www.sec.gov/Archives/edgar/data/906107/000090610716000037/q11610-q.htm"
  },
  {
    "date": "2015-12-31",
    "symbol": "EQR",
    "reportedCurrency": "USD",
    "cik": "0000906107",
    "fillingDate": "2016-02-25",
    "acceptedDate": "2016-02-25 16:11:10",
    "calendarYear": "2015",
    "period": "Q4",
    "revenue": 703193000,
    "costOfRevenue": 221056000,
    "grossProfit": 482137000,
    "grossProfitRatio": 0.6856396466,
    "researchAndDevelopmentExpenses": 0,
    "generalAndAdministrativeExpenses": 14140000,
    "sellingAndMarketingExpenses": 0,
    "sellingGeneralAndAdministrativeExpenses": 14046000,
    "otherExpenses": 181033000,
    "operatingExpenses": 195079000,
    "costAndExpenses": 416135000,
    "interestIncome": 0,
    "interestExpense": 110447000,
    "depreciationAndAmortization": 181033000,
    "ebitda": 468939000,
    "ebitdaratio": 0.6668709728,
    "operatingIncome": 287058000,
    "operatingIncomeRatio": 0.4082207872,
    "totalOtherIncomeExpensesNet": -73166000,
    "incomeBeforeTax": 213892000,
    "incomeBeforeTaxRatio": 0.3041725387,
    "incomeTaxExpense": 219000,
    "netIncome": 204486000,
    "netIncomeRatio": 0.2907964101,
    "eps": 0.56,
    "epsdiluted": 0.54,
    "weightedAverageShsOut": 363828000,
    "weightedAverageShsOutDil": 381220000,
    "link": "https://www.sec.gov/Archives/edgar/data/906107/000090610716000029/0000906107-16-000029-index.htm",
    "finalLink": "https://www.sec.gov/Archives/edgar/data/906107/000090610716000029/eqr-20151231x10k.htm"
  },
  {
    "date": "2015-09-30",
    "symbol": "EQR",
    "reportedCurrency": "USD",
    "cik": "0000906107",
    "fillingDate": "2015-11-05",
    "acceptedDate": "2015-11-05 16:06:27",
    "calendarYear": "2015",
    "period": "Q3",
    "revenue": 696289000,
    "costOfRevenue": 227439000,
    "grossProfit": 468850000,
    "grossProfitRatio": 0.6733554602,
    "researchAndDevelopmentExpenses": 0,
    "generalAndAdministrativeExpenses": 15290000,
    "sellingAndMarketingExpenses": 0,
    "sellingGeneralAndAdministrativeExpenses": 15197000,
    "otherExpenses": 196059000,
    "operatingExpenses": 211256000,
    "costAndExpenses": 438695000,
    "interestIncome": 0,
    "interestExpense": 114205000,
    "depreciationAndAmortization": 196059000,
    "ebitda": 517945000,
    "ebitdaratio": 0.7438649756,
    "operatingIncome": 257594000,
    "operatingIncomeRatio": 0.3699527064,
    "totalOtherIncomeExpensesNet": -51890000,
    "incomeBeforeTax": 205704000,
    "incomeBeforeTaxRatio": 0.2954290532,
    "incomeTaxExpense": 329000,
    "netIncome": 196692000,
    "netIncomeRatio": 0.2824861516,
    "eps": 0.54,
    "epsdiluted": 0.52,
    "weightedAverageShsOut": 363579000,
    "weightedAverageShsOutDil": 380663000,
    "link": "https://www.sec.gov/Archives/edgar/data/906107/000090610715000022/0000906107-15-000022-index.htm",
    "finalLink": "https://www.sec.gov/Archives/edgar/data/906107/000090610715000022/q31510-q.htm"
  },
  {
    "date": "2015-06-30",
    "symbol": "EQR",
    "reportedCurrency": "USD",
    "cik": "0000906107",
    "fillingDate": "2015-08-06",
    "acceptedDate": "2015-08-06 16:07:20",
    "calendarYear": "2015",
    "period": "Q2",
    "revenue": 679112000,
    "costOfRevenue": 222916000,
    "grossProfit": 456196000,
    "grossProfitRatio": 0.6717537019,
    "researchAndDevelopmentExpenses": 0,
    "generalAndAdministrativeExpenses": 15730000,
    "sellingAndMarketingExpenses": 0,
    "sellingGeneralAndAdministrativeExpenses": 15659000,
    "otherExpenses": 194282000,
    "operatingExpenses": 209941000,
    "costAndExpenses": 432857000,
    "interestIncome": 6481000,
    "interestExpense": 110795000,
    "depreciationAndAmortization": 194282000,
    "ebitda": 592357000,
    "ebitdaratio": 0.8722522942,
    "operatingIncome": 246255000,
    "operatingIncomeRatio": 0.3626132361,
    "totalOtherIncomeExpensesNet": 52575000,
    "incomeBeforeTax": 298830000,
    "incomeBeforeTaxRatio": 0.4400305104,
    "incomeTaxExpense": 326000,
    "netIncome": 286420000,
    "netIncomeRatio": 0.4217566469,
    "eps": 0.79,
    "epsdiluted": 0.75,
    "weightedAverageShsOut": 363476000,
    "weightedAverageShsOutDil": 380491000,
    "link": "https://www.sec.gov/Archives/edgar/data/906107/000090610715000016/0000906107-15-000016-index.htm",
    "finalLink": "https://www.sec.gov/Archives/edgar/data/906107/000090610715000016/q21510-q.htm"
  },
  {
    "date": "2015-03-31",
    "symbol": "EQR",
    "reportedCurrency": "USD",
    "cik": "0000906107",
    "fillingDate": "2015-05-06",
    "acceptedDate": "2015-05-06 16:06:34",
    "calendarYear": "2015",
    "period": "Q1",
    "revenue": 666371000,
    "costOfRevenue": 233757000,
    "grossProfit": 432614000,
    "grossProfitRatio": 0.6492089242,
    "researchAndDevelopmentExpenses": 0,
    "generalAndAdministrativeExpenses": 19922000,
    "sellingAndMarketingExpenses": 0,
    "sellingGeneralAndAdministrativeExpenses": 19762000,
    "otherExpenses": 194521000,
    "operatingExpenses": 214283000,
    "costAndExpenses": 448040000,
    "interestIncome": 0,
    "interestExpense": 108622000,
    "depreciationAndAmortization": 194521000,
    "ebitda": 491299000,
    "ebitdaratio": 0.7372754817,
    "operatingIncome": 218331000,
    "operatingIncomeRatio": 0.3276418091,
    "totalOtherIncomeExpensesNet": -28219000,
    "incomeBeforeTax": 190112000,
    "incomeBeforeTaxRatio": 0.2852945281,
    "incomeTaxExpense": 43000,
    "netIncome": 182522000,
    "netIncomeRatio": 0.2739044766,
    "eps": 0.5,
    "epsdiluted": 0.48,
    "weightedAverageShsOut": 363098000,
    "weightedAverageShsOutDil": 380327000,
    "link": "https://www.sec.gov/Archives/edgar/data/906107/000090610715000012/0000906107-15-000012-index.htm",
    "finalLink": "https://www.sec.gov/Archives/edgar/data/906107/000090610715000012/q11510-q.htm"
  },
  {
    "date": "2014-12-31",
    "symbol": "EQR",
    "reportedCurrency": "USD",
    "cik": "0000906107",
    "fillingDate": "2015-02-26",
    "acceptedDate": "2015-02-26 16:08:36",
    "calendarYear": "2014",
    "period": "Q4",
    "revenue": 664660000,
    "costOfRevenue": 211387000,
    "grossProfit": 453273000,
    "grossProfitRatio": 0.6819622062,
    "researchAndDevelopmentExpenses": 0,
    "generalAndAdministrativeExpenses": 9652000,
    "sellingAndMarketingExpenses": 0,
    "sellingGeneralAndAdministrativeExpenses": 9652000,
    "otherExpenses": 193089000,
    "operatingExpenses": 202741000,
    "costAndExpenses": 414128000,
    "interestIncome": 0,
    "interestExpense": 109967000,
    "depreciationAndAmortization": 193089000,
    "ebitda": 444467000,
    "ebitdaratio": 0.6687133271,
    "operatingIncome": 250532000,
    "operatingIncomeRatio": 0.376932567,
    "totalOtherIncomeExpensesNet": -23325000,
    "incomeBeforeTax": 227207000,
    "incomeBeforeTaxRatio": 0.3418394367,
    "incomeTaxExpense": 248000,
    "netIncome": 217739000,
    "netIncomeRatio": 0.3275945596,
    "eps": 0.6,
    "epsdiluted": 0.57,
    "weightedAverageShsOut": 362018000,
    "weightedAverageShsOutDil": 378886000,
    "link": "https://www.sec.gov/Archives/edgar/data/906107/000090610715000007/0000906107-15-000007-index.htm",
    "finalLink": "https://www.sec.gov/Archives/edgar/data/906107/000090610715000007/eqr-20141231x10k.htm"
  },
  {
    "date": "2014-09-30",
    "symbol": "EQR",
    "reportedCurrency": "USD",
    "cik": "0000906107",
    "fillingDate": "2014-11-06",
    "acceptedDate": "2014-11-06 16:10:09",
    "calendarYear": "2014",
    "period": "Q3",
    "revenue": 664078000,
    "costOfRevenue": 220367000,
    "grossProfit": 443711000,
    "grossProfitRatio": 0.668160969,
    "researchAndDevelopmentExpenses": 0,
    "generalAndAdministrativeExpenses": 9968000,
    "sellingAndMarketingExpenses": 0,
    "sellingGeneralAndAdministrativeExpenses": 9968000,
    "otherExpenses": 190469000,
    "operatingExpenses": 200437000,
    "costAndExpenses": 420804000,
    "interestIncome": 0,
    "interestExpense": 118251000,
    "depreciationAndAmortization": 190469000,
    "ebitda": 434589000,
    "ebitdaratio": 0.6544246308,
    "operatingIncome": 243274000,
    "operatingIncomeRatio": 0.3663334729,
    "totalOtherIncomeExpensesNet": -11762000,
    "incomeBeforeTax": 231512000,
    "incomeBeforeTaxRatio": 0.3486216981,
    "incomeTaxExpense": 260000,
    "netIncome": 221744000,
    "netIncomeRatio": 0.3339125826,
    "eps": 0.61,
    "epsdiluted": 0.59,
    "weightedAverageShsOut": 361409000,
    "weightedAverageShsOutDil": 377954000,
    "link": "https://www.sec.gov/Archives/edgar/data/906107/000090610714000023/0000906107-14-000023-index.htm",
    "finalLink": "https://www.sec.gov/Archives/edgar/data/906107/000090610714000023/q31410-q.htm"
  },
  {
    "date": "2014-06-30",
    "symbol": "EQR",
    "reportedCurrency": "USD",
    "cik": "0000906107",
    "fillingDate": "2014-08-07",
    "acceptedDate": "2014-08-07 16:14:27",
    "calendarYear": "2014",
    "period": "Q2",
    "revenue": 652568000,
    "costOfRevenue": 220370000,
    "grossProfit": 432198000,
    "grossProfitRatio": 0.6623033921,
    "researchAndDevelopmentExpenses": 0,
    "generalAndAdministrativeExpenses": 13752000,
    "sellingAndMarketingExpenses": 0,
    "sellingGeneralAndAdministrativeExpenses": 13752000,
    "otherExpenses": 190136000,
    "operatingExpenses": 203888000,
    "costAndExpenses": 424258000,
    "interestIncome": 0,
    "interestExpense": 115924000,
    "depreciationAndAmortization": 190136000,
    "ebitda": 431409000,
    "ebitdaratio": 0.6610943227,
    "operatingIncome": 228310000,
    "operatingIncomeRatio": 0.3498639222,
    "totalOtherIncomeExpensesNet": -110454000,
    "incomeBeforeTax": 117856000,
    "incomeBeforeTaxRatio": 0.1806034007,
    "incomeTaxExpense": 646000,
    "netIncome": 112690000,
    "netIncomeRatio": 0.1726869843,
    "eps": 0.31,
    "epsdiluted": 0.3,
    "weightedAverageShsOut": 360809000,
    "weightedAverageShsOutDil": 377118000,
    "link": "https://www.sec.gov/Archives/edgar/data/906107/000090610714000017/0000906107-14-000017-index.htm",
    "finalLink": "https://www.sec.gov/Archives/edgar/data/906107/000090610714000017/q21410-q.htm"
  },
  {
    "date": "2014-03-31",
    "symbol": "EQR",
    "reportedCurrency": "USD",
    "cik": "0000906107",
    "fillingDate": "2014-05-08",
    "acceptedDate": "2014-05-08 16:06:37",
    "calendarYear": "2014",
    "period": "Q1",
    "revenue": 633442000,
    "costOfRevenue": 231440000,
    "grossProfit": 402002000,
    "grossProfitRatio": 0.6346311107,
    "researchAndDevelopmentExpenses": 0,
    "generalAndAdministrativeExpenses": 17576000,
    "sellingAndMarketingExpenses": 0,
    "sellingGeneralAndAdministrativeExpenses": 17576000,
    "otherExpenses": 185167000,
    "operatingExpenses": 202743000,
    "costAndExpenses": 434183000,
    "interestIncome": 0,
    "interestExpense": 113049000,
    "depreciationAndAmortization": 185167000,
    "ebitda": 382404000,
    "ebitdaratio": 0.6036922086,
    "operatingIncome": 199259000,
    "operatingIncomeRatio": 0.3145655009,
    "totalOtherIncomeExpensesNet": -117339000,
    "incomeBeforeTax": 81920000,
    "incomeBeforeTaxRatio": 0.1293251789,
    "incomeTaxExpense": 240000,
    "netIncome": 79135000,
    "netIncomeRatio": 0.1249285649,
    "eps": 0.22,
    "epsdiluted": 0.21,
    "weightedAverageShsOut": 360470000,
    "weightedAverageShsOutDil": 376384000,
    "link": "https://www.sec.gov/Archives/edgar/data/906107/000090610714000012/0000906107-14-000012-index.htm",
    "finalLink": "https://www.sec.gov/Archives/edgar/data/906107/000090610714000012/q11410-q.htm"
  },
  {
    "date": "2013-12-31",
    "symbol": "EQR",
    "reportedCurrency": "USD",
    "cik": "0000906107",
    "fillingDate": "2014-02-27",
    "acceptedDate": "2014-02-27 16:12:28",
    "calendarYear": "2013",
    "period": "Q4",
    "revenue": 639134000,
    "costOfRevenue": 217529000,
    "grossProfit": 421605000,
    "grossProfitRatio": 0.659650402,
    "researchAndDevelopmentExpenses": 0,
    "generalAndAdministrativeExpenses": 15162000,
    "sellingAndMarketingExpenses": 0,
    "sellingGeneralAndAdministrativeExpenses": 15162000,
    "otherExpenses": 182740000,
    "operatingExpenses": 197902000,
    "costAndExpenses": 415431000,
    "interestIncome": -1321000,
    "interestExpense": 149402000,
    "depreciationAndAmortization": 182740000,
    "ebitda": 398552000,
    "ebitdaratio": 0.6235812834,
    "operatingIncome": 223703000,
    "operatingIncomeRatio": 0.3500095442,
    "totalOtherIncomeExpensesNet": -154718000,
    "incomeBeforeTax": 68985000,
    "incomeBeforeTaxRatio": 0.1079351122,
    "incomeTaxExpense": -156000,
    "netIncome": 110976000,
    "netIncomeRatio": 0.1736349498,
    "eps": 0.31,
    "epsdiluted": 0.3,
    "weightedAverageShsOut": 359919000,
    "weightedAverageShsOutDil": 375860000,
    "link": "https://www.sec.gov/Archives/edgar/data/906107/000090610714000006/0000906107-14-000006-index.htm",
    "finalLink": "https://www.sec.gov/Archives/edgar/data/906107/000090610714000006/eqr-20131231x10k.htm"
  },
  {
    "date": "2013-09-30",
    "symbol": "EQR",
    "reportedCurrency": "USD",
    "cik": "0000906107",
    "fillingDate": "2013-11-07",
    "acceptedDate": "2013-11-07 16:32:23",
    "calendarYear": "2013",
    "period": "Q3",
    "revenue": 626629000,
    "costOfRevenue": 215089000,
    "grossProfit": 411540000,
    "grossProfitRatio": 0.656752241,
    "researchAndDevelopmentExpenses": 0,
    "generalAndAdministrativeExpenses": 14438000,
    "sellingAndMarketingExpenses": 0,
    "sellingGeneralAndAdministrativeExpenses": 14437000,
    "otherExpenses": 276707000,
    "operatingExpenses": 291144000,
    "costAndExpenses": 506233000,
    "interestIncome": 0,
    "interestExpense": 120035000,
    "depreciationAndAmortization": 277336000,
    "ebitda": 398101000,
    "ebitdaratio": 0.6353057391,
    "operatingIncome": 120396000,
    "operatingIncomeRatio": 0.192132825,
    "totalOtherIncomeExpensesNet": -133369000,
    "incomeBeforeTax": -12973000,
    "incomeBeforeTaxRatio": -0.0207028401,
    "incomeTaxExpense": 493000,
    "netIncome": 377192000,
    "netIncomeRatio": 0.601938308,
    "eps": 1.05,
    "epsdiluted": 1.05,
    "weightedAverageShsOut": 357933806,
    "weightedAverageShsOutDil": 359811000,
    "link": "https://www.sec.gov/Archives/edgar/data/906107/000090610713000034/0000906107-13-000034-index.htm",
    "finalLink": "https://www.sec.gov/Archives/edgar/data/906107/000090610713000034/q31310-q.htm"
  },
  {
    "date": "2013-06-30",
    "symbol": "EQR",
    "reportedCurrency": "USD",
    "cik": "0000906107",
    "fillingDate": "2013-08-08",
    "acceptedDate": "2013-08-08 16:06:25",
    "calendarYear": "2013",
    "period": "Q2",
    "revenue": 617217000,
    "costOfRevenue": 213851000,
    "grossProfit": 403366000,
    "grossProfitRatio": 0.6535238012,
    "researchAndDevelopmentExpenses": 0,
    "generalAndAdministrativeExpenses": 16086000,
    "sellingAndMarketingExpenses": 0,
    "sellingGeneralAndAdministrativeExpenses": 16085000,
    "otherExpenses": 0,
    "operatingExpenses": 334578000,
    "costAndExpenses": 548429000,
    "interestIncome": 0,
    "interestExpense": 122950000,
    "depreciationAndAmortization": 331374000,
    "ebitda": 389799000,
    "ebitdaratio": 0.6315428771,
    "operatingIncome": 63977000,
    "operatingIncomeRatio": 0.1036539823,
    "totalOtherIncomeExpensesNet": -122060000,
    "incomeBeforeTax": -58083000,
    "incomeBeforeTaxRatio": -0.0941046666,
    "incomeTaxExpense": 428000,
    "netIncome": 324759000,
    "netIncomeRatio": 0.526166648,
    "eps": 0.9,
    "epsdiluted": 0.9,
    "weightedAverageShsOut": 359476467,
    "weightedAverageShsOutDil": 359653000,
    "link": "https://www.sec.gov/Archives/edgar/data/906107/000090610713000029/0000906107-13-000029-index.htm",
    "finalLink": "https://www.sec.gov/Archives/edgar/data/906107/000090610713000029/q21310-q.htm"
  },
  {
    "date": "2013-03-31",
    "symbol": "EQR",
    "reportedCurrency": "USD",
    "cik": "0000906107",
    "fillingDate": "2013-05-09",
    "acceptedDate": "2013-05-09 17:12:33",
    "calendarYear": "2013",
    "period": "Q1",
    "revenue": 504722000,
    "costOfRevenue": 187759000,
    "grossProfit": 316963000,
    "grossProfitRatio": 0.6279952132,
    "researchAndDevelopmentExpenses": 0,
    "generalAndAdministrativeExpenses": 16496000,
    "sellingAndMarketingExpenses": 0,
    "sellingGeneralAndAdministrativeExpenses": 16495000,
    "otherExpenses": 0,
    "operatingExpenses": 280802000,
    "costAndExpenses": 468561000,
    "interestIncome": 0,
    "interestExpense": 195685000,
    "depreciationAndAmortization": 220330000,
    "ebitda": 293577000,
    "ebitdaratio": 0.5816607954,
    "operatingIncome": 104246000,
    "operatingIncomeRatio": 0.2065414228,
    "totalOtherIncomeExpensesNet": -269180000,
    "incomeBeforeTax": -164934000,
    "incomeBeforeTaxRatio": -0.326781872,
    "incomeTaxExpense": 407000,
    "netIncome": 1017686000,
    "netIncomeRatio": 2.0163297815,
    "eps": 3.02,
    "epsdiluted": 3.02,
    "weightedAverageShsOut": 337526333,
    "weightedAverageShsOutDil": 337532000,
    "link": "https://www.sec.gov/Archives/edgar/data/906107/000090610713000016/0000906107-13-000016-index.htm",
    "finalLink": "https://www.sec.gov/Archives/edgar/data/906107/000090610713000016/q11310-q.htm"
  },
  {
    "date": "2012-12-31",
    "symbol": "EQR",
    "reportedCurrency": "USD",
    "cik": "0000906107",
    "fillingDate": "2013-02-21",
    "acceptedDate": "2013-02-21 13:08:46",
    "calendarYear": "2012",
    "period": "Q4",
    "revenue": 444743000,
    "costOfRevenue": 150472000,
    "grossProfit": 294271000,
    "grossProfitRatio": 0.6616652764,
    "researchAndDevelopmentExpenses": 0,
    "generalAndAdministrativeExpenses": 10072000,
    "sellingAndMarketingExpenses": 0,
    "sellingGeneralAndAdministrativeExpenses": 10071000,
    "otherExpenses": 0,
    "operatingExpenses": 75406000,
    "costAndExpenses": 225878000,
    "interestIncome": 80032000,
    "interestExpense": 110214000,
    "depreciationAndAmortization": 166196000,
    "ebitda": 408517000,
    "ebitdaratio": 0.9185462166,
    "operatingIncome": 145679000,
    "operatingIncomeRatio": 0.3275577131,
    "totalOtherIncomeExpensesNet": -47572000,
    "incomeBeforeTax": 98107000,
    "incomeBeforeTaxRatio": 0.2205925669,
    "incomeTaxExpense": -88000,
    "netIncome": 367017000,
    "netIncomeRatio": 0.8252338991,
    "eps": 1.18,
    "epsdiluted": 1.12,
    "weightedAverageShsOut": 310398000,
    "weightedAverageShsOutDil": 327108000,
    "link": "https://www.sec.gov/Archives/edgar/data/906107/000090610713000005/0000906107-13-000005-index.htm",
    "finalLink": "https://www.sec.gov/Archives/edgar/data/906107/000090610713000005/eqr-20121231x10k.htm"
  },
  {
    "date": "2012-09-30",
    "symbol": "EQR",
    "reportedCurrency": "USD",
    "cik": "0000906107",
    "fillingDate": "2012-11-01",
    "acceptedDate": "2012-11-01 14:29:34",
    "calendarYear": "2012",
    "period": "Q3",
    "revenue": 451699000,
    "costOfRevenue": 159347000,
    "grossProfit": 292352000,
    "grossProfitRatio": 0.6472274678,
    "researchAndDevelopmentExpenses": 0,
    "generalAndAdministrativeExpenses": 10096000,
    "sellingAndMarketingExpenses": 0,
    "sellingGeneralAndAdministrativeExpenses": 10083000,
    "otherExpenses": 0,
    "operatingExpenses": 83493999,
    "costAndExpenses": 75853000,
    "interestIncome": 70087000,
    "interestExpense": 116455000,
    "depreciationAndAmortization": 167406000,
    "ebitda": 374462000,
    "ebitdaratio": 0.8290078127,
    "operatingIncome": 142932000,
    "operatingIncomeRatio": 0.3164319602,
    "totalOtherIncomeExpensesNet": -50529000,
    "incomeBeforeTax": 92403000,
    "incomeBeforeTaxRatio": 0.2045676435,
    "incomeTaxExpense": 222000,
    "netIncome": 226139000,
    "netIncomeRatio": 0.5006409135,
    "eps": 0.75,
    "epsdiluted": 0.71,
    "weightedAverageShsOut": 301336000,
    "weightedAverageShsOutDil": 318773000,
    "link": "https://www.sec.gov/Archives/edgar/data/906107/000090610712000034/0000906107-12-000034-index.htm",
    "finalLink": "https://www.sec.gov/Archives/edgar/data/906107/000090610712000034/q31210-q.htm"
  },
  {
    "date": "2012-06-30",
    "symbol": "EQR",
    "reportedCurrency": "USD",
    "cik": "0000906107",
    "fillingDate": "2012-08-02",
    "acceptedDate": "2012-08-02 16:04:33",
    "calendarYear": "2012",
    "period": "Q2",
    "revenue": 543781000,
    "costOfRevenue": 192338000,
    "grossProfit": 351443000,
    "grossProfitRatio": 0.6462951078,
    "researchAndDevelopmentExpenses": 0,
    "generalAndAdministrativeExpenses": 13394000,
    "sellingAndMarketingExpenses": 0,
    "sellingGeneralAndAdministrativeExpenses": 13394000,
    "otherExpenses": 145435000,
    "operatingExpenses": 158829000,
    "costAndExpenses": 378070000,
    "interestIncome": 0,
    "interestExpense": 115618000,
    "depreciationAndAmortization": 172338000,
    "ebitda": 288312000,
    "ebitdaratio": 0.5301987381,
    "operatingIncome": 128560000,
    "operatingIncomeRatio": 0.2364187053,
    "totalOtherIncomeExpensesNet": 0,
    "incomeBeforeTax": 102707000,
    "incomeBeforeTaxRatio": 0.1888756687,
    "incomeTaxExpense": 214000,
    "netIncome": 103264000,
    "netIncomeRatio": 0.1898999781,
    "eps": 0.34,
    "epsdiluted": 0.34,
    "weightedAverageShsOut": 300193000,
    "weightedAverageShsOutDil": 300193000,
    "link": "https://www.sec.gov/Archives/edgar/data/906107/000090610712000023/0000906107-12-000023-index.htm",
    "finalLink": "https://www.sec.gov/Archives/edgar/data/906107/000090610712000023/q21210-q.htm"
  },
  {
    "date": "2012-03-31",
    "symbol": "EQR",
    "reportedCurrency": "USD",
    "cik": "0000906107",
    "fillingDate": "2012-05-03",
    "acceptedDate": "2012-05-03 11:13:27",
    "calendarYear": "2012",
    "period": "Q1",
    "revenue": 527659000,
    "costOfRevenue": 193082000,
    "grossProfit": 334577000,
    "grossProfitRatio": 0.6340780694,
    "researchAndDevelopmentExpenses": 0,
    "generalAndAdministrativeExpenses": 13688000,
    "sellingAndMarketingExpenses": 0,
    "sellingGeneralAndAdministrativeExpenses": 13688000,
    "otherExpenses": 174737000,
    "operatingExpenses": 188425000,
    "costAndExpenses": 381507000,
    "interestIncome": 0,
    "interestExpense": 118703000,
    "depreciationAndAmortization": 174737000,
    "ebitda": 279863000,
    "ebitdaratio": 0.5303861016,
    "operatingIncome": 218298000,
    "operatingIncomeRatio": 0.4137103698,
    "totalOtherIncomeExpensesNet": 0,
    "incomeBeforeTax": -13256000,
    "incomeBeforeTaxRatio": -0.0251222854,
    "incomeTaxExpense": 170000,
    "netIncome": 145299000,
    "netIncomeRatio": 0.2753653401,
    "eps": 0.49,
    "epsdiluted": 0.49,
    "weightedAverageShsOut": 298805000,
    "weightedAverageShsOutDil": 298805000,
    "link": "https://www.sec.gov/Archives/edgar/data/906107/000090610712000012/0000906107-12-000012-index.htm",
    "finalLink": "https://www.sec.gov/Archives/edgar/data/906107/000090610712000012/q11210-q.htm"
  },
  {
    "date": "2011-12-31",
    "symbol": "EQR",
    "reportedCurrency": "USD",
    "cik": "0000906107",
    "fillingDate": "2012-02-24",
    "acceptedDate": "2012-02-24 15:14:15",
    "calendarYear": "2011",
    "period": "Q4",
    "revenue": 512383000,
    "costOfRevenue": 177142000,
    "grossProfit": 335241000,
    "grossProfitRatio": 0.6542781474,
    "researchAndDevelopmentExpenses": 0,
    "generalAndAdministrativeExpenses": 11144000,
    "sellingAndMarketingExpenses": 0,
    "sellingGeneralAndAdministrativeExpenses": 11144000,
    "otherExpenses": 164924000,
    "operatingExpenses": 176068000,
    "costAndExpenses": 353210000,
    "interestIncome": -6570000,
    "interestExpense": 115346000,
    "depreciationAndAmortization": 167233000,
    "ebitda": 317659000,
    "ebitdaratio": 0.6199639723,
    "operatingIncome": 159173000,
    "operatingIncomeRatio": 0.3106523831,
    "totalOtherIncomeExpensesNet": -123024000,
    "incomeBeforeTax": 36149000,
    "incomeBeforeTaxRatio": 0.0705507404,
    "incomeTaxExpense": 59000,
    "netIncome": 102482000,
    "netIncomeRatio": 0.200010539,
    "eps": 0.35,
    "epsdiluted": 0.35,
    "weightedAverageShsOut": 295831000,
    "weightedAverageShsOutDil": 295831000,
    "link": "https://www.sec.gov/Archives/edgar/data/906107/000090610712000004/0000906107-12-000004-index.htm",
    "finalLink": "https://www.sec.gov/Archives/edgar/data/906107/000090610712000004/eqr-20111231x10k.htm"
  },
  {
    "date": "2011-09-30",
    "symbol": "EQR",
    "reportedCurrency": "USD",
    "cik": "0000906107",
    "fillingDate": "2011-11-04",
    "acceptedDate": "2011-11-04 10:15:03",
    "calendarYear": "2011",
    "period": "Q3",
    "revenue": 511958000,
    "costOfRevenue": 186209000,
    "grossProfit": 314626000,
    "grossProfitRatio": 0.6145543189,
    "researchAndDevelopmentExpenses": 0,
    "generalAndAdministrativeExpenses": 10121000,
    "sellingAndMarketingExpenses": 0,
    "sellingGeneralAndAdministrativeExpenses": 10121000,
    "otherExpenses": 159691000,
    "operatingExpenses": 169812000,
    "costAndExpenses": 360882000,
    "interestIncome": 5317000,
    "interestExpense": 112449000,
    "depreciationAndAmortization": 164552000,
    "ebitda": 308402000,
    "ebitdaratio": 0.6023970716,
    "operatingIncome": 144814000,
    "operatingIncomeRatio": 0.2828630474,
    "totalOtherIncomeExpensesNet": 0,
    "incomeBeforeTax": 30500000,
    "incomeBeforeTaxRatio": 0.0595751995,
    "incomeTaxExpense": 283000,
    "netIncome": 107848000,
    "netIncomeRatio": 0.2106579055,
    "eps": 0.36,
    "epsdiluted": 0.34,
    "weightedAverageShsOut": 295831000,
    "weightedAverageShsOutDil": 312844000,
    "link": "https://www.sec.gov/Archives/edgar/data/906107/000119312511296565/0001193125-11-296565-index.htm",
    "finalLink": "https://www.sec.gov/Archives/edgar/data/906107/000119312511296565/d251109d10q.htm"
  },
  {
    "date": "2011-06-30",
    "symbol": "EQR",
    "reportedCurrency": "USD",
    "cik": "0000906107",
    "fillingDate": "2011-08-05",
    "acceptedDate": "2011-08-05 10:24:40",
    "calendarYear": "2011",
    "period": "Q2",
    "revenue": 424305000,
    "costOfRevenue": 181569000,
    "grossProfit": 305217000,
    "grossProfitRatio": 0.7193339697,
    "researchAndDevelopmentExpenses": 0,
    "generalAndAdministrativeExpenses": 10908000,
    "sellingAndMarketingExpenses": 0,
    "sellingGeneralAndAdministrativeExpenses": 10908000,
    "otherExpenses": 159087000,
    "operatingExpenses": 169995000,
    "costAndExpenses": 351564000,
    "interestIncome": 319000,
    "interestExpense": 119997000,
    "depreciationAndAmortization": 161567000,
    "ebitda": 292675000,
    "ebitdaratio": 0.6897750439,
    "operatingIncome": 139857000,
    "operatingIncomeRatio": 0.3296143105,
    "totalOtherIncomeExpensesNet": 0,
    "incomeBeforeTax": 22455000,
    "incomeBeforeTaxRatio": 0.0529218369,
    "incomeTaxExpense": 203000,
    "netIncome": 555924000,
    "netIncomeRatio": 1.3101990314,
    "eps": 1.89,
    "epsdiluted": 1.78,
    "weightedAverageShsOut": 294663000,
    "weightedAverageShsOutDil": 312199000,
    "link": "https://www.sec.gov/Archives/edgar/data/906107/000095012311073326/0000950123-11-073326-index.htm",
    "finalLink": "https://www.sec.gov/Archives/edgar/data/906107/000095012311073326/c64621e10vq.htm"
  },
  {
    "date": "2011-03-31",
    "symbol": "EQR",
    "reportedCurrency": "USD",
    "cik": "0000906107",
    "fillingDate": "2011-05-05",
    "acceptedDate": "2011-05-05 09:53:27",
    "calendarYear": "2011",
    "period": "Q1",
    "revenue": 446869000,
    "costOfRevenue": 207710000,
    "grossProfit": 285841000,
    "grossProfitRatio": 0.6396527841,
    "researchAndDevelopmentExpenses": 0,
    "generalAndAdministrativeExpenses": 11435000,
    "sellingAndMarketingExpenses": 0,
    "sellingGeneralAndAdministrativeExpenses": 11435000,
    "otherExpenses": 167968000,
    "operatingExpenses": 179403000,
    "costAndExpenses": 387113000,
    "interestIncome": 972000,
    "interestExpense": 120528000,
    "depreciationAndAmortization": 167968000,
    "ebitda": 281162000,
    "ebitdaratio": 0.6291821541,
    "operatingIncome": 115953000,
    "operatingIncomeRatio": 0.2594787287,
    "totalOtherIncomeExpensesNet": 0,
    "incomeBeforeTax": 7919000,
    "incomeBeforeTaxRatio": 0.0177210771,
    "incomeTaxExpense": 192000,
    "netIncome": 127331000,
    "netIncomeRatio": 0.2849403293,
    "eps": 0.43,
    "epsdiluted": 0.43,
    "weightedAverageShsOut": 292895000,
    "weightedAverageShsOutDil": 292895000,
    "link": "https://www.sec.gov/Archives/edgar/data/906107/000095012311045246/0000950123-11-045246-index.htm",
    "finalLink": "https://www.sec.gov/Archives/edgar/data/906107/000095012311045246/c63548e10vq.htm"
  },
  {
    "date": "2010-12-31",
    "symbol": "EQR",
    "reportedCurrency": "USD",
    "cik": "0000906107",
    "fillingDate": "2011-02-24",
    "acceptedDate": "2011-02-24 13:32:27",
    "calendarYear": "2010",
    "period": "Q4",
    "revenue": 470621000,
    "costOfRevenue": 184697000,
    "grossProfit": 285924000,
    "grossProfitRatio": 0.6075461996,
    "researchAndDevelopmentExpenses": 0,
    "generalAndAdministrativeExpenses": 8852000,
    "sellingAndMarketingExpenses": 0,
    "sellingGeneralAndAdministrativeExpenses": 8852000,
    "otherExpenses": 201840000,
    "operatingExpenses": 210692000,
    "costAndExpenses": 395389000,
    "interestIncome": -5325000,
    "interestExpense": 117002000,
    "depreciationAndAmortization": 171708000,
    "ebitda": 242270000,
    "ebitdaratio": 0.5147879079,
    "operatingIncome": 72455000,
    "operatingIncomeRatio": 0.1539561558,
    "totalOtherIncomeExpensesNet": 222338000,
    "incomeBeforeTax": 294793000,
    "incomeBeforeTaxRatio": 0.6263915125,
    "incomeTaxExpense": 23000,
    "netIncome": 189383000,
    "netIncomeRatio": 0.4024108571,
    "eps": 0.67,
    "epsdiluted": 0.67,
    "weightedAverageShsOut": 282717000,
    "weightedAverageShsOutDil": 282717000,
    "link": "https://www.sec.gov/Archives/edgar/data/906107/000095012311017717/0000950123-11-017717-index.htm",
    "finalLink": "https://www.sec.gov/Archives/edgar/data/906107/000095012311017717/c61474e10vk.htm"
  },
  {
    "date": "2010-09-30",
    "symbol": "EQR",
    "reportedCurrency": "USD",
    "cik": "0000906107",
    "fillingDate": "2010-11-04",
    "acceptedDate": "2010-11-04 06:23:58",
    "calendarYear": "2010",
    "period": "Q3",
    "revenue": 453960000,
    "costOfRevenue": 215590000,
    "grossProfit": 273803000,
    "grossProfitRatio": 0.6031434488,
    "researchAndDevelopmentExpenses": 0,
    "generalAndAdministrativeExpenses": 10224000,
    "sellingAndMarketingExpenses": 0,
    "sellingGeneralAndAdministrativeExpenses": 10224000,
    "otherExpenses": 174346000,
    "operatingExpenses": 184570000,
    "costAndExpenses": 400160000,
    "interestIncome": 208000,
    "interestExpense": 121116000,
    "depreciationAndAmortization": 173642000,
    "ebitda": 273560000,
    "ebitdaratio": 0.6026081593,
    "operatingIncome": 105264000,
    "operatingIncomeRatio": 0.2318794607,
    "totalOtherIncomeExpensesNet": 0,
    "incomeBeforeTax": 356243000,
    "incomeBeforeTaxRatio": 0.784745352,
    "incomeTaxExpense": 288000,
    "netIncome": 28783000,
    "netIncomeRatio": 0.0634042647,
    "eps": 0.1,
    "epsdiluted": 0.1,
    "weightedAverageShsOut": 282717000,
    "weightedAverageShsOutDil": 282717000,
    "link": "https://www.sec.gov/Archives/edgar/data/906107/000095012310100488/0000950123-10-100488-index.htm",
    "finalLink": "https://www.sec.gov/Archives/edgar/data/906107/000095012310100488/c60163e10vq.htm"
  },
  {
    "date": "2010-06-30",
    "symbol": "EQR",
    "reportedCurrency": "USD",
    "cik": "0000906107",
    "fillingDate": "2010-08-05",
    "acceptedDate": "2010-08-05 11:19:07",
    "calendarYear": "2010",
    "period": "Q2",
    "revenue": 510937000,
    "costOfRevenue": 202878000,
    "grossProfit": 273115000,
    "grossProfitRatio": 0.5345375262,
    "researchAndDevelopmentExpenses": 0,
    "generalAndAdministrativeExpenses": 10090000,
    "sellingAndMarketingExpenses": 0,
    "sellingGeneralAndAdministrativeExpenses": 10090000,
    "otherExpenses": 176440000,
    "operatingExpenses": 186530000,
    "costAndExpenses": 389408000,
    "interestIncome": 2892000,
    "interestExpense": 113723000,
    "depreciationAndAmortization": 174794000,
    "ebitda": 273953000,
    "ebitdaratio": 0.5361776501,
    "operatingIncome": 121529000,
    "operatingIncomeRatio": 0.2378551563,
    "totalOtherIncomeExpensesNet": -116889000,
    "incomeBeforeTax": 4640000,
    "incomeBeforeTaxRatio": 0.0090813545,
    "incomeTaxExpense": -5321000,
    "netIncome": 9961000,
    "netIncomeRatio": 0.0194955542,
    "eps": 0.0353,
    "epsdiluted": 0.0353,
    "weightedAverageShsOut": 282217000,
    "weightedAverageShsOutDil": 282217000,
    "link": "https://www.sec.gov/Archives/edgar/data/906107/000119312510178651/0001193125-10-178651-index.htm",
    "finalLink": "https://www.sec.gov/Archives/edgar/data/906107/000119312510178651/d10q.htm"
  },
  {
    "date": "2010-03-31",
    "symbol": "EQR",
    "reportedCurrency": "USD",
    "cik": "0000906107",
    "fillingDate": "2010-05-06",
    "acceptedDate": "2010-05-06 10:38:52",
    "calendarYear": "2010",
    "period": "Q1",
    "revenue": 488690000,
    "costOfRevenue": 207054000,
    "grossProfit": 260872000,
    "grossProfitRatio": 0.5338189855,
    "researchAndDevelopmentExpenses": 0,
    "generalAndAdministrativeExpenses": 10721000,
    "sellingAndMarketingExpenses": 0,
    "sellingGeneralAndAdministrativeExpenses": 10721000,
    "otherExpenses": 152319000,
    "operatingExpenses": 163040000,
    "costAndExpenses": 370094000,
    "interestIncome": 2225000,
    "interestExpense": 114111000,
    "depreciationAndAmortization": 152319000,
    "ebitda": 257583000,
    "ebitdaratio": 0.5270887475,
    "operatingIncome": 108706000,
    "operatingIncomeRatio": 0.2224436759,
    "totalOtherIncomeExpensesNet": 0,
    "incomeBeforeTax": 355581000,
    "incomeBeforeTaxRatio": 0.7276207821,
    "incomeTaxExpense": 166000,
    "netIncome": 55483000,
    "netIncomeRatio": 0.1135341423,
    "eps": 0.2,
    "epsdiluted": 0.2,
    "weightedAverageShsOut": 280645000,
    "weightedAverageShsOutDil": 280645000,
    "link": "https://www.sec.gov/Archives/edgar/data/906107/000119312510110115/0001193125-10-110115-index.htm",
    "finalLink": "https://www.sec.gov/Archives/edgar/data/906107/000119312510110115/d10q.htm"
  },
  {
    "date": "2009-12-31",
    "symbol": "EQR",
    "reportedCurrency": "USD",
    "cik": "0000906107",
    "fillingDate": "2010-02-25",
    "acceptedDate": "2010-02-25 12:18:37",
    "calendarYear": "2009",
    "period": "Q4",
    "revenue": 464400000,
    "costOfRevenue": 182103000,
    "grossProfit": 282297000,
    "grossProfitRatio": 0.607874677,
    "researchAndDevelopmentExpenses": 0,
    "generalAndAdministrativeExpenses": 8518000,
    "sellingAndMarketingExpenses": 0,
    "sellingGeneralAndAdministrativeExpenses": 8518000,
    "otherExpenses": 145157000,
    "operatingExpenses": 153675000,
    "costAndExpenses": 335778000,
    "interestIncome": 830000,
    "interestExpense": 145923000,
    "depreciationAndAmortization": 148888000,
    "ebitda": 274081000,
    "ebitdaratio": 0.5901830319,
    "operatingIncome": 128622000,
    "operatingIncomeRatio": 0.2769638243,
    "totalOtherIncomeExpensesNet": 0,
    "incomeBeforeTax": -20730000,
    "incomeBeforeTaxRatio": -0.0446382429,
    "incomeTaxExpense": -41000,
    "netIncome": 45292000,
    "netIncomeRatio": 0.0975279931,
    "eps": 0.17,
    "epsdiluted": 0.17,
    "weightedAverageShsOut": 273658000,
    "weightedAverageShsOutDil": 273658000,
    "link": "https://www.sec.gov/Archives/edgar/data/906107/000119312510040142/0001193125-10-040142-index.htm",
    "finalLink": "https://www.sec.gov/Archives/edgar/data/906107/000119312510040142/d10k.htm"
  },
  {
    "date": "2009-09-30",
    "symbol": "EQR",
    "reportedCurrency": "USD",
    "cik": "0000906107",
    "fillingDate": "2009-11-05",
    "acceptedDate": "2009-11-05 10:24:07",
    "calendarYear": "2009",
    "period": "Q3",
    "revenue": 459017000,
    "costOfRevenue": 55743000,
    "grossProfit": 275194000,
    "grossProfitRatio": 0.5995289935,
    "researchAndDevelopmentExpenses": 0,
    "generalAndAdministrativeExpenses": 212184000,
    "sellingAndMarketingExpenses": 0,
    "sellingGeneralAndAdministrativeExpenses": 212184000,
    "otherExpenses": -202303000,
    "operatingExpenses": 9881000,
    "costAndExpenses": 65624000,
    "interestIncome": 3215000,
    "interestExpense": 121166000,
    "depreciationAndAmortization": 149652000,
    "ebitda": 276498000,
    "ebitdaratio": 0.6023698469,
    "operatingIncome": 128655000,
    "operatingIncomeRatio": 0.2802837368,
    "totalOtherIncomeExpensesNet": 0,
    "incomeBeforeTax": 9475000,
    "incomeBeforeTaxRatio": 0.020641937,
    "incomeTaxExpense": 456000,
    "netIncome": 135981000,
    "netIncomeRatio": 0.29624393,
    "eps": 0.5,
    "epsdiluted": 0.47,
    "weightedAverageShsOut": 273658000,
    "weightedAverageShsOutDil": 290215000,
    "link": "https://www.sec.gov/Archives/edgar/data/906107/000119312509224917/0001193125-09-224917-index.htm",
    "finalLink": "https://www.sec.gov/Archives/edgar/data/906107/000119312509224917/d10q.htm"
  },
  {
    "date": "2009-06-30",
    "symbol": "EQR",
    "reportedCurrency": "USD",
    "cik": "0000906107",
    "fillingDate": "2009-08-06",
    "acceptedDate": "2009-08-06 16:41:43",
    "calendarYear": "2009",
    "period": "Q2",
    "revenue": 471410000,
    "costOfRevenue": 53824000,
    "grossProfit": 290005000,
    "grossProfitRatio": 0.6151863558,
    "researchAndDevelopmentExpenses": 0,
    "generalAndAdministrativeExpenses": 206173000,
    "sellingAndMarketingExpenses": 0,
    "sellingGeneralAndAdministrativeExpenses": 206173000,
    "otherExpenses": -195972000,
    "operatingExpenses": 10201000,
    "costAndExpenses": 64025000,
    "interestIncome": 6622000,
    "interestExpense": 115670000,
    "depreciationAndAmortization": 151347000,
    "ebitda": 281647000,
    "ebitdaratio": 0.5974565665,
    "operatingIncome": 126944000,
    "operatingIncomeRatio": 0.2692857597,
    "totalOtherIncomeExpensesNet": 0,
    "incomeBeforeTax": 23449000,
    "incomeBeforeTaxRatio": 0.0497422626,
    "incomeTaxExpense": 259000,
    "netIncome": 105932000,
    "netIncomeRatio": 0.2247130948,
    "eps": 0.39,
    "epsdiluted": 0.37,
    "weightedAverageShsOut": 272901000,
    "weightedAverageShsOutDil": 289338000,
    "link": "https://www.sec.gov/Archives/edgar/data/906107/000119312509167271/0001193125-09-167271-index.htm",
    "finalLink": "https://www.sec.gov/Archives/edgar/data/906107/000119312509167271/d10q.htm"
  },
  {
    "date": "2009-03-31",
    "symbol": "EQR",
    "reportedCurrency": "USD",
    "cik": "0000906107",
    "fillingDate": "2009-05-07",
    "acceptedDate": "2009-05-07 09:39:28",
    "calendarYear": "2009",
    "period": "Q1",
    "revenue": 515144000,
    "costOfRevenue": 210524000,
    "grossProfit": 304620000,
    "grossProfitRatio": 0.5913298029,
    "researchAndDevelopmentExpenses": 0,
    "generalAndAdministrativeExpenses": 10394000,
    "sellingAndMarketingExpenses": 0,
    "sellingGeneralAndAdministrativeExpenses": 10394000,
    "otherExpenses": 150045000,
    "operatingExpenses": 160439000,
    "costAndExpenses": 370963000,
    "interestIncome": 6021000,
    "interestExpense": 126862000,
    "depreciationAndAmortization": 150488000,
    "ebitda": 288600000,
    "ebitdaratio": 0.5602317022,
    "operatingIncome": 132387000,
    "operatingIncomeRatio": 0.2569902784,
    "totalOtherIncomeExpensesNet": 0,
    "incomeBeforeTax": 23048000,
    "incomeBeforeTaxRatio": 0.044740888,
    "incomeTaxExpense": 2131000,
    "netIncome": 80795000,
    "netIncomeRatio": 0.156839641,
    "eps": 0.3,
    "epsdiluted": 0.28,
    "weightedAverageShsOut": 272324000,
    "weightedAverageShsOutDil": 288853000,
    "link": "https://www.sec.gov/Archives/edgar/data/906107/000119312509102717/0001193125-09-102717-index.htm",
    "finalLink": "https://www.sec.gov/Archives/edgar/data/906107/000119312509102717/d10q.htm"
  },
  {
    "date": "2008-12-31",
    "symbol": "EQR",
    "reportedCurrency": "USD",
    "cik": "0000906107",
    "fillingDate": "2009-02-26",
    "acceptedDate": "2009-02-26 09:19:33",
    "calendarYear": "2008",
    "period": "Q4",
    "revenue": 528986000,
    "costOfRevenue": 217461000,
    "grossProfit": 289087000,
    "grossProfitRatio": 0.5464927238,
    "researchAndDevelopmentExpenses": 0,
    "generalAndAdministrativeExpenses": 236353000,
    "sellingAndMarketingExpenses": 0,
    "sellingGeneralAndAdministrativeExpenses": 236353000,
    "otherExpenses": -225506000,
    "operatingExpenses": 10847000,
    "costAndExpenses": 490402000,
    "interestIncome": 22521000,
    "interestExpense": 127016000,
    "depreciationAndAmortization": 158298000,
    "ebitda": 219403000,
    "ebitdaratio": 0.4147614493,
    "operatingIncome": 30836000,
    "operatingIncomeRatio": 0.058292658,
    "totalOtherIncomeExpensesNet": 270747000,
    "incomeBeforeTax": 301583000,
    "incomeBeforeTaxRatio": 0.5701152772,
    "incomeTaxExpense": -5843000,
    "netIncome": -31243000,
    "netIncomeRatio": -0.0590620546,
    "eps": -0.12,
    "epsdiluted": -0.12,
    "weightedAverageShsOut": 270345000,
    "weightedAverageShsOutDil": 270345000,
    "link": "https://www.sec.gov/Archives/edgar/data/906107/000119312509038255/0001193125-09-038255-index.htm",
    "finalLink": "https://www.sec.gov/Archives/edgar/data/906107/000119312509038255/d10k.htm"
  },
  {
    "date": "2008-09-30",
    "symbol": "EQR",
    "reportedCurrency": "USD",
    "cik": "0000906107",
    "fillingDate": "2008-11-06",
    "acceptedDate": "2008-11-06 14:32:26",
    "calendarYear": "2008",
    "period": "Q3",
    "revenue": 538319000,
    "costOfRevenue": 55206000,
    "grossProfit": 483113000,
    "grossProfitRatio": 0.8974474243,
    "researchAndDevelopmentExpenses": 0,
    "generalAndAdministrativeExpenses": 9849000,
    "sellingAndMarketingExpenses": 0,
    "sellingGeneralAndAdministrativeExpenses": 9849000,
    "otherExpenses": 0,
    "operatingExpenses": 9849000,
    "costAndExpenses": 381749000,
    "interestIncome": 2838000,
    "interestExpense": 124755000,
    "depreciationAndAmortization": 153762000,
    "ebitda": 302702000,
    "ebitdaratio": 0.5623097086,
    "operatingIncome": 156570000,
    "operatingIncomeRatio": 0.2908498493,
    "totalOtherIncomeExpensesNet": 21671000,
    "incomeBeforeTax": 178241000,
    "incomeBeforeTaxRatio": 0.3311066487,
    "incomeTaxExpense": 1415000,
    "netIncome": 178241000,
    "netIncomeRatio": 0.3311066487,
    "eps": 0.66,
    "epsdiluted": 0.61,
    "weightedAverageShsOut": 270345000,
    "weightedAverageShsOutDil": 290795000,
    "link": "https://www.sec.gov/Archives/edgar/data/906107/000119312508227703/0001193125-08-227703-index.htm",
    "finalLink": "https://www.sec.gov/Archives/edgar/data/906107/000119312508227703/d10q.htm"
  },
  {
    "date": "2008-06-30",
    "symbol": "EQR",
    "reportedCurrency": "USD",
    "cik": "0000906107",
    "fillingDate": "2008-08-07",
    "acceptedDate": "2008-08-07 09:44:32",
    "calendarYear": "2008",
    "period": "Q2",
    "revenue": 535525000,
    "costOfRevenue": 54613000,
    "grossProfit": 480912000,
    "grossProfitRatio": 0.8980197003,
    "researchAndDevelopmentExpenses": 0,
    "generalAndAdministrativeExpenses": 11774000,
    "sellingAndMarketingExpenses": 0,
    "sellingGeneralAndAdministrativeExpenses": 11774000,
    "otherExpenses": 0,
    "operatingExpenses": 11774000,
    "costAndExpenses": 369666000,
    "interestIncome": 4609000,
    "interestExpense": 121689000,
    "depreciationAndAmortization": 146594000,
    "ebitda": 309154000,
    "ebitdaratio": 0.577291443,
    "operatingIncome": 165859000,
    "operatingIncomeRatio": 0.3097128986,
    "totalOtherIncomeExpensesNet": -33247000,
    "incomeBeforeTax": 132612000,
    "incomeBeforeTaxRatio": 0.2476298959,
    "incomeTaxExpense": 1726000,
    "netIncome": 132612000,
    "netIncomeRatio": 0.2476298959,
    "eps": 0.49,
    "epsdiluted": 0.46,
    "weightedAverageShsOut": 269608000,
    "weightedAverageShsOutDil": 290445000,
    "link": "https://www.sec.gov/Archives/edgar/data/906107/000119312508169386/0001193125-08-169386-index.htm",
    "finalLink": "https://www.sec.gov/Archives/edgar/data/906107/000119312508169386/d10q.htm"
  },
  {
    "date": "2008-03-31",
    "symbol": "EQR",
    "reportedCurrency": "USD",
    "cik": "0000906107",
    "fillingDate": "2008-05-08",
    "acceptedDate": "2008-05-08 10:48:51",
    "calendarYear": "2008",
    "period": "Q1",
    "revenue": 502641000,
    "costOfRevenue": 292154000,
    "grossProfit": 208220000,
    "grossProfitRatio": 0.4142519214,
    "researchAndDevelopmentExpenses": 0,
    "generalAndAdministrativeExpenses": 12481000,
    "sellingAndMarketingExpenses": 0,
    "sellingGeneralAndAdministrativeExpenses": 12481000,
    "otherExpenses": 0,
    "operatingExpenses": 12481000,
    "costAndExpenses": 363132000,
    "interestIncome": 3369000,
    "interestExpense": 121678000,
    "depreciationAndAmortization": 147748000,
    "ebitda": 290282000,
    "ebitdaratio": 0.5775135733,
    "operatingIncome": 146847000,
    "operatingIncomeRatio": 0.2921508592,
    "totalOtherIncomeExpensesNet": -6365000,
    "incomeBeforeTax": 140482000,
    "incomeBeforeTaxRatio": 0.2794877457,
    "incomeTaxExpense": 2996000,
    "netIncome": 140482000,
    "netIncomeRatio": 0.2794877457,
    "eps": 0.52,
    "epsdiluted": 0.49,
    "weightedAverageShsOut": 268784000,
    "weightedAverageShsOutDil": 289317000,
    "link": "https://www.sec.gov/Archives/edgar/data/906107/000110465908031090/0001104659-08-031090-index.htm",
    "finalLink": "https://www.sec.gov/Archives/edgar/data/906107/000110465908031090/a08-13376_110q.htm"
  },
  {
    "date": "2007-12-31",
    "symbol": "EQR",
    "reportedCurrency": "USD",
    "cik": "0000906107",
    "fillingDate": "2008-02-27",
    "acceptedDate": "2008-02-27 09:26:48",
    "calendarYear": "2007",
    "period": "Q4",
    "revenue": 513790000,
    "costOfRevenue": 39555000,
    "grossProfit": 328516000,
    "grossProfitRatio": 0.6393974192,
    "researchAndDevelopmentExpenses": 0,
    "generalAndAdministrativeExpenses": 14639000,
    "sellingAndMarketingExpenses": 0,
    "sellingGeneralAndAdministrativeExpenses": 14639000,
    "otherExpenses": 344559000,
    "operatingExpenses": 359198000,
    "costAndExpenses": 359198000,
    "interestIncome": 90695000,
    "interestExpense": 123277000,
    "depreciationAndAmortization": 157347000,
    "ebitda": 807635000,
    "ebitdaratio": 1.5719165418,
    "operatingIncome": 136049000,
    "operatingIncomeRatio": 0.2647949551,
    "totalOtherIncomeExpensesNet": -12772000,
    "incomeBeforeTax": 123277000,
    "incomeBeforeTaxRatio": 0.23993655,
    "incomeTaxExpense": -123277000,
    "netIncome": 123277000,
    "netIncomeRatio": 0.23993655,
    "eps": 0.45,
    "epsdiluted": 0.45,
    "weightedAverageShsOut": 269083000,
    "weightedAverageShsOutDil": 272086000,
    "link": "https://www.sec.gov/Archives/edgar/data/906107/000110465908013087/0001104659-08-013087-index.htm",
    "finalLink": "https://www.sec.gov/Archives/edgar/data/906107/000110465908013087/a08-2468_110k.htm"
  },
  {
    "date": "2007-09-30",
    "symbol": "EQR",
    "reportedCurrency": "USD",
    "cik": "0000906107",
    "fillingDate": "2007-11-07",
    "acceptedDate": "2007-11-07 11:09:35",
    "calendarYear": "2007",
    "period": "Q3",
    "revenue": 501102000,
    "costOfRevenue": -114279000,
    "grossProfit": 496016000,
    "grossProfitRatio": 0.9898503698,
    "researchAndDevelopmentExpenses": 0,
    "generalAndAdministrativeExpenses": 13137000,
    "sellingAndMarketingExpenses": 0,
    "sellingGeneralAndAdministrativeExpenses": 13137000,
    "otherExpenses": 0,
    "operatingExpenses": 13137000,
    "costAndExpenses": 362704000,
    "interestIncome": 6119000,
    "interestExpense": 130245000,
    "depreciationAndAmortization": 154398000,
    "ebitda": 299802000,
    "ebitdaratio": 0.598285379,
    "operatingIncome": 145981000,
    "operatingIncomeRatio": 0.2913199309,
    "totalOtherIncomeExpensesNet": 311726000,
    "incomeBeforeTax": 457707000,
    "incomeBeforeTaxRatio": 0.9134008645,
    "incomeTaxExpense": 770000,
    "netIncome": 457707000,
    "netIncomeRatio": 0.9134008645,
    "eps": 1.68,
    "epsdiluted": 1.56,
    "weightedAverageShsOut": 272086000,
    "weightedAverageShsOutDil": 294331000,
    "link": "https://www.sec.gov/Archives/edgar/data/906107/000110465907080517/0001104659-07-080517-index.htm",
    "finalLink": "https://www.sec.gov/Archives/edgar/data/906107/000110465907080517/a07-25492_110q.htm"
  },
  {
    "date": "2007-06-30",
    "symbol": "EQR",
    "reportedCurrency": "USD",
    "cik": "0000906107",
    "fillingDate": "2007-08-07",
    "acceptedDate": "2007-08-07 10:16:26",
    "calendarYear": "2007",
    "period": "Q2",
    "revenue": 491560000,
    "costOfRevenue": -112429000,
    "grossProfit": 498456000,
    "grossProfitRatio": 1.0140288062,
    "researchAndDevelopmentExpenses": 0,
    "generalAndAdministrativeExpenses": 11549000,
    "sellingAndMarketingExpenses": 0,
    "sellingGeneralAndAdministrativeExpenses": 11549000,
    "otherExpenses": 0,
    "operatingExpenses": 11549000,
    "costAndExpenses": 355776000,
    "interestIncome": -100222000,
    "interestExpense": 113182000,
    "depreciationAndAmortization": 157211000,
    "ebitda": 297793000,
    "ebitdaratio": 0.6058121084,
    "operatingIncome": 148448000,
    "operatingIncomeRatio": 0.3019936529,
    "totalOtherIncomeExpensesNet": 133953000,
    "incomeBeforeTax": 282401000,
    "incomeBeforeTaxRatio": 0.5744995524,
    "incomeTaxExpense": 101000,
    "netIncome": 282401000,
    "netIncomeRatio": 0.5744995524,
    "eps": 0.99,
    "epsdiluted": 0.92,
    "weightedAverageShsOut": 284424000,
    "weightedAverageShsOutDil": 307631000,
    "link": "https://www.sec.gov/Archives/edgar/data/906107/000110465907059485/0001104659-07-059485-index.htm",
    "finalLink": "https://www.sec.gov/Archives/edgar/data/906107/000110465907059485/a07-18795_110q.htm"
  },
  {
    "date": "2007-03-31",
    "symbol": "EQR",
    "reportedCurrency": "USD",
    "cik": "0000906107",
    "fillingDate": "2007-05-09",
    "acceptedDate": "2007-05-09 09:14:47",
    "calendarYear": "2007",
    "period": "Q1",
    "revenue": 475849000,
    "costOfRevenue": -108754000,
    "grossProfit": 489200000,
    "grossProfitRatio": 1.0280572198,
    "researchAndDevelopmentExpenses": 0,
    "generalAndAdministrativeExpenses": 9966000,
    "sellingAndMarketingExpenses": 0,
    "sellingGeneralAndAdministrativeExpenses": 9966000,
    "otherExpenses": 0,
    "operatingExpenses": 9966000,
    "costAndExpenses": 354921000,
    "interestIncome": 23559000,
    "interestExpense": 126237000,
    "depreciationAndAmortization": 154892000,
    "ebitda": 275820000,
    "ebitdaratio": 0.5796376582,
    "operatingIncome": 135339000,
    "operatingIncomeRatio": 0.2844158546,
    "totalOtherIncomeExpensesNet": -9102000,
    "incomeBeforeTax": 126237000,
    "incomeBeforeTaxRatio": 0.265287938,
    "incomeTaxExpense": 597000,
    "netIncome": 126237000,
    "netIncomeRatio": 0.265287938,
    "eps": 0.43,
    "epsdiluted": 0.4,
    "weightedAverageShsOut": 292251000,
    "weightedAverageShsOutDil": 316265000,
    "link": "https://www.sec.gov/Archives/edgar/data/906107/000110465907037271/0001104659-07-037271-index.htm",
    "finalLink": "https://www.sec.gov/Archives/edgar/data/906107/000110465907037271/a07-10742_110q.htm"
  },
  {
    "date": "2006-12-31",
    "symbol": "EQR",
    "reportedCurrency": "USD",
    "cik": "0000906107",
    "fillingDate": "2007-02-28",
    "acceptedDate": "2007-02-28 14:29:31",
    "calendarYear": "2006",
    "period": "Q4",
    "revenue": 463653000,
    "costOfRevenue": 199582000,
    "grossProfit": 418020000,
    "grossProfitRatio": 0.9015794139,
    "researchAndDevelopmentExpenses": 0,
    "generalAndAdministrativeExpenses": 10827000,
    "sellingAndMarketingExpenses": 0,
    "sellingGeneralAndAdministrativeExpenses": 10827000,
    "otherExpenses": -211000,
    "operatingExpenses": 10616000,
    "costAndExpenses": 210198000,
    "interestIncome": 108020000,
    "interestExpense": 465061000,
    "depreciationAndAmortization": 152123000,
    "ebitda": 290396000,
    "ebitdaratio": 0.6263218398,
    "operatingIncome": 90019000,
    "operatingIncomeRatio": 0.1941516608,
    "totalOtherIncomeExpensesNet": 375042000,
    "incomeBeforeTax": 465061000,
    "incomeBeforeTaxRatio": 1.0030367538,
    "incomeTaxExpense": -465061000,
    "netIncome": 465061000,
    "netIncomeRatio": 1.0030367538,
    "eps": 1.6,
    "epsdiluted": 1.6,
    "weightedAverageShsOut": 290036000,
    "weightedAverageShsOutDil": 290036000,
    "link": "https://www.sec.gov/Archives/edgar/data/906107/000110465907014819/0001104659-07-014819-index.htm",
    "finalLink": "https://www.sec.gov/Archives/edgar/data/906107/000110465907014819/a07-5259_110k.htm"
  },
  {
    "date": "2006-09-30",
    "symbol": "EQR",
    "reportedCurrency": "USD",
    "cik": "0000906107",
    "fillingDate": "2006-11-06",
    "acceptedDate": "2006-11-06 15:02:26",
    "calendarYear": "2006",
    "period": "Q3",
    "revenue": 513865000,
    "costOfRevenue": 51525000,
    "grossProfit": 462340000,
    "grossProfitRatio": 0.899730474,
    "researchAndDevelopmentExpenses": 0,
    "generalAndAdministrativeExpenses": 14448000,
    "sellingAndMarketingExpenses": 0,
    "sellingGeneralAndAdministrativeExpenses": 14448000,
    "otherExpenses": 0,
    "operatingExpenses": 14448000,
    "costAndExpenses": 373081000,
    "interestIncome": 35994000,
    "interestExpense": 69811000,
    "depreciationAndAmortization": 143437000,
    "ebitda": 268433000,
    "ebitdaratio": 0.5223803917,
    "operatingIncome": 140784000,
    "operatingIncomeRatio": 0.27397079,
    "totalOtherIncomeExpensesNet": -70973000,
    "incomeBeforeTax": 69811000,
    "incomeBeforeTaxRatio": 0.1358547478,
    "incomeTaxExpense": -69811000,
    "netIncome": 69811000,
    "netIncomeRatio": 0.1358547478,
    "eps": 0.24,
    "epsdiluted": 0.22,
    "weightedAverageShsOut": 290036000,
    "weightedAverageShsOutDil": 315886000,
    "link": "https://www.sec.gov/Archives/edgar/data/906107/000110465906071635/0001104659-06-071635-index.htm",
    "finalLink": "https://www.sec.gov/Archives/edgar/data/906107/000110465906071635/a06-21594_110q.htm"
  },
  {
    "date": "2006-06-30",
    "symbol": "EQR",
    "reportedCurrency": "USD",
    "cik": "0000906107",
    "fillingDate": "2006-08-07",
    "acceptedDate": "2006-08-07 14:06:31",
    "calendarYear": "2006",
    "period": "Q2",
    "revenue": 491939000,
    "costOfRevenue": 49354000,
    "grossProfit": 442585000,
    "grossProfitRatio": 0.8996745531,
    "researchAndDevelopmentExpenses": 0,
    "generalAndAdministrativeExpenses": 9584000,
    "sellingAndMarketingExpenses": 0,
    "sellingGeneralAndAdministrativeExpenses": 9584000,
    "otherExpenses": 0,
    "operatingExpenses": 9584000,
    "costAndExpenses": 351618000,
    "interestIncome": 36445000,
    "interestExpense": 160157000,
    "depreciationAndAmortization": 150903000,
    "ebitda": 284898000,
    "ebitdaratio": 0.5791327787,
    "operatingIncome": 140321000,
    "operatingIncomeRatio": 0.2852406498,
    "totalOtherIncomeExpensesNet": 19836000,
    "incomeBeforeTax": 160157000,
    "incomeBeforeTaxRatio": 0.3255627222,
    "incomeTaxExpense": -160157000,
    "netIncome": 160157000,
    "netIncomeRatio": 0.3255627222,
    "eps": 0.55,
    "epsdiluted": 0.51,
    "weightedAverageShsOut": 289460000,
    "weightedAverageShsOutDil": 314698000,
    "link": "https://www.sec.gov/Archives/edgar/data/906107/000110465906051942/0001104659-06-051942-index.htm",
    "finalLink": "https://www.sec.gov/Archives/edgar/data/906107/000110465906051942/a06-15244_110q.htm"
  },
  {
    "date": "2006-03-31",
    "symbol": "EQR",
    "reportedCurrency": "USD",
    "cik": "0000906107",
    "fillingDate": "2006-05-08",
    "acceptedDate": "2006-05-08 10:31:07",
    "calendarYear": "2006",
    "period": "Q1",
    "revenue": 520979000,
    "costOfRevenue": -100879000,
    "grossProfit": 572658000,
    "grossProfitRatio": 1.0991959369,
    "researchAndDevelopmentExpenses": 0,
    "generalAndAdministrativeExpenses": 13817000,
    "sellingAndMarketingExpenses": 0,
    "sellingGeneralAndAdministrativeExpenses": 13817000,
    "otherExpenses": 322407000,
    "operatingExpenses": 336224000,
    "costAndExpenses": 378960000,
    "interestIncome": 31265000,
    "interestExpense": 377815000,
    "depreciationAndAmortization": 147015000,
    "ebitda": 273815000,
    "ebitdaratio": 0.5255778064,
    "operatingIncome": 142019000,
    "operatingIncomeRatio": 0.2726002392,
    "totalOtherIncomeExpensesNet": 235796000,
    "incomeBeforeTax": 377815000,
    "incomeBeforeTaxRatio": 0.7252019755,
    "incomeTaxExpense": -377815000,
    "netIncome": 377815000,
    "netIncomeRatio": 0.7252019755,
    "eps": 1.31,
    "epsdiluted": 1.2,
    "weightedAverageShsOut": 288880000,
    "weightedAverageShsOutDil": 314049000,
    "link": "https://www.sec.gov/Archives/edgar/data/906107/000110465906031830/0001104659-06-031830-index.htm",
    "finalLink": "https://www.sec.gov/Archives/edgar/data/906107/000110465906031830/a06-9314_110q.htm"
  },
  {
    "date": "2005-12-31",
    "symbol": "EQR",
    "reportedCurrency": "USD",
    "cik": "0000906107",
    "fillingDate": "2006-03-08",
    "acceptedDate": "2006-03-08 10:14:57",
    "calendarYear": "2005",
    "period": "Q4",
    "revenue": 492652000,
    "costOfRevenue": 224400000,
    "grossProfit": 268252000,
    "grossProfitRatio": 0.5445060611,
    "researchAndDevelopmentExpenses": 0,
    "generalAndAdministrativeExpenses": 26787000,
    "sellingAndMarketingExpenses": 0,
    "sellingGeneralAndAdministrativeExpenses": 26787000,
    "otherExpenses": 348401000,
    "operatingExpenses": 375188000,
    "costAndExpenses": 375188000,
    "interestIncome": 189870000,
    "interestExpense": 225886000,
    "depreciationAndAmortization": 137046000,
    "ebitda": 254510000,
    "ebitdaratio": 0.5166121319,
    "operatingIncome": 117464000,
    "operatingIncomeRatio": 0.2384319966,
    "totalOtherIncomeExpensesNet": 108422000,
    "incomeBeforeTax": 225886000,
    "incomeBeforeTaxRatio": 0.4585102669,
    "incomeTaxExpense": -225886000,
    "netIncome": 225886000,
    "netIncomeRatio": 0.4585102669,
    "eps": 0.79,
    "epsdiluted": 0.79,
    "weightedAverageShsOut": 286182000,
    "weightedAverageShsOutDil": 286182000,
    "link": "https://www.sec.gov/Archives/edgar/data/906107/000110465906014827/0001104659-06-014827-index.htm",
    "finalLink": "https://www.sec.gov/Archives/edgar/data/906107/000110465906014827/a06-2281_110k.htm"
  },
  {
    "date": "2005-09-30",
    "symbol": "EQR",
    "reportedCurrency": "USD",
    "cik": "0000906107",
    "fillingDate": "2005-11-07",
    "acceptedDate": "2005-11-07 10:08:15",
    "calendarYear": "2005",
    "period": "Q3",
    "revenue": 504406000,
    "costOfRevenue": 59701000,
    "grossProfit": 444705000,
    "grossProfitRatio": 0.8816409797,
    "researchAndDevelopmentExpenses": 0,
    "generalAndAdministrativeExpenses": 14243000,
    "sellingAndMarketingExpenses": 0,
    "sellingGeneralAndAdministrativeExpenses": 14243000,
    "otherExpenses": 0,
    "operatingExpenses": 14243000,
    "costAndExpenses": 374505000,
    "interestIncome": 33052000,
    "interestExpense": 267524000,
    "depreciationAndAmortization": 132166000,
    "ebitda": 241243000,
    "ebitdaratio": 0.4782714718,
    "operatingIncome": 129901000,
    "operatingIncomeRatio": 0.2575326225,
    "totalOtherIncomeExpensesNet": 137623000,
    "incomeBeforeTax": 267524000,
    "incomeBeforeTaxRatio": 0.5303743413,
    "incomeTaxExpense": -267524000,
    "netIncome": 267524000,
    "netIncomeRatio": 0.5303743413,
    "eps": 0.93,
    "epsdiluted": 0.93,
    "weightedAverageShsOut": 286182000,
    "weightedAverageShsOutDil": 286182000,
    "link": "https://www.sec.gov/Archives/edgar/data/906107/000110465905052904/0001104659-05-052904-index.htm",
    "finalLink": "https://www.sec.gov/Archives/edgar/data/906107/000110465905052904/a05-18014_110q.htm"
  },
  {
    "date": "2005-06-30",
    "symbol": "EQR",
    "reportedCurrency": "USD",
    "cik": "0000906107",
    "fillingDate": "2005-08-08",
    "acceptedDate": "2005-08-08 09:52:34",
    "calendarYear": "2005",
    "period": "Q2",
    "revenue": 469377000,
    "costOfRevenue": 52822000,
    "grossProfit": 415230000,
    "grossProfitRatio": 0.8846407046,
    "researchAndDevelopmentExpenses": 0,
    "generalAndAdministrativeExpenses": 14211000,
    "sellingAndMarketingExpenses": 0,
    "sellingGeneralAndAdministrativeExpenses": 14211000,
    "otherExpenses": 0,
    "operatingExpenses": 14211000,
    "costAndExpenses": 335754000,
    "interestIncome": 47901000,
    "interestExpense": 141344000,
    "depreciationAndAmortization": 130442000,
    "ebitda": 246705000,
    "ebitdaratio": 0.5256009562,
    "operatingIncome": 133623000,
    "operatingIncomeRatio": 0.2846816099,
    "totalOtherIncomeExpensesNet": 7721000,
    "incomeBeforeTax": 141344000,
    "incomeBeforeTaxRatio": 0.3011310737,
    "incomeTaxExpense": -141344000,
    "netIncome": 141344000,
    "netIncomeRatio": 0.3011310737,
    "eps": 0.5,
    "epsdiluted": 0.46,
    "weightedAverageShsOut": 285283000,
    "weightedAverageShsOutDil": 309979000,
    "link": "https://www.sec.gov/Archives/edgar/data/906107/000110465905037051/0001104659-05-037051-index.htm",
    "finalLink": "https://www.sec.gov/Archives/edgar/data/906107/000110465905037051/a05-12648_110q.htm"
  },
  {
    "date": "2005-03-31",
    "symbol": "EQR",
    "reportedCurrency": "USD",
    "cik": "0000906107",
    "fillingDate": "2005-05-09",
    "acceptedDate": "2005-05-09 09:13:33",
    "calendarYear": "2005",
    "period": "Q1",
    "revenue": 488502000,
    "costOfRevenue": 53640000,
    "grossProfit": 434862000,
    "grossProfitRatio": 0.8901949224,
    "researchAndDevelopmentExpenses": 0,
    "generalAndAdministrativeExpenses": 17060000,
    "sellingAndMarketingExpenses": 0,
    "sellingGeneralAndAdministrativeExpenses": 17060000,
    "otherExpenses": 0,
    "operatingExpenses": 17060000,
    "costAndExpenses": 357546000,
    "interestIncome": 99611000,
    "interestExpense": 227039000,
    "depreciationAndAmortization": 129304000,
    "ebitda": 247440000,
    "ebitdaratio": 0.5065281207,
    "operatingIncome": 130956000,
    "operatingIncomeRatio": 0.2680766916,
    "totalOtherIncomeExpensesNet": 96083000,
    "incomeBeforeTax": 227039000,
    "incomeBeforeTaxRatio": 0.4647657533,
    "incomeTaxExpense": -227039000,
    "netIncome": 227039000,
    "netIncomeRatio": 0.4647657533,
    "eps": 0.8,
    "epsdiluted": 0.74,
    "weightedAverageShsOut": 284511000,
    "weightedAverageShsOutDil": 308576000,
    "link": "https://www.sec.gov/Archives/edgar/data/906107/000110465905021414/0001104659-05-021414-index.htm",
    "finalLink": "https://www.sec.gov/Archives/edgar/data/906107/000110465905021414/a05-7973_110q.htm"
  },
  {
    "date": "2004-12-31",
    "symbol": "EQR",
    "reportedCurrency": "USD",
    "cik": "0000906107",
    "fillingDate": "2005-03-14",
    "acceptedDate": "2005-03-14 15:50:54",
    "calendarYear": "2004",
    "period": "Q4",
    "revenue": 446759000,
    "costOfRevenue": 222448000,
    "grossProfit": 397675000,
    "grossProfitRatio": 0.890133159,
    "researchAndDevelopmentExpenses": 0,
    "generalAndAdministrativeExpenses": 16156000,
    "sellingAndMarketingExpenses": 0,
    "sellingGeneralAndAdministrativeExpenses": 16156000,
    "otherExpenses": 0,
    "operatingExpenses": 16156000,
    "costAndExpenses": 238604000,
    "interestIncome": 188056000,
    "interestExpense": 150633000,
    "depreciationAndAmortization": 127932000,
    "ebitda": 255367000,
    "ebitdaratio": 0.5715990053,
    "operatingIncome": 122214000,
    "operatingIncomeRatio": 0.2735568841,
    "totalOtherIncomeExpensesNet": 18251000,
    "incomeBeforeTax": 140465000,
    "incomeBeforeTaxRatio": 0.3144088871,
    "incomeTaxExpense": 331864000,
    "netIncome": 150633000,
    "netIncomeRatio": 0.3371683615,
    "eps": 0.54,
    "epsdiluted": 0.54,
    "weightedAverageShsOut": 280167000,
    "weightedAverageShsOutDil": 280167000,
    "link": "https://www.sec.gov/Archives/edgar/data/906107/000110465905010843/0001104659-05-010843-index.htm",
    "finalLink": "https://www.sec.gov/Archives/edgar/data/906107/000110465905010843/a05-2042_110k.htm"
  },
  {
    "date": "2004-09-30",
    "symbol": "EQR",
    "reportedCurrency": "USD",
    "cik": "0000906107",
    "fillingDate": "2004-11-08",
    "acceptedDate": "2004-11-08 15:51:48",
    "calendarYear": "2004",
    "period": "Q3",
    "revenue": 491485000,
    "costOfRevenue": -106615000,
    "grossProfit": 582018000,
    "grossProfitRatio": 1.1842029767,
    "researchAndDevelopmentExpenses": 0,
    "generalAndAdministrativeExpenses": 12044000,
    "sellingAndMarketingExpenses": 0,
    "sellingGeneralAndAdministrativeExpenses": 12044000,
    "otherExpenses": 0,
    "operatingExpenses": 12044000,
    "costAndExpenses": 367114000,
    "interestIncome": 39520000,
    "interestExpense": 87509000,
    "depreciationAndAmortization": 126890000,
    "ebitda": 241632000,
    "ebitdaratio": 0.4916365708,
    "operatingIncome": 124369000,
    "operatingIncomeRatio": 0.2530473972,
    "totalOtherIncomeExpensesNet": -36860000,
    "incomeBeforeTax": 87509000,
    "incomeBeforeTaxRatio": 0.1780501948,
    "incomeTaxExpense": -77341000,
    "netIncome": 87509000,
    "netIncomeRatio": 0.1780501948,
    "eps": 0.31,
    "epsdiluted": 0.29,
    "weightedAverageShsOut": 280167000,
    "weightedAverageShsOutDil": 304028000,
    "link": "https://www.sec.gov/Archives/edgar/data/906107/000110465904034279/0001104659-04-034279-index.htm",
    "finalLink": "https://www.sec.gov/Archives/edgar/data/906107/000110465904034279/a04-12593_110q.htm"
  },
  {
    "date": "2004-06-30",
    "symbol": "EQR",
    "reportedCurrency": "USD",
    "cik": "0000906107",
    "fillingDate": "2004-08-06",
    "acceptedDate": "2004-08-06 13:14:58",
    "calendarYear": "2004",
    "period": "Q2",
    "revenue": 488596000,
    "costOfRevenue": -119220000,
    "grossProfit": 591734000,
    "grossProfitRatio": 1.2110905533,
    "researchAndDevelopmentExpenses": 0,
    "generalAndAdministrativeExpenses": 13048000,
    "sellingAndMarketingExpenses": 0,
    "sellingGeneralAndAdministrativeExpenses": 13048000,
    "otherExpenses": 0,
    "operatingExpenses": 13048000,
    "costAndExpenses": 347810000,
    "interestIncome": 55438000,
    "interestExpense": 127290000,
    "depreciationAndAmortization": 124576000,
    "ebitda": 258293000,
    "ebitdaratio": 0.5286432963,
    "operatingIncome": 140786000,
    "operatingIncomeRatio": 0.2881439881,
    "totalOtherIncomeExpensesNet": -13496000,
    "incomeBeforeTax": 127290000,
    "incomeBeforeTaxRatio": 0.2605219854,
    "incomeTaxExpense": -117122000,
    "netIncome": 127290000,
    "netIncomeRatio": 0.2605219854,
    "eps": 0.46,
    "epsdiluted": 0.42,
    "weightedAverageShsOut": 278949000,
    "weightedAverageShsOutDil": 302201000,
    "link": "https://www.sec.gov/Archives/edgar/data/906107/000110465904022922/0001104659-04-022922-index.htm",
    "finalLink": "https://www.sec.gov/Archives/edgar/data/906107/000110465904022922/a04-8823_110q.htm"
  },
  {
    "date": "2004-03-31",
    "symbol": "EQR",
    "reportedCurrency": "USD",
    "cik": "0000906107",
    "fillingDate": "2004-05-07",
    "acceptedDate": "2004-05-07 10:46:55",
    "calendarYear": "2004",
    "period": "Q1",
    "revenue": 462661000,
    "costOfRevenue": -120893000,
    "grossProfit": 567472000,
    "grossProfitRatio": 1.2265395181,
    "researchAndDevelopmentExpenses": 0,
    "generalAndAdministrativeExpenses": 9988000,
    "sellingAndMarketingExpenses": 0,
    "sellingGeneralAndAdministrativeExpenses": 9988000,
    "otherExpenses": 0,
    "operatingExpenses": 9988000,
    "costAndExpenses": 323345000,
    "interestIncome": 60140000,
    "interestExpense": 117065000,
    "depreciationAndAmortization": 117185000,
    "ebitda": 248707000,
    "ebitdaratio": 0.5375577367,
    "operatingIncome": 139316000,
    "operatingIncomeRatio": 0.3011189618,
    "totalOtherIncomeExpensesNet": -22251000,
    "incomeBeforeTax": 117065000,
    "incomeBeforeTaxRatio": 0.2530254333,
    "incomeTaxExpense": -106897000,
    "netIncome": 117065000,
    "netIncomeRatio": 0.2530254333,
    "eps": 0.42,
    "epsdiluted": 0.39,
    "weightedAverageShsOut": 277498000,
    "weightedAverageShsOutDil": 301781000,
    "link": "https://www.sec.gov/Archives/edgar/data/906107/000110465904013106/0001104659-04-013106-index.htm",
    "finalLink": "https://www.sec.gov/Archives/edgar/data/906107/000110465904013106/a04-5303_110q.htm"
  },
  {
    "date": "2003-12-31",
    "symbol": "EQR",
    "reportedCurrency": "USD",
    "cik": "0000906107",
    "fillingDate": "2004-03-12",
    "acceptedDate": "2004-03-12 10:16:19",
    "calendarYear": "2003",
    "period": "Q4",
    "revenue": 419059000,
    "costOfRevenue": 196987000,
    "grossProfit": 222072000,
    "grossProfitRatio": 0.529930153,
    "researchAndDevelopmentExpenses": 0,
    "generalAndAdministrativeExpenses": 9956000,
    "sellingAndMarketingExpenses": 0,
    "sellingGeneralAndAdministrativeExpenses": 9956000,
    "otherExpenses": 286021000,
    "operatingExpenses": 295977000,
    "costAndExpenses": 295687000,
    "interestIncome": 251121000,
    "interestExpense": 134836000,
    "depreciationAndAmortization": 116671000,
    "ebitda": 240043000,
    "ebitdaratio": 0.5728143292,
    "operatingIncome": 106073000,
    "operatingIncomeRatio": 0.2531218754,
    "totalOtherIncomeExpensesNet": 28763000,
    "incomeBeforeTax": 134836000,
    "incomeBeforeTaxRatio": 0.3217589886,
    "incomeTaxExpense": -134836000,
    "netIncome": 134836000,
    "netIncomeRatio": 0.3217589886,
    "eps": 0.49,
    "epsdiluted": 0.49,
    "weightedAverageShsOut": 272787000,
    "weightedAverageShsOutDil": 272787000,
    "link": "https://www.sec.gov/Archives/edgar/data/906107/000110465904007155/0001104659-04-007155-index.htm",
    "finalLink": "https://www.sec.gov/Archives/edgar/data/906107/000110465904007155/a04-2963_210k.htm"
  },
  {
    "date": "2003-09-30",
    "symbol": "EQR",
    "reportedCurrency": "USD",
    "cik": "0000906107",
    "fillingDate": "2003-11-13",
    "acceptedDate": "2003-11-13 10:17:54",
    "calendarYear": "2003",
    "period": "Q3",
    "revenue": 472976000,
    "costOfRevenue": 50008000,
    "grossProfit": 422968000,
    "grossProfitRatio": 0.8942694767,
    "researchAndDevelopmentExpenses": 0,
    "generalAndAdministrativeExpenses": 8708000,
    "sellingAndMarketingExpenses": 0,
    "sellingGeneralAndAdministrativeExpenses": 8708000,
    "otherExpenses": 0,
    "operatingExpenses": 8708000,
    "costAndExpenses": 58716000,
    "interestIncome": 70136000,
    "interestExpense": 137273000,
    "depreciationAndAmortization": 117506000,
    "ebitda": 255409000,
    "ebitdaratio": 0.540004144,
    "operatingIncome": 147635000,
    "operatingIncomeRatio": 0.3121405737,
    "totalOtherIncomeExpensesNet": -10362000,
    "incomeBeforeTax": 137273000,
    "incomeBeforeTaxRatio": 0.2902324854,
    "incomeTaxExpense": -137273000,
    "netIncome": 137273000,
    "netIncomeRatio": 0.2902324854,
    "eps": 0.5,
    "epsdiluted": 0.46,
    "weightedAverageShsOut": 272787000,
    "weightedAverageShsOutDil": 297941000,
    "link": "https://www.sec.gov/Archives/edgar/data/906107/000110465903026051/0001104659-03-026051-index.htm",
    "finalLink": "https://www.sec.gov/Archives/edgar/data/906107/000110465903026051/a03-4906_110q.htm"
  },
  {
    "date": "2003-06-30",
    "symbol": "EQR",
    "reportedCurrency": "USD",
    "cik": "0000906107",
    "fillingDate": "2003-08-13",
    "acceptedDate": "2003-08-13 13:04:03",
    "calendarYear": "2003",
    "period": "Q2",
    "revenue": 445213000,
    "costOfRevenue": -93216000,
    "grossProfit": 538429000,
    "grossProfitRatio": 1.2093739401,
    "researchAndDevelopmentExpenses": 0,
    "generalAndAdministrativeExpenses": 8970000,
    "sellingAndMarketingExpenses": 0,
    "sellingGeneralAndAdministrativeExpenses": 8970000,
    "otherExpenses": 0,
    "operatingExpenses": 8970000,
    "costAndExpenses": 59425000,
    "interestIncome": 73621000,
    "interestExpense": 136391000,
    "depreciationAndAmortization": 118474000,
    "ebitda": 262138000,
    "ebitdaratio": 0.5887923309,
    "operatingIncome": 65934000,
    "operatingIncomeRatio": 0.148095406,
    "totalOtherIncomeExpensesNet": 70457000,
    "incomeBeforeTax": 136391000,
    "incomeBeforeTaxRatio": 0.3063499943,
    "incomeTaxExpense": -136391000,
    "netIncome": 136391000,
    "netIncomeRatio": 0.3063499943,
    "eps": 0.5,
    "epsdiluted": 0.46,
    "weightedAverageShsOut": 271380000,
    "weightedAverageShsOutDil": 296084000,
    "link": "https://www.sec.gov/Archives/edgar/data/906107/000110465903018040/0001104659-03-018040-index.htm",
    "finalLink": "https://www.sec.gov/Archives/edgar/data/906107/000110465903018040/a03-2213_110q.htm"
  },
  {
    "date": "2003-03-31",
    "symbol": "EQR",
    "reportedCurrency": "USD",
    "cik": "0000906107",
    "fillingDate": "2003-05-13",
    "acceptedDate": "2003-05-13 14:14:41",
    "calendarYear": "2003",
    "period": "Q1",
    "revenue": 486050000,
    "costOfRevenue": -100463000,
    "grossProfit": 548582000,
    "grossProfitRatio": 1.1286534307,
    "researchAndDevelopmentExpenses": 0,
    "generalAndAdministrativeExpenses": 11176000,
    "sellingAndMarketingExpenses": 0,
    "sellingGeneralAndAdministrativeExpenses": 11176000,
    "otherExpenses": 0,
    "operatingExpenses": 11176000,
    "costAndExpenses": 54384000,
    "interestIncome": 72165000,
    "interestExpense": 135347000,
    "depreciationAndAmortization": 118918000,
    "ebitda": 256064000,
    "ebitdaratio": 0.5268264582,
    "operatingIncome": 431666000,
    "operatingIncomeRatio": 0.8881102767,
    "totalOtherIncomeExpensesNet": -296319000,
    "incomeBeforeTax": 135347000,
    "incomeBeforeTaxRatio": 0.2784631211,
    "incomeTaxExpense": -135347000,
    "netIncome": 135347000,
    "netIncomeRatio": 0.2784631211,
    "eps": 0.5,
    "epsdiluted": 0.46,
    "weightedAverageShsOut": 270678000,
    "weightedAverageShsOutDil": 294508000,
    "link": "https://www.sec.gov/Archives/edgar/data/906107/000110465903009385/0001104659-03-009385-index.htm",
    "finalLink": "https://www.sec.gov/Archives/edgar/data/906107/000110465903009385/j0498_10q.htm"
  },
  {
    "date": "2002-12-31",
    "symbol": "EQR",
    "reportedCurrency": "USD",
    "cik": "0000906107",
    "fillingDate": "2003-03-14",
    "acceptedDate": "2003-03-14 16:10:12",
    "calendarYear": "2002",
    "period": "Q4",
    "revenue": 471271000,
    "costOfRevenue": 199350000,
    "grossProfit": 271921000,
    "grossProfitRatio": 0.5769949774,
    "researchAndDevelopmentExpenses": 0,
    "generalAndAdministrativeExpenses": 13492000,
    "sellingAndMarketingExpenses": 0,
    "sellingGeneralAndAdministrativeExpenses": 13492000,
    "otherExpenses": 303977000,
    "operatingExpenses": 317469000,
    "costAndExpenses": 317469000,
    "interestIncome": 328905000,
    "interestExpense": 118477000,
    "depreciationAndAmortization": 119750000,
    "ebitda": 289464000,
    "ebitdaratio": 0.6142198438,
    "operatingIncome": 1223724000,
    "operatingIncomeRatio": 2.5966460911,
    "totalOtherIncomeExpensesNet": -1105247000,
    "incomeBeforeTax": 118477000,
    "incomeBeforeTaxRatio": 0.2513988767,
    "incomeTaxExpense": -118477000,
    "netIncome": 118477000,
    "netIncomeRatio": 0.2513988767,
    "eps": 0.43,
    "epsdiluted": 0.43,
    "weightedAverageShsOut": 269682000,
    "weightedAverageShsOutDil": 273943000,
    "link": "https://www.sec.gov/Archives/edgar/data/906107/000110465903004297/0001104659-03-004297-index.htm",
    "finalLink": "https://www.sec.gov/Archives/edgar/data/906107/000110465903004297/j8049_10k.htm"
  },
  {
    "date": "2002-09-30",
    "symbol": "EQR",
    "reportedCurrency": "USD",
    "cik": "0000906107",
    "fillingDate": "2002-11-13",
    "acceptedDate": "2002-11-13 15:12:17",
    "calendarYear": "2002",
    "period": "Q3",
    "revenue": 491864000,
    "costOfRevenue": 50698000,
    "grossProfit": 588599000,
    "grossProfitRatio": 1.1966702178,
    "researchAndDevelopmentExpenses": 0,
    "generalAndAdministrativeExpenses": 10673000,
    "sellingAndMarketingExpenses": 0,
    "sellingGeneralAndAdministrativeExpenses": 10673000,
    "otherExpenses": 0,
    "operatingExpenses": 10673000,
    "costAndExpenses": 61371000,
    "interestIncome": 68945000,
    "interestExpense": 88661000,
    "depreciationAndAmortization": 118360000,
    "ebitda": 899135000,
    "ebitdaratio": 1.8280154677,
    "operatingIncome": 154460000,
    "operatingIncomeRatio": 0.3140298944,
    "totalOtherIncomeExpensesNet": 0,
    "incomeBeforeTax": 88661000,
    "incomeBeforeTaxRatio": 0.1802551112,
    "incomeTaxExpense": -88661000,
    "netIncome": 88661000,
    "netIncomeRatio": 0.1802551112,
    "eps": 0.32,
    "epsdiluted": 0.3,
    "weightedAverageShsOut": 272943000,
    "weightedAverageShsOutDil": 299057000,
    "link": "https://www.sec.gov/Archives/edgar/data/906107/000091205702042164/0000912057-02-042164-index.htm",
    "finalLink": "https://www.sec.gov/Archives/edgar/data/906107/000091205702042164/a2093267z10-q.htm"
  },
  {
    "date": "2002-06-30",
    "symbol": "EQR",
    "reportedCurrency": "USD",
    "cik": "0000906107",
    "fillingDate": "2002-08-13",
    "acceptedDate": "2002-08-13 15:20:52",
    "calendarYear": "2002",
    "period": "Q2",
    "revenue": 514717000,
    "costOfRevenue": 51422000,
    "grossProfit": 463295000,
    "grossProfitRatio": 0.9000965579,
    "researchAndDevelopmentExpenses": 0,
    "generalAndAdministrativeExpenses": 11527000,
    "sellingAndMarketingExpenses": 0,
    "sellingGeneralAndAdministrativeExpenses": 11527000,
    "otherExpenses": 0,
    "operatingExpenses": 11527000,
    "costAndExpenses": 62949000,
    "interestIncome": 95769000,
    "interestExpense": 113297000,
    "depreciationAndAmortization": 118079000,
    "ebitda": 902646000,
    "ebitdaratio": 1.7536743492,
    "operatingIncome": 451768000,
    "operatingIncomeRatio": 0.8777017274,
    "totalOtherIncomeExpensesNet": -338471000,
    "incomeBeforeTax": 113297000,
    "incomeBeforeTaxRatio": 0.2201151312,
    "incomeTaxExpense": -113297000,
    "netIncome": 113297000,
    "netIncomeRatio": 0.2201151312,
    "eps": 0.41,
    "epsdiluted": 0.38,
    "weightedAverageShsOut": 273146000,
    "weightedAverageShsOutDil": 299494000,
    "link": "https://www.sec.gov/Archives/edgar/data/906107/000091205702031519/0000912057-02-031519-index.htm",
    "finalLink": "https://www.sec.gov/Archives/edgar/data/906107/000091205702031519/a2086273z10-q.htm"
  },
  {
    "date": "2002-03-31",
    "symbol": "EQR",
    "reportedCurrency": "USD",
    "cik": "0000906107",
    "fillingDate": "2002-05-13",
    "acceptedDate": "2002-05-13 13:40:09",
    "calendarYear": "2002",
    "period": "Q1",
    "revenue": 516201000,
    "costOfRevenue": 45313000,
    "grossProfit": 470888000,
    "grossProfitRatio": 0.9122183026,
    "researchAndDevelopmentExpenses": 0,
    "generalAndAdministrativeExpenses": 10800000,
    "sellingAndMarketingExpenses": 0,
    "sellingGeneralAndAdministrativeExpenses": 10800000,
    "otherExpenses": 0,
    "operatingExpenses": 10800000,
    "costAndExpenses": 56113000,
    "interestIncome": 99246000,
    "interestExpense": 100878000,
    "depreciationAndAmortization": 116767000,
    "ebitda": 920653000,
    "ebitdaratio": 1.7835164984,
    "operatingIncome": 964450000,
    "operatingIncomeRatio": 1.8683613554,
    "totalOtherIncomeExpensesNet": -863572000,
    "incomeBeforeTax": 100878000,
    "incomeBeforeTaxRatio": 0.1954238756,
    "incomeTaxExpense": -100878000,
    "netIncome": 100878000,
    "netIncomeRatio": 0.1954238756,
    "eps": 0.37,
    "epsdiluted": 0.34,
    "weightedAverageShsOut": 271094000,
    "weightedAverageShsOutDil": 297229000,
    "link": "https://www.sec.gov/Archives/edgar/data/906107/000091205702019835/0000912057-02-019835-index.htm",
    "finalLink": "https://www.sec.gov/Archives/edgar/data/906107/000091205702019835/a2079264z10-q.htm"
  },
  {
    "date": "2001-12-31",
    "symbol": "EQR",
    "reportedCurrency": "USD",
    "cik": "0000906107",
    "fillingDate": "2002-03-07",
    "acceptedDate": "2002-03-07 00:00:00",
    "calendarYear": "2001",
    "period": "Q4",
    "revenue": 535949000,
    "costOfRevenue": 723237000,
    "grossProfit": -187288000,
    "grossProfitRatio": -0.3494511605,
    "researchAndDevelopmentExpenses": 0,
    "generalAndAdministrativeExpenses": 11810000,
    "sellingAndMarketingExpenses": 0,
    "sellingGeneralAndAdministrativeExpenses": 11810000,
    "otherExpenses": 0,
    "operatingExpenses": 11810000,
    "costAndExpenses": 347260000,
    "interestIncome": 8786000,
    "interestExpense": 141523000,
    "depreciationAndAmortization": 119556000,
    "ebitda": 308245000,
    "ebitdaratio": 0.5751386792,
    "operatingIncome": 881293000,
    "operatingIncomeRatio": 1.6443598178,
    "totalOtherIncomeExpensesNet": -739770000,
    "incomeBeforeTax": 141523000,
    "incomeBeforeTaxRatio": 0.2640605729,
    "incomeTaxExpense": -141523000,
    "netIncome": 141523000,
    "netIncomeRatio": 0.2640605729,
    "eps": 0.53,
    "epsdiluted": 0.53,
    "weightedAverageShsOut": 268253000,
    "weightedAverageShsOutDil": 268253000,
    "link": "https://www.sec.gov/Archives/edgar/data/906107/000091205702009068/0000912057-02-009068-index.htm",
    "finalLink": "https://www.sec.gov/Archives/edgar/data/906107/000091205702009068/a2072511z10-k.htm"
  },
  {
    "date": "2001-09-30",
    "symbol": "EQR",
    "reportedCurrency": "USD",
    "cik": "0000906107",
    "fillingDate": "2001-11-13",
    "acceptedDate": "2001-11-13 00:00:00",
    "calendarYear": "2001",
    "period": "Q3",
    "revenue": 552382000,
    "costOfRevenue": 0,
    "grossProfit": 552382000,
    "grossProfitRatio": 1,
    "researchAndDevelopmentExpenses": 0,
    "generalAndAdministrativeExpenses": 9525000,
    "sellingAndMarketingExpenses": 0,
    "sellingGeneralAndAdministrativeExpenses": 9525000,
    "otherExpenses": 404523000,
    "operatingExpenses": 414048000,
    "costAndExpenses": 414048000,
    "interestIncome": 0,
    "interestExpense": 93851000,
    "depreciationAndAmortization": 119436000,
    "ebitda": 970569000,
    "ebitdaratio": 1.7570612366,
    "operatingIncome": 138334000,
    "operatingIncomeRatio": 0.2504317664,
    "totalOtherIncomeExpensesNet": -138334000,
    "incomeBeforeTax": 0,
    "incomeBeforeTaxRatio": 0,
    "incomeTaxExpense": -93851000,
    "netIncome": 93851000,
    "netIncomeRatio": 0.1699023502,
    "eps": 0.35,
    "epsdiluted": 0.32,
    "weightedAverageShsOut": 268253000,
    "weightedAverageShsOutDil": 296391000,
    "link": "https://www.sec.gov/Archives/edgar/data/906107/000091205701539008/0000912057-01-539008-index.htm",
    "finalLink": "https://www.sec.gov/Archives/edgar/data/906107/000091205701539008/a2063241z10-q.txt"
  },
  {
    "date": "2001-06-30",
    "symbol": "EQR",
    "reportedCurrency": "USD",
    "cik": "0000906107",
    "fillingDate": "2001-08-13",
    "acceptedDate": "2001-08-13 00:00:00",
    "calendarYear": "2001",
    "period": "Q2",
    "revenue": 544411000,
    "costOfRevenue": 0,
    "grossProfit": 544411000,
    "grossProfitRatio": 1,
    "researchAndDevelopmentExpenses": 0,
    "generalAndAdministrativeExpenses": 7325000,
    "sellingAndMarketingExpenses": 0,
    "sellingGeneralAndAdministrativeExpenses": 7325000,
    "otherExpenses": 341959000,
    "operatingExpenses": 349284000,
    "costAndExpenses": 349284000,
    "interestIncome": 0,
    "interestExpense": 102931000,
    "depreciationAndAmortization": 116767000,
    "ebitda": 311147000,
    "ebitdaratio": 0.571529598,
    "operatingIncome": 195127000,
    "operatingIncomeRatio": 0.3584185478,
    "totalOtherIncomeExpensesNet": -195127000,
    "incomeBeforeTax": 0,
    "incomeBeforeTaxRatio": 0,
    "incomeTaxExpense": -102931000,
    "netIncome": 102931000,
    "netIncomeRatio": 0.189068553,
    "eps": 0.39,
    "epsdiluted": 0.35,
    "weightedAverageShsOut": 266358000,
    "weightedAverageShsOutDil": 293940000,
    "link": "https://www.sec.gov/Archives/edgar/data/906107/000091205701528046/0000912057-01-528046-index.htm",
    "finalLink": "https://www.sec.gov/Archives/edgar/data/906107/000091205701528046/a2056850z10-q.txt"
  },
  {
    "date": "2001-03-31",
    "symbol": "EQR",
    "reportedCurrency": "USD",
    "cik": "0000906107",
    "fillingDate": "2001-05-11",
    "acceptedDate": "2001-05-11 00:00:00",
    "calendarYear": "2001",
    "period": "Q1",
    "revenue": 537901000,
    "costOfRevenue": 0,
    "grossProfit": 537901000,
    "grossProfitRatio": 1,
    "researchAndDevelopmentExpenses": 0,
    "generalAndAdministrativeExpenses": 6754000,
    "sellingAndMarketingExpenses": 0,
    "sellingGeneralAndAdministrativeExpenses": 6754000,
    "otherExpenses": 333909000,
    "operatingExpenses": 340663000,
    "costAndExpenses": 340663000,
    "interestIncome": 0,
    "interestExpense": 135280000,
    "depreciationAndAmortization": 115962000,
    "ebitda": 960324000,
    "ebitdaratio": 1.7853173725,
    "operatingIncome": 197238000,
    "operatingIncomeRatio": 0.3666808576,
    "totalOtherIncomeExpensesNet": -197238000,
    "incomeBeforeTax": 0,
    "incomeBeforeTaxRatio": 0,
    "incomeTaxExpense": -135280000,
    "netIncome": 135280000,
    "netIncomeRatio": 0.2514960931,
    "eps": 0.51,
    "epsdiluted": 0.46,
    "weightedAverageShsOut": 265198000,
    "weightedAverageShsOutDil": 297184000,
    "link": "https://www.sec.gov/Archives/edgar/data/906107/000091205701514711/0000912057-01-514711-index.htm",
    "finalLink": "https://www.sec.gov/Archives/edgar/data/906107/000091205701514711/a2048981z10-q.txt"
  },
  {
    "date": "2000-12-31",
    "symbol": "EQR",
    "reportedCurrency": "USD",
    "cik": "0000906107",
    "fillingDate": "2001-02-20",
    "acceptedDate": "2001-02-20 00:00:00",
    "calendarYear": "2000",
    "period": "Q4",
    "revenue": 514563000,
    "costOfRevenue": 0,
    "grossProfit": 514563000,
    "grossProfitRatio": 1,
    "researchAndDevelopmentExpenses": 0,
    "generalAndAdministrativeExpenses": 6946000,
    "sellingAndMarketingExpenses": 0,
    "sellingGeneralAndAdministrativeExpenses": 6946000,
    "otherExpenses": 318835000,
    "operatingExpenses": 325781000,
    "costAndExpenses": 325781000,
    "interestIncome": 0,
    "interestExpense": 89678000,
    "depreciationAndAmortization": 114733000,
    "ebitda": 303515000,
    "ebitdaratio": 0.5898500281,
    "operatingIncome": 188782000,
    "operatingIncomeRatio": 0.3668783026,
    "totalOtherIncomeExpensesNet": -99104000,
    "incomeBeforeTax": 89678000,
    "incomeBeforeTaxRatio": 0.174279923,
    "incomeTaxExpense": -89678000,
    "netIncome": 89678000,
    "netIncomeRatio": 0.174279923,
    "eps": 0.34,
    "epsdiluted": 0.34,
    "weightedAverageShsOut": 259450000,
    "weightedAverageShsOutDil": 262824000,
    "link": "https://www.sec.gov/Archives/edgar/data/906107/000091205701006222/0000912057-01-006222-index.htm",
    "finalLink": "https://www.sec.gov/Archives/edgar/data/906107/000091205701006222/a2039377z10-k.txt"
  },
  {
    "date": "2000-09-30",
    "symbol": "EQR",
    "reportedCurrency": "USD",
    "cik": "0000906107",
    "fillingDate": "2000-11-13",
    "acceptedDate": "2000-11-13 00:00:00",
    "calendarYear": "2000",
    "period": "Q3",
    "revenue": 537254000,
    "costOfRevenue": 0,
    "grossProfit": 537254000,
    "grossProfitRatio": 1,
    "researchAndDevelopmentExpenses": 0,
    "generalAndAdministrativeExpenses": 6223000,
    "sellingAndMarketingExpenses": 0,
    "sellingGeneralAndAdministrativeExpenses": 6223000,
    "otherExpenses": 328868000,
    "operatingExpenses": 335091000,
    "costAndExpenses": 335091000,
    "interestIncome": 0,
    "interestExpense": 96434000,
    "depreciationAndAmortization": 112099000,
    "ebitda": 314262000,
    "ebitdaratio": 0.584941201,
    "operatingIncome": 202163000,
    "operatingIncomeRatio": 0.3762894273,
    "totalOtherIncomeExpensesNet": -96434000,
    "incomeBeforeTax": 105729000,
    "incomeBeforeTaxRatio": 0.1967951844,
    "incomeTaxExpense": -518000,
    "netIncome": 205975000,
    "netIncomeRatio": 0.3833847677,
    "eps": 0.78,
    "epsdiluted": 0.77,
    "weightedAverageShsOut": 262824000,
    "weightedAverageShsOutDil": 267717293,
    "link": "https://www.sec.gov/Archives/edgar/data/906107/000091205700048816/0000912057-00-048816-index.htm",
    "finalLink": "https://www.sec.gov/Archives/edgar/data/906107/000091205700048816/a2030465z10-q.txt"
  },
  {
    "date": "2000-06-30",
    "symbol": "EQR",
    "reportedCurrency": "USD",
    "cik": "0000906107",
    "fillingDate": "2000-08-10",
    "acceptedDate": "2000-08-10 00:00:00",
    "calendarYear": "2000",
    "period": "Q2",
    "revenue": 493113000,
    "costOfRevenue": 0,
    "grossProfit": 493113000,
    "grossProfitRatio": 1,
    "researchAndDevelopmentExpenses": 0,
    "generalAndAdministrativeExpenses": 6518000,
    "sellingAndMarketingExpenses": 0,
    "sellingGeneralAndAdministrativeExpenses": 6518000,
    "otherExpenses": 293152000,
    "operatingExpenses": 299670000,
    "costAndExpenses": 299670000,
    "interestIncome": 0,
    "interestExpense": 152659000,
    "depreciationAndAmortization": 112626000,
    "ebitda": 968737000,
    "ebitdaratio": 1.9645334842,
    "operatingIncome": 193443000,
    "operatingIncomeRatio": 0.3922893941,
    "totalOtherIncomeExpensesNet": -40784000,
    "incomeBeforeTax": 152659000,
    "incomeBeforeTaxRatio": 0.309582185,
    "incomeTaxExpense": 0,
    "netIncome": 152659000,
    "netIncomeRatio": 0.309582185,
    "eps": 0.63,
    "epsdiluted": 0.63,
    "weightedAverageShsOut": 241116000,
    "weightedAverageShsOutDil": 241116000,
    "link": "https://www.sec.gov/Archives/edgar/data/906107/000091205700035925/0000912057-00-035925-index.htm",
    "finalLink": "https://www.sec.gov/Archives/edgar/data/906107/000091205700035925/a10-q.txt"
  },
  {
    "date": "2000-03-31",
    "symbol": "EQR",
    "reportedCurrency": "USD",
    "cik": "0000906107",
    "fillingDate": "2000-05-11",
    "acceptedDate": "2000-05-11 00:00:00",
    "calendarYear": "2000",
    "period": "Q1",
    "revenue": 485410000,
    "costOfRevenue": 0,
    "grossProfit": 485410000,
    "grossProfitRatio": 1,
    "researchAndDevelopmentExpenses": 0,
    "generalAndAdministrativeExpenses": 6698000,
    "sellingAndMarketingExpenses": 0,
    "sellingGeneralAndAdministrativeExpenses": 6698000,
    "otherExpenses": 294068000,
    "operatingExpenses": 300766000,
    "costAndExpenses": 300766000,
    "interestIncome": 0,
    "interestExpense": 101139000,
    "depreciationAndAmortization": 111886000,
    "ebitda": 912328000,
    "ebitdaratio": 1.8794998043,
    "operatingIncome": 184644000,
    "operatingIncomeRatio": 0.3803877135,
    "totalOtherIncomeExpensesNet": -184644000,
    "incomeBeforeTax": 0,
    "incomeBeforeTaxRatio": 0,
    "incomeTaxExpense": -101139000,
    "netIncome": 101139000,
    "netIncomeRatio": 0.208357883,
    "eps": 0.4,
    "epsdiluted": 0.36,
    "weightedAverageShsOut": 255596000,
    "weightedAverageShsOutDil": 281372000,
    "link": "https://www.sec.gov/Archives/edgar/data/906107/000091205700023387/0000912057-00-023387-index.html",
    "finalLink": "https://www.sec.gov/Archives/edgar/data/906107/000091205700023387/"
  },
  {
    "date": "1999-12-31",
    "symbol": "EQR",
    "reportedCurrency": "USD",
    "cik": "0000906107",
    "fillingDate": "2000-03-14",
    "acceptedDate": "2000-03-14 00:00:00",
    "calendarYear": "1999",
    "period": "Q4",
    "revenue": 415218000,
    "costOfRevenue": 0,
    "grossProfit": 415218000,
    "grossProfitRatio": 1,
    "researchAndDevelopmentExpenses": 0,
    "generalAndAdministrativeExpenses": 6596000,
    "sellingAndMarketingExpenses": 0,
    "sellingGeneralAndAdministrativeExpenses": 6596000,
    "otherExpenses": 1844616000,
    "operatingExpenses": 1851212000,
    "costAndExpenses": 1851212000,
    "interestIncome": 0,
    "interestExpense": 108281000,
    "depreciationAndAmortization": 109388000,
    "ebitda": -1326606000,
    "ebitdaratio": -3.1949626461,
    "operatingIncome": -1435994000,
    "operatingIncomeRatio": -3.4584097992,
    "totalOtherIncomeExpensesNet": 0,
    "incomeBeforeTax": 108281000,
    "incomeBeforeTaxRatio": 0.2607810837,
    "incomeTaxExpense": -107781000,
    "netIncome": 108281000,
    "netIncomeRatio": 0.2607810837,
    "eps": 0.45,
    "epsdiluted": 0.45,
    "weightedAverageShsOut": 242500000,
    "weightedAverageShsOutDil": 242500000,
    "link": "https://www.sec.gov/Archives/edgar/data/906107/000091205700011416/0000912057-00-011416-index.html",
    "finalLink": "https://www.sec.gov/Archives/edgar/data/906107/000091205700011416/"
  },
  {
    "date": "1999-09-30",
    "symbol": "EQR",
    "reportedCurrency": "USD",
    "cik": "0000906107",
    "fillingDate": "1999-11-12",
    "acceptedDate": "1999-11-12 00:00:00",
    "calendarYear": "1999",
    "period": "Q3",
    "revenue": 453700000,
    "costOfRevenue": 0,
    "grossProfit": 453700000,
    "grossProfitRatio": 1,
    "researchAndDevelopmentExpenses": 0,
    "generalAndAdministrativeExpenses": 5000000,
    "sellingAndMarketingExpenses": 0,
    "sellingGeneralAndAdministrativeExpenses": 5000000,
    "otherExpenses": -266600000,
    "operatingExpenses": -261600000,
    "costAndExpenses": -261600000,
    "interestIncome": 0,
    "interestExpense": 95900000,
    "depreciationAndAmortization": 101200000,
    "ebitda": 816464000,
    "ebitdaratio": 1.7995679965,
    "operatingIncome": 715300000,
    "operatingIncomeRatio": 1.576592462,
    "totalOtherIncomeExpensesNet": 0,
    "incomeBeforeTax": 96400000,
    "incomeBeforeTaxRatio": 0.2124752039,
    "incomeTaxExpense": -95400000,
    "netIncome": 95900000,
    "netIncomeRatio": 0.2113731541,
    "eps": 0.4,
    "epsdiluted": 0.39,
    "weightedAverageShsOut": 242500000,
    "weightedAverageShsOutDil": 246909091,
    "link": "https://www.sec.gov/Archives/edgar/data/906107/000091205799005228/0000912057-99-005228-index.html",
    "finalLink": "https://www.sec.gov/Archives/edgar/data/906107/000091205799005228/"
  },
  {
    "date": "1999-06-30",
    "symbol": "EQR",
    "reportedCurrency": "USD",
    "cik": "0000906107",
    "fillingDate": "1999-08-13",
    "acceptedDate": "1999-08-13 00:00:00",
    "calendarYear": "1999",
    "period": "Q2",
    "revenue": 446700000,
    "costOfRevenue": 0,
    "grossProfit": 446700000,
    "grossProfitRatio": 1,
    "researchAndDevelopmentExpenses": 0,
    "generalAndAdministrativeExpenses": 5000000,
    "sellingAndMarketingExpenses": 0,
    "sellingGeneralAndAdministrativeExpenses": 5000000,
    "otherExpenses": -262100000,
    "operatingExpenses": -257100000,
    "costAndExpenses": -257100000,
    "interestIncome": 0,
    "interestExpense": 96600000,
    "depreciationAndAmortization": 100700000,
    "ebitda": 804449000,
    "ebitdaratio": 1.8008708305,
    "operatingIncome": 703713000,
    "operatingIncomeRatio": 1.5753593015,
    "totalOtherIncomeExpensesNet": 0,
    "incomeBeforeTax": 97100000,
    "incomeBeforeTaxRatio": 0.2173718379,
    "incomeTaxExpense": -96100000,
    "netIncome": 96600000,
    "netIncomeRatio": 0.2162525185,
    "eps": 0.4,
    "epsdiluted": 0.4,
    "weightedAverageShsOut": 241754386,
    "weightedAverageShsOutDil": 241754386,
    "link": "https://www.sec.gov/Archives/edgar/data/906107/000104746999031580/0001047469-99-031580-index.html",
    "finalLink": "https://www.sec.gov/Archives/edgar/data/906107/000104746999031580/"
  },
  {
    "date": "1999-03-31",
    "symbol": "EQR",
    "reportedCurrency": "USD",
    "cik": "0000906107",
    "fillingDate": "1999-05-13",
    "acceptedDate": "1999-05-13 00:00:00",
    "calendarYear": "1999",
    "period": "Q1",
    "revenue": 437600000,
    "costOfRevenue": 0,
    "grossProfit": 437600000,
    "grossProfitRatio": 1,
    "researchAndDevelopmentExpenses": 0,
    "generalAndAdministrativeExpenses": 5900000,
    "sellingAndMarketingExpenses": 0,
    "sellingGeneralAndAdministrativeExpenses": 5900000,
    "otherExpenses": -256900000,
    "operatingExpenses": -251000000,
    "costAndExpenses": -251000000,
    "interestIncome": 0,
    "interestExpense": 93600000,
    "depreciationAndAmortization": 97400000,
    "ebitda": 785953000,
    "ebitdaratio": 1.7960534735,
    "operatingIncome": 688553000,
    "operatingIncomeRatio": 1.573475777,
    "totalOtherIncomeExpensesNet": 0,
    "incomeBeforeTax": 94100000,
    "incomeBeforeTaxRatio": 0.2150365631,
    "incomeTaxExpense": -93100000,
    "netIncome": 93600000,
    "netIncomeRatio": 0.2138939671,
    "eps": 0.39,
    "epsdiluted": 0.39,
    "weightedAverageShsOut": 237777778,
    "weightedAverageShsOutDil": 237777778,
    "link": "https://www.sec.gov/Archives/edgar/data/906107/000104746999019911/0001047469-99-019911-index.html",
    "finalLink": "https://www.sec.gov/Archives/edgar/data/906107/"
  },
  {
    "date": "1998-12-31",
    "symbol": "EQR",
    "reportedCurrency": "USD",
    "cik": "0000906107",
    "fillingDate": "1999-03-19",
    "acceptedDate": "1999-03-19 00:00:00",
    "calendarYear": "1998",
    "period": "Q4",
    "revenue": 392049000,
    "costOfRevenue": 0,
    "grossProfit": 392049000,
    "grossProfitRatio": 1,
    "researchAndDevelopmentExpenses": 0,
    "generalAndAdministrativeExpenses": 6118000,
    "sellingAndMarketingExpenses": 0,
    "sellingGeneralAndAdministrativeExpenses": 6118000,
    "otherExpenses": 1389957000,
    "operatingExpenses": 1396075000,
    "costAndExpenses": 1396075000,
    "interestIncome": 0,
    "interestExpense": 76306000,
    "depreciationAndAmortization": 82069000,
    "ebitda": -921957000,
    "ebitdaratio": -2.3516371678,
    "operatingIncome": -1004026000,
    "operatingIncomeRatio": -2.560970695,
    "totalOtherIncomeExpensesNet": 0,
    "incomeBeforeTax": 76306000,
    "incomeBeforeTaxRatio": 0.194633834,
    "incomeTaxExpense": -76306000,
    "netIncome": 76306000,
    "netIncomeRatio": 0.194633834,
    "eps": 0.39,
    "epsdiluted": 0.39,
    "weightedAverageShsOut": 193888889,
    "weightedAverageShsOutDil": 193888889,
    "link": "https://www.sec.gov/Archives/edgar/data/906107/000095013199001583/0000950131-99-001583-index.html",
    "finalLink": "https://www.sec.gov/Archives/edgar/data/906107/"
  },
  {
    "date": "1998-09-30",
    "symbol": "EQR",
    "reportedCurrency": "USD",
    "cik": "0000906107",
    "fillingDate": "1998-11-13",
    "acceptedDate": "1998-11-13 00:00:00",
    "calendarYear": "1998",
    "period": "Q3",
    "revenue": 341000000,
    "costOfRevenue": 0,
    "grossProfit": 341000000,
    "grossProfitRatio": 1,
    "researchAndDevelopmentExpenses": 0,
    "generalAndAdministrativeExpenses": 5300000,
    "sellingAndMarketingExpenses": 0,
    "sellingGeneralAndAdministrativeExpenses": 5300000,
    "otherExpenses": -214600000,
    "operatingExpenses": -209300000,
    "costAndExpenses": -209300000,
    "interestIncome": 0,
    "interestExpense": 56600000,
    "depreciationAndAmortization": 76400000,
    "ebitda": 627200000,
    "ebitdaratio": 1.8392961877,
    "operatingIncome": 550800000,
    "operatingIncomeRatio": 1.6152492669,
    "totalOtherIncomeExpensesNet": 0,
    "incomeBeforeTax": 0,
    "incomeBeforeTaxRatio": 0,
    "incomeTaxExpense": -56600000,
    "netIncome": 56600000,
    "netIncomeRatio": 0.1659824047,
    "eps": 0.29,
    "epsdiluted": 0.29,
    "weightedAverageShsOut": 193888889,
    "weightedAverageShsOutDil": 193888889,
    "link": "https://www.sec.gov/Archives/edgar/data/906107/000095013198006036/0000950131-98-006036-index.html",
    "finalLink": "https://www.sec.gov/Archives/edgar/data/906107/"
  },
  {
    "date": "1998-06-30",
    "symbol": "EQR",
    "reportedCurrency": "USD",
    "cik": "0000906107",
    "fillingDate": "1998-08-11",
    "acceptedDate": "1998-08-11 00:00:00",
    "calendarYear": "1998",
    "period": "Q2",
    "revenue": 316200000,
    "costOfRevenue": 0,
    "grossProfit": 316200000,
    "grossProfitRatio": 1,
    "researchAndDevelopmentExpenses": 0,
    "generalAndAdministrativeExpenses": 5400000,
    "sellingAndMarketingExpenses": 0,
    "sellingGeneralAndAdministrativeExpenses": 5400000,
    "otherExpenses": -187900000,
    "operatingExpenses": -182500000,
    "costAndExpenses": -182500000,
    "interestIncome": 0,
    "interestExpense": 67700000,
    "depreciationAndAmortization": 66900000,
    "ebitda": 565900000,
    "ebitdaratio": 1.7896900696,
    "operatingIncome": 498700000,
    "operatingIncomeRatio": 1.5771663504,
    "totalOtherIncomeExpensesNet": -498700000,
    "incomeBeforeTax": 0,
    "incomeBeforeTaxRatio": 0,
    "incomeTaxExpense": -67700000,
    "netIncome": 67700000,
    "netIncomeRatio": 0.2141049968,
    "eps": 0.35,
    "epsdiluted": 0.35,
    "weightedAverageShsOut": 195744681,
    "weightedAverageShsOutDil": 195744681,
    "link": "https://www.sec.gov/Archives/edgar/data/906107/000095013198004717/0000950131-98-004717-index.html",
    "finalLink": "https://www.sec.gov/Archives/edgar/data/906107/"
  },
  {
    "date": "1998-03-31",
    "symbol": "EQR",
    "reportedCurrency": "USD",
    "cik": "0000906107",
    "fillingDate": "1998-05-13",
    "acceptedDate": "1998-05-13 00:00:00",
    "calendarYear": "1998",
    "period": "Q1",
    "revenue": 288300000,
    "costOfRevenue": 0,
    "grossProfit": 288300000,
    "grossProfitRatio": 1,
    "researchAndDevelopmentExpenses": 0,
    "generalAndAdministrativeExpenses": 4900000,
    "sellingAndMarketingExpenses": 0,
    "sellingGeneralAndAdministrativeExpenses": 4900000,
    "otherExpenses": -176100000,
    "operatingExpenses": -171200000,
    "costAndExpenses": -171200000,
    "interestIncome": 0,
    "interestExpense": 57600000,
    "depreciationAndAmortization": 64300000,
    "ebitda": 523800000,
    "ebitdaratio": 1.8168574402,
    "operatingIncome": 459500000,
    "operatingIncomeRatio": 1.5938258758,
    "totalOtherIncomeExpensesNet": 0,
    "incomeBeforeTax": 57600000,
    "incomeBeforeTaxRatio": 0.1997918835,
    "incomeTaxExpense": -57600000,
    "netIncome": 57600000,
    "netIncomeRatio": 0.1997918835,
    "eps": 0.3,
    "epsdiluted": 0.3,
    "weightedAverageShsOut": 188947368,
    "weightedAverageShsOutDil": 188947368,
    "link": "https://www.sec.gov/Archives/edgar/data/906107/000095013198003270/0000950131-98-003270-index.html",
    "finalLink": "https://www.sec.gov/Archives/edgar/data/906107/"
  },
  {
    "date": "1997-12-31",
    "symbol": "EQR",
    "reportedCurrency": "USD",
    "cik": "0000906107",
    "fillingDate": "1998-03-20",
    "acceptedDate": "1998-03-20 00:00:00",
    "calendarYear": "1997",
    "period": "Q4",
    "revenue": 233721000,
    "costOfRevenue": 0,
    "grossProfit": 233721000,
    "grossProfitRatio": 1,
    "researchAndDevelopmentExpenses": 0,
    "generalAndAdministrativeExpenses": 5064000,
    "sellingAndMarketingExpenses": 0,
    "sellingGeneralAndAdministrativeExpenses": 5064000,
    "otherExpenses": 736096000,
    "operatingExpenses": 741160000,
    "costAndExpenses": 741160000,
    "interestIncome": 0,
    "interestExpense": 60692000,
    "depreciationAndAmortization": 51344000,
    "ebitda": -456095000,
    "ebitdaratio": -1.9514506613,
    "operatingIncome": -507439000,
    "operatingIncomeRatio": -2.1711313917,
    "totalOtherIncomeExpensesNet": 0,
    "incomeBeforeTax": 60692000,
    "incomeBeforeTaxRatio": 0.2596771364,
    "incomeTaxExpense": -60692000,
    "netIncome": 60692000,
    "netIncomeRatio": 0.2596771364,
    "eps": 0.41,
    "epsdiluted": 0.41,
    "weightedAverageShsOut": 147142857,
    "weightedAverageShsOutDil": 147142857,
    "link": "https://www.sec.gov/Archives/edgar/data/906107/000095013198001828/0000950131-98-001828-index.html",
    "finalLink": "https://www.sec.gov/Archives/edgar/data/906107/"
  },
  {
    "date": "1997-09-30",
    "symbol": "EQR",
    "reportedCurrency": "USD",
    "cik": "0000906107",
    "fillingDate": "1997-11-12",
    "acceptedDate": "1997-11-12 00:00:00",
    "calendarYear": "1997",
    "period": "Q3",
    "revenue": 203700000,
    "costOfRevenue": 0,
    "grossProfit": 203700000,
    "grossProfitRatio": 1,
    "researchAndDevelopmentExpenses": 0,
    "generalAndAdministrativeExpenses": 3800000,
    "sellingAndMarketingExpenses": 0,
    "sellingGeneralAndAdministrativeExpenses": 3800000,
    "otherExpenses": -120900000,
    "operatingExpenses": -117100000,
    "costAndExpenses": -117100000,
    "interestIncome": 0,
    "interestExpense": 47200000,
    "depreciationAndAmortization": 42000000,
    "ebitda": 362800000,
    "ebitdaratio": 1.7810505646,
    "operatingIncome": 320800000,
    "operatingIncomeRatio": 1.5748649975,
    "totalOtherIncomeExpensesNet": -320800000,
    "incomeBeforeTax": 0,
    "incomeBeforeTaxRatio": 0,
    "incomeTaxExpense": -47200000,
    "netIncome": 47200000,
    "netIncomeRatio": 0.2317133039,
    "eps": 0.32,
    "epsdiluted": 0.31,
    "weightedAverageShsOut": 147142857,
    "weightedAverageShsOutDil": 150731707,
    "link": "https://www.sec.gov/Archives/edgar/data/906107/000095013197006724/0000950131-97-006724-index.html",
    "finalLink": "https://www.sec.gov/Archives/edgar/data/906107/"
  },
  {
    "date": "1997-06-30",
    "symbol": "EQR",
    "reportedCurrency": "USD",
    "cik": "0000906107",
    "fillingDate": "1997-08-14",
    "acceptedDate": "1997-08-14 00:00:00",
    "calendarYear": "1997",
    "period": "Q2",
    "revenue": 164900000,
    "costOfRevenue": 0,
    "grossProfit": 164900000,
    "grossProfitRatio": 1,
    "researchAndDevelopmentExpenses": 0,
    "generalAndAdministrativeExpenses": 3200000,
    "sellingAndMarketingExpenses": 0,
    "sellingGeneralAndAdministrativeExpenses": 3200000,
    "otherExpenses": -98100000,
    "operatingExpenses": -94900000,
    "costAndExpenses": -94900000,
    "interestIncome": 0,
    "interestExpense": 35700000,
    "depreciationAndAmortization": 34500000,
    "ebitda": 294300000,
    "ebitdaratio": 1.7847180109,
    "operatingIncome": 259800000,
    "operatingIncomeRatio": 1.5755003032,
    "totalOtherIncomeExpensesNet": -259800000,
    "incomeBeforeTax": 0,
    "incomeBeforeTaxRatio": 0,
    "incomeTaxExpense": -35700000,
    "netIncome": 35700000,
    "netIncomeRatio": 0.2164948454,
    "eps": 0.3,
    "epsdiluted": 0.3,
    "weightedAverageShsOut": 119000000,
    "weightedAverageShsOutDil": 119000000,
    "link": "https://www.sec.gov/Archives/edgar/data/906107/000095013197005090/0000950131-97-005090-index.html",
    "finalLink": "https://www.sec.gov/Archives/edgar/data/906107/"
  },
  {
    "date": "1997-03-31",
    "symbol": "EQR",
    "reportedCurrency": "USD",
    "cik": "0000906107",
    "fillingDate": "1997-05-12",
    "acceptedDate": "1997-05-12 00:00:00",
    "calendarYear": "1997",
    "period": "Q1",
    "revenue": 145000000,
    "costOfRevenue": 0,
    "grossProfit": 145000000,
    "grossProfitRatio": 1,
    "researchAndDevelopmentExpenses": 0,
    "generalAndAdministrativeExpenses": 3000000,
    "sellingAndMarketingExpenses": 0,
    "sellingGeneralAndAdministrativeExpenses": 3000000,
    "otherExpenses": -84700000,
    "operatingExpenses": -81700000,
    "costAndExpenses": -81700000,
    "interestIncome": 0,
    "interestExpense": 33000000,
    "depreciationAndAmortization": 28800000,
    "ebitda": 255500000,
    "ebitdaratio": 1.7620689655,
    "operatingIncome": 226700000,
    "operatingIncomeRatio": 1.5634482759,
    "totalOtherIncomeExpensesNet": 0,
    "incomeBeforeTax": 0,
    "incomeBeforeTaxRatio": 0,
    "incomeTaxExpense": -33000000,
    "netIncome": 33000000,
    "netIncomeRatio": 0.2275862069,
    "eps": 0.32,
    "epsdiluted": 0.31,
    "weightedAverageShsOut": 103913043,
    "weightedAverageShsOutDil": 106222222,
    "link": "https://www.sec.gov/Archives/edgar/data/906107/000095013197003254/0000950131-97-003254-index.html",
    "finalLink": "https://www.sec.gov/Archives/edgar/data/906107/"
  },
  {
    "date": "1996-12-31",
    "symbol": "EQR",
    "reportedCurrency": "USD",
    "cik": "0000906107",
    "fillingDate": "1997-03-21",
    "acceptedDate": "1997-03-21 00:00:00",
    "calendarYear": "1996",
    "period": "Q4",
    "revenue": 131985000,
    "costOfRevenue": 0,
    "grossProfit": 131985000,
    "grossProfitRatio": 1,
    "researchAndDevelopmentExpenses": 0,
    "generalAndAdministrativeExpenses": 3157000,
    "sellingAndMarketingExpenses": 0,
    "sellingGeneralAndAdministrativeExpenses": 3157000,
    "otherExpenses": 504102000,
    "operatingExpenses": 507259000,
    "costAndExpenses": 507259000,
    "interestIncome": 0,
    "interestExpense": 43324000,
    "depreciationAndAmortization": 23353000,
    "ebitda": -351921000,
    "ebitdaratio": -2.6663711785,
    "operatingIncome": -375274000,
    "operatingIncomeRatio": -2.8433079517,
    "totalOtherIncomeExpensesNet": 0,
    "incomeBeforeTax": 43324000,
    "incomeBeforeTaxRatio": 0.3282494223,
    "incomeTaxExpense": -43324000,
    "netIncome": 43324000,
    "netIncomeRatio": 0.3282494223,
    "eps": 0.5,
    "epsdiluted": 0.5,
    "weightedAverageShsOut": 86206897,
    "weightedAverageShsOutDil": 86206897,
    "link": "https://www.sec.gov/Archives/edgar/data/906107/000095013197001984/0000950131-97-001984-index.html",
    "finalLink": "https://www.sec.gov/Archives/edgar/data/906107/"
  },
  {
    "date": "1996-09-30",
    "symbol": "EQR",
    "reportedCurrency": "USD",
    "cik": "0000906107",
    "fillingDate": "1996-11-13",
    "acceptedDate": "1996-11-13 00:00:00",
    "calendarYear": "1996",
    "period": "Q3",
    "revenue": 124500000,
    "costOfRevenue": 0,
    "grossProfit": 124500000,
    "grossProfitRatio": 1,
    "researchAndDevelopmentExpenses": 0,
    "generalAndAdministrativeExpenses": 2300000,
    "sellingAndMarketingExpenses": 0,
    "sellingGeneralAndAdministrativeExpenses": 2300000,
    "otherExpenses": -79800000,
    "operatingExpenses": -77500000,
    "costAndExpenses": -77500000,
    "interestIncome": 0,
    "interestExpense": 19600000,
    "depreciationAndAmortization": 24900000,
    "ebitda": 226900000,
    "ebitdaratio": 1.8224899598,
    "operatingIncome": 202000000,
    "operatingIncomeRatio": 1.6224899598,
    "totalOtherIncomeExpensesNet": 0,
    "incomeBeforeTax": 0,
    "incomeBeforeTaxRatio": 0,
    "incomeTaxExpense": -19600000,
    "netIncome": 19600000,
    "netIncomeRatio": 0.1574297189,
    "eps": 0.23,
    "epsdiluted": 0.22,
    "weightedAverageShsOut": 86206897,
    "weightedAverageShsOutDil": 89285714,
    "link": "https://www.sec.gov/Archives/edgar/data/906107/000095013196005780/0000950131-96-005780-index.html",
    "finalLink": "https://www.sec.gov/Archives/edgar/data/906107/"
  },
  {
    "date": "1996-06-30",
    "symbol": "EQR",
    "reportedCurrency": "USD",
    "cik": "0000906107",
    "fillingDate": "1996-08-13",
    "acceptedDate": "1996-08-13 00:00:00",
    "calendarYear": "1996",
    "period": "Q2",
    "revenue": 114300000,
    "costOfRevenue": 0,
    "grossProfit": 114300000,
    "grossProfitRatio": 1,
    "researchAndDevelopmentExpenses": 0,
    "generalAndAdministrativeExpenses": 2000000,
    "sellingAndMarketingExpenses": 0,
    "sellingGeneralAndAdministrativeExpenses": 2000000,
    "otherExpenses": -70900000,
    "operatingExpenses": -68900000,
    "costAndExpenses": -68900000,
    "interestIncome": 0,
    "interestExpense": 20300000,
    "depreciationAndAmortization": 23400000,
    "ebitda": 206900000,
    "ebitdaratio": 1.8101487314,
    "operatingIncome": 183500000,
    "operatingIncomeRatio": 1.605424322,
    "totalOtherIncomeExpensesNet": 0,
    "incomeBeforeTax": 0,
    "incomeBeforeTaxRatio": 0,
    "incomeTaxExpense": -20300000,
    "netIncome": 20300000,
    "netIncomeRatio": 0.1776027997,
    "eps": 0.25,
    "epsdiluted": 0.24,
    "weightedAverageShsOut": 81764706,
    "weightedAverageShsOutDil": 84242424,
    "link": "https://www.sec.gov/Archives/edgar/data/906107/000095013196003874/0000950131-96-003874-index.html",
    "finalLink": "https://www.sec.gov/Archives/edgar/data/906107/"
  },
  {
    "date": "1996-03-31",
    "symbol": "EQR",
    "reportedCurrency": "USD",
    "cik": "0000906107",
    "fillingDate": "1996-05-15",
    "acceptedDate": "1996-05-15 00:00:00",
    "calendarYear": "1996",
    "period": "Q1",
    "revenue": 107600000,
    "costOfRevenue": 0,
    "grossProfit": 107600000,
    "grossProfitRatio": 1,
    "researchAndDevelopmentExpenses": 0,
    "generalAndAdministrativeExpenses": 2100000,
    "sellingAndMarketingExpenses": 0,
    "sellingGeneralAndAdministrativeExpenses": 2100000,
    "otherExpenses": -66900000,
    "operatingExpenses": -64800000,
    "costAndExpenses": -64800000,
    "interestIncome": 0,
    "interestExpense": 18400000,
    "depreciationAndAmortization": 21600000,
    "ebitda": 194300000,
    "ebitdaratio": 1.8057620818,
    "operatingIncome": 172700000,
    "operatingIncomeRatio": 1.6050185874,
    "totalOtherIncomeExpensesNet": 0,
    "incomeBeforeTax": 0,
    "incomeBeforeTaxRatio": 0,
    "incomeTaxExpense": -18400000,
    "netIncome": 18400000,
    "netIncomeRatio": 0.1710037175,
    "eps": 0.23,
    "epsdiluted": 0.23,
    "weightedAverageShsOut": 79120000,
    "weightedAverageShsOutDil": 79120000,
    "link": "https://www.sec.gov/Archives/edgar/data/906107/000095013196002288/0000950131-96-002288-index.html",
    "finalLink": "https://www.sec.gov/Archives/edgar/data/906107/"
  },
  {
    "date": "1995-12-31",
    "symbol": "EQR",
    "reportedCurrency": "USD",
    "cik": "0000906107",
    "fillingDate": "1996-08-26",
    "acceptedDate": "1996-08-26 00:00:00",
    "calendarYear": "1995",
    "period": "Q4",
    "revenue": 125300000,
    "costOfRevenue": 0,
    "grossProfit": 125300000,
    "grossProfitRatio": 1,
    "researchAndDevelopmentExpenses": 0,
    "generalAndAdministrativeExpenses": 2000000,
    "sellingAndMarketingExpenses": 0,
    "sellingGeneralAndAdministrativeExpenses": 2000000,
    "otherExpenses": -70500000,
    "operatingExpenses": -68500000,
    "costAndExpenses": -68500000,
    "interestIncome": 0,
    "interestExpense": 30400000,
    "depreciationAndAmortization": 21400000,
    "ebitda": 215100000,
    "ebitdaratio": 1.7166799681,
    "operatingIncome": 193700000,
    "operatingIncomeRatio": 1.5458898643,
    "totalOtherIncomeExpensesNet": -193700000,
    "incomeBeforeTax": 0,
    "incomeBeforeTaxRatio": 0,
    "incomeTaxExpense": 0,
    "netIncome": 30400000,
    "netIncomeRatio": 0.2426177175,
    "eps": 0.45,
    "epsdiluted": 0.45,
    "weightedAverageShsOut": 68125000,
    "weightedAverageShsOutDil": 68125000,
    "link": "https://www.sec.gov/Archives/edgar/data/906107/000095013196004155/0000950131-96-004155-index.html",
    "finalLink": "https://www.sec.gov/Archives/edgar/data/906107/"
  },
  {
    "date": "1995-09-30",
    "symbol": "EQR",
    "reportedCurrency": "USD",
    "cik": "0000906107",
    "fillingDate": "1995-09-30",
    "acceptedDate": "1995-09-30 00:00:00",
    "calendarYear": "1995",
    "period": "Q3",
    "revenue": 100600000,
    "costOfRevenue": 0,
    "grossProfit": 100600000,
    "grossProfitRatio": 1,
    "researchAndDevelopmentExpenses": 0,
    "generalAndAdministrativeExpenses": 2000000,
    "sellingAndMarketingExpenses": 0,
    "sellingGeneralAndAdministrativeExpenses": 2000000,
    "otherExpenses": -63300000,
    "operatingExpenses": -61300000,
    "costAndExpenses": -61300000,
    "interestIncome": 0,
    "interestExpense": 14500000,
    "depreciationAndAmortization": 14900000,
    "ebitda": 176700000,
    "ebitdaratio": 1.7564612326,
    "operatingIncome": 161800000,
    "operatingIncomeRatio": 1.6083499006,
    "totalOtherIncomeExpensesNet": -161800000,
    "incomeBeforeTax": 0,
    "incomeBeforeTaxRatio": 0,
    "incomeTaxExpense": 0,
    "netIncome": 14500000,
    "netIncomeRatio": 0.1441351889,
    "eps": 0.21,
    "epsdiluted": 0.21,
    "weightedAverageShsOut": 68125000,
    "weightedAverageShsOutDil": 68125000,
    "link": null,
    "finalLink": null
  }
]