[
  {
    "date": "2024-12-31",
    "symbol": "EQR",
    "reportedCurrency": "USD",
    "cik": "0000906107",
    "fillingDate": "2025-02-13",
    "acceptedDate": "2025-02-13 16:13:57",
    "calendarYear": "2024",
    "period": "FY",
    "revenue": 2980108000,
    "costOfRevenue": 1094565000,
    "grossProfit": 1885543000,
    "grossProfitRatio": 0.6327096199,
    "researchAndDevelopmentExpenses": 0,
    "generalAndAdministrativeExpenses": 61653000,
    "sellingAndMarketingExpenses": 0,
    "sellingGeneralAndAdministrativeExpenses": 61653000,
    "otherExpenses": 0,
    "operatingExpenses": 61653000,
    "costAndExpenses": 1156218000,
    "interestIncome": 0,
    "interestExpense": 0,
    "depreciationAndAmortization": 966739000,
    "ebitda": 1838438000,
    "ebitdaratio": 0.6169031458,
    "operatingIncome": 1823890000,
    "operatingIncomeRatio": 0.6120214435,
    "totalOtherIncomeExpensesNet": -751659000,
    "incomeBeforeTax": 1072231000,
    "incomeBeforeTaxRatio": 0.3597960208,
    "incomeTaxExpense": 1256000,
    "netIncome": 1035831000,
    "netIncomeRatio": 0.3475816984,
    "eps": 2.73,
    "epsdiluted": 2.72,
    "weightedAverageShsOut": 378795000,
    "weightedAverageShsOutDil": 390740000,
    "link": "https://www.sec.gov/Archives/edgar/data/906107/000095017025019894/0000950170-25-019894-index.htm",
    "finalLink": "https://www.sec.gov/Archives/edgar/data/906107/000095017025019894/eqr-20241231.htm"
  },
  {
    "date": "2023-12-31",
    "symbol": "EQR",
    "reportedCurrency": "USD",
    "cik": "0000906107",
    "fillingDate": "2024-02-15",
    "acceptedDate": "2024-02-15 16:20:41",
    "calendarYear": "2023",
    "period": "FY",
    "revenue": 2873964000,
    "costOfRevenue": 1046492999,
    "grossProfit": 1827471000,
    "grossProfitRatio": 0.6358712218,
    "researchAndDevelopmentExpenses": 0,
    "generalAndAdministrativeExpenses": 0,
    "sellingAndMarketingExpenses": 0,
    "sellingGeneralAndAdministrativeExpenses": 60716000,
    "otherExpenses": 0,
    "operatingExpenses": 60716000,
    "costAndExpenses": 1107208999,
    "interestIncome": 0,
    "interestExpense": 0,
    "depreciationAndAmortization": 901504000,
    "ebitda": 1779550000,
    "ebitdaratio": 0.6191970394,
    "operatingIncome": 1766755000,
    "operatingIncomeRatio": 0.6147450003,
    "totalOtherIncomeExpensesNet": -897119000,
    "incomeBeforeTax": 869636000,
    "incomeBeforeTaxRatio": 0.302591125,
    "incomeTaxExpense": 1148000,
    "netIncome": 835438000,
    "netIncomeRatio": 0.2906918806,
    "eps": 2.2,
    "epsdiluted": 2.13,
    "weightedAverageShsOut": 378773000,
    "weightedAverageShsOutDil": 390897000,
    "link": "https://www.sec.gov/Archives/edgar/data/906107/000095017024015907/0000950170-24-015907-index.htm",
    "finalLink": "https://www.sec.gov/Archives/edgar/data/906107/000095017024015907/eqr-20231231.htm"
  },
  {
    "date": "2022-12-31",
    "symbol": "EQR",
    "reportedCurrency": "USD",
    "cik": "0000906107",
    "fillingDate": "2023-02-16",
    "acceptedDate": "2023-02-16 16:24:34",
    "calendarYear": "2022",
    "period": "FY",
    "revenue": 2735180000,
    "costOfRevenue": 982581000,
    "grossProfit": 1752599000,
    "grossProfitRatio": 0.6407618511,
    "researchAndDevelopmentExpenses": 0,
    "generalAndAdministrativeExpenses": 0,
    "sellingAndMarketingExpenses": 0,
    "sellingGeneralAndAdministrativeExpenses": 58710000,
    "otherExpenses": 0,
    "operatingExpenses": 58710000,
    "costAndExpenses": 1041291000,
    "interestIncome": 0,
    "interestExpense": 0,
    "depreciationAndAmortization": 894325000,
    "ebitda": 1706046000,
    "ebitdaratio": 0.6237417647,
    "operatingIncome": 1693889000,
    "operatingIncomeRatio": 0.6192970847,
    "totalOtherIncomeExpensesNet": -885994000,
    "incomeBeforeTax": 807895000,
    "incomeBeforeTaxRatio": 0.2953717854,
    "incomeTaxExpense": 900000,
    "netIncome": 776911000,
    "netIncomeRatio": 0.2840438289,
    "eps": 2.06,
    "epsdiluted": 2.05,
    "weightedAverageShsOut": 376209000,
    "weightedAverageShsOutDil": 389450000,
    "link": "https://www.sec.gov/Archives/edgar/data/906107/000095017023003060/0000950170-23-003060-index.htm",
    "finalLink": "https://www.sec.gov/Archives/edgar/data/906107/000095017023003060/eqr-20221231.htm"
  },
  {
    "date": "2021-12-31",
    "symbol": "EQR",
    "reportedCurrency": "USD",
    "cik": "0000906107",
    "fillingDate": "2022-02-17",
    "acceptedDate": "2022-02-17 16:15:55",
    "calendarYear": "2021",
    "period": "FY",
    "revenue": 2463997000,
    "costOfRevenue": 948792000,
    "grossProfit": 1515205000,
    "grossProfitRatio": 0.6149378429,
    "researchAndDevelopmentExpenses": 0,
    "generalAndAdministrativeExpenses": 0,
    "sellingAndMarketingExpenses": 0,
    "sellingGeneralAndAdministrativeExpenses": 56506000,
    "otherExpenses": -217142000,
    "operatingExpenses": -160636000,
    "costAndExpenses": 788156000,
    "interestIncome": 0,
    "interestExpense": 0,
    "depreciationAndAmortization": 838272000,
    "ebitda": 1458699000,
    "ebitdaratio": 0.5920051851,
    "operatingIncome": 1675841000,
    "operatingIncomeRatio": 0.6801311041,
    "totalOtherIncomeExpensesNet": -278212000,
    "incomeBeforeTax": 1397629000,
    "incomeBeforeTaxRatio": 0.5672202523,
    "incomeTaxExpense": 915000,
    "netIncome": 1332850000,
    "netIncomeRatio": 0.5409300417,
    "eps": 3.56,
    "epsdiluted": 3.54,
    "weightedAverageShsOut": 373833000,
    "weightedAverageShsOutDil": 388089000,
    "link": "https://www.sec.gov/Archives/edgar/data/906107/000156459022005566/0001564590-22-005566-index.htm",
    "finalLink": "https://www.sec.gov/Archives/edgar/data/906107/000156459022005566/eqr-10k_20211231.htm"
  },
  {
    "date": "2020-12-31",
    "symbol": "EQR",
    "reportedCurrency": "USD",
    "cik": "0000906107",
    "fillingDate": "2021-02-18",
    "acceptedDate": "2021-02-18 16:27:25",
    "calendarYear": "2020",
    "period": "FY",
    "revenue": 2571705000,
    "costOfRevenue": 916385000,
    "grossProfit": 1655320000,
    "grossProfitRatio": 0.6436663614,
    "researchAndDevelopmentExpenses": 0,
    "generalAndAdministrativeExpenses": 0,
    "sellingAndMarketingExpenses": 0,
    "sellingGeneralAndAdministrativeExpenses": 48305000,
    "otherExpenses": 289025000,
    "operatingExpenses": 337330000,
    "costAndExpenses": 1253715000,
    "interestIncome": 0,
    "interestExpense": 0,
    "depreciationAndAmortization": 820832000,
    "ebitda": 1607015000,
    "ebitdaratio": 0.6248831028,
    "operatingIncome": 1317990000,
    "operatingIncomeRatio": 0.5124965733,
    "totalOtherIncomeExpensesNet": -354637000,
    "incomeBeforeTax": 963353000,
    "incomeBeforeTaxRatio": 0.3745970086,
    "incomeTaxExpense": 852000,
    "netIncome": 913636000,
    "netIncomeRatio": 0.3552646979,
    "eps": 2.36,
    "epsdiluted": 2.27,
    "weightedAverageShsOut": 371791000,
    "weightedAverageShsOutDil": 385874000,
    "link": "https://www.sec.gov/Archives/edgar/data/906107/000156459021006679/0001564590-21-006679-index.htm",
    "finalLink": "https://www.sec.gov/Archives/edgar/data/906107/000156459021006679/eqr-10k_20201231.htm"
  },
  {
    "date": "2019-12-31",
    "symbol": "EQR",
    "reportedCurrency": "USD",
    "cik": "0000906107",
    "fillingDate": "2020-02-20",
    "acceptedDate": "2020-02-20 16:16:57",
    "calendarYear": "2019",
    "period": "FY",
    "revenue": 2700691000,
    "costOfRevenue": 908328000,
    "grossProfit": 1792363000,
    "grossProfitRatio": 0.6636682982,
    "researchAndDevelopmentExpenses": 0,
    "generalAndAdministrativeExpenses": 0,
    "sellingAndMarketingExpenses": 0,
    "sellingGeneralAndAdministrativeExpenses": 52757000,
    "otherExpenses": 383446000,
    "operatingExpenses": 436203000,
    "costAndExpenses": 1344531000,
    "interestIncome": 0,
    "interestExpense": 0,
    "depreciationAndAmortization": 831083000,
    "ebitda": 1739606000,
    "ebitdaratio": 0.644133668,
    "operatingIncome": 1356160000,
    "operatingIncomeRatio": 0.5021529675,
    "totalOtherIncomeExpensesNet": -348733000,
    "incomeBeforeTax": 1007427000,
    "incomeBeforeTaxRatio": 0.3730256442,
    "incomeTaxExpense": -2281000,
    "netIncome": 970377000,
    "netIncomeRatio": 0.3593069329,
    "eps": 2.61,
    "epsdiluted": 2.5,
    "weightedAverageShsOut": 370461000,
    "weightedAverageShsOutDil": 386333000,
    "link": "https://www.sec.gov/Archives/edgar/data/906107/000156459020005562/0001564590-20-005562-index.htm",
    "finalLink": "https://www.sec.gov/Archives/edgar/data/906107/000156459020005562/eqr-10k_20191231.htm"
  },
  {
    "date": "2018-12-31",
    "symbol": "EQR",
    "reportedCurrency": "USD",
    "cik": "0000906107",
    "fillingDate": "2019-02-21",
    "acceptedDate": "2019-02-21 16:17:35",
    "calendarYear": "2018",
    "period": "FY",
    "revenue": 2577681000,
    "costOfRevenue": 879634000,
    "grossProfit": 1698047000,
    "grossProfitRatio": 0.6587498608,
    "researchAndDevelopmentExpenses": 0,
    "generalAndAdministrativeExpenses": 0,
    "sellingAndMarketingExpenses": 0,
    "sellingGeneralAndAdministrativeExpenses": 53813000,
    "otherExpenses": 529617000,
    "operatingExpenses": 583430000,
    "costAndExpenses": 1463064000,
    "interestIncome": 0,
    "interestExpense": 0,
    "depreciationAndAmortization": 790117000,
    "ebitda": 1636132000,
    "ebitdaratio": 0.6347302091,
    "operatingIncome": 1114617000,
    "operatingIncomeRatio": 0.4324107599,
    "totalOtherIncomeExpensesNet": -428547000,
    "incomeBeforeTax": 686070000,
    "incomeBeforeTaxRatio": 0.2661578372,
    "incomeTaxExpense": 878000,
    "netIncome": 657535000,
    "netIncomeRatio": 0.2550878095,
    "eps": 1.79,
    "epsdiluted": 1.71,
    "weightedAverageShsOut": 368052000,
    "weightedAverageShsOutDil": 383695000,
    "link": "https://www.sec.gov/Archives/edgar/data/906107/000156459019003683/0001564590-19-003683-index.htm",
    "finalLink": "https://www.sec.gov/Archives/edgar/data/906107/000156459019003683/eqr-10k_20181231.htm"
  },
  {
    "date": "2017-12-31",
    "symbol": "EQR",
    "reportedCurrency": "USD",
    "cik": "0000906107",
    "fillingDate": "2018-02-22",
    "acceptedDate": "2018-02-22 16:15:12",
    "calendarYear": "2017",
    "period": "FY",
    "revenue": 2471406000,
    "costOfRevenue": 826269000,
    "grossProfit": 1645137000,
    "grossProfitRatio": 0.6656684495,
    "researchAndDevelopmentExpenses": 0,
    "generalAndAdministrativeExpenses": 0,
    "sellingAndMarketingExpenses": 0,
    "sellingGeneralAndAdministrativeExpenses": 52224000,
    "otherExpenses": 588385000,
    "operatingExpenses": 640609000,
    "costAndExpenses": 1466878000,
    "interestIncome": 0,
    "interestExpense": 0,
    "depreciationAndAmortization": 747577000,
    "ebitda": 1584716000,
    "ebitdaratio": 0.6412204227,
    "operatingIncome": 1004528000,
    "operatingIncomeRatio": 0.4064601284,
    "totalOtherIncomeExpensesNet": -375669000,
    "incomeBeforeTax": 628859000,
    "incomeBeforeTaxRatio": 0.2544539424,
    "incomeTaxExpense": 478000,
    "netIncome": 603454000,
    "netIncomeRatio": 0.2441743688,
    "eps": 1.64,
    "epsdiluted": 1.58,
    "weightedAverageShsOut": 366968000,
    "weightedAverageShsOutDil": 382678000,
    "link": "https://www.sec.gov/Archives/edgar/data/906107/000156459018002873/0001564590-18-002873-index.htm",
    "finalLink": "https://www.sec.gov/Archives/edgar/data/906107/000156459018002873/eqr-10k_20171231.htm"
  },
  {
    "date": "2016-12-31",
    "symbol": "EQR",
    "reportedCurrency": "USD",
    "cik": "0000906107",
    "fillingDate": "2017-02-23",
    "acceptedDate": "2017-02-23 16:17:29",
    "calendarYear": "2016",
    "period": "FY",
    "revenue": 2425800000,
    "costOfRevenue": 806225000,
    "grossProfit": 1619575000,
    "grossProfitRatio": 0.6676457251,
    "researchAndDevelopmentExpenses": 0,
    "generalAndAdministrativeExpenses": 0,
    "sellingAndMarketingExpenses": 0,
    "sellingGeneralAndAdministrativeExpenses": 57840000,
    "otherExpenses": 705649000,
    "operatingExpenses": 763489000,
    "costAndExpenses": 1569714000,
    "interestIncome": 0,
    "interestExpense": 0,
    "depreciationAndAmortization": 709075000,
    "ebitda": 1554009000,
    "ebitdaratio": 0.640617116,
    "operatingIncome": 856086000,
    "operatingIncomeRatio": 0.3529087311,
    "totalOtherIncomeExpensesNet": 3625113000,
    "incomeBeforeTax": 4481199000,
    "incomeBeforeTaxRatio": 1.8473076923,
    "incomeTaxExpense": 1613000,
    "netIncome": 4292163000,
    "netIncomeRatio": 1.7693804106,
    "eps": 11.76,
    "epsdiluted": 11.24,
    "weightedAverageShsOut": 365002000,
    "weightedAverageShsOutDil": 381992000,
    "link": "https://www.sec.gov/Archives/edgar/data/906107/000090610717000007/0000906107-17-000007-index.htm",
    "finalLink": "https://www.sec.gov/Archives/edgar/data/906107/000090610717000007/eqr-20161231x10k.htm"
  },
  {
    "date": "2015-12-31",
    "symbol": "EQR",
    "reportedCurrency": "USD",
    "cik": "0000906107",
    "fillingDate": "2016-02-25",
    "acceptedDate": "2016-02-25 16:11:10",
    "calendarYear": "2015",
    "period": "FY",
    "revenue": 2744965000,
    "costOfRevenue": 905168000,
    "grossProfit": 1839797000,
    "grossProfitRatio": 0.6702442472,
    "researchAndDevelopmentExpenses": 0,
    "generalAndAdministrativeExpenses": 0,
    "sellingAndMarketingExpenses": 0,
    "sellingGeneralAndAdministrativeExpenses": 64664000,
    "otherExpenses": 765895000,
    "operatingExpenses": 830559000,
    "costAndExpenses": 1735727000,
    "interestIncome": 0,
    "interestExpense": 0,
    "depreciationAndAmortization": 769277000,
    "ebitda": 1767451000,
    "ebitdaratio": 0.6438883556,
    "operatingIncome": 1009238000,
    "operatingIncomeRatio": 0.3676688045,
    "totalOtherIncomeExpensesNet": -100700000,
    "incomeBeforeTax": 908538000,
    "incomeBeforeTaxRatio": 0.3309834552,
    "incomeTaxExpense": 917000,
    "netIncome": 870120000,
    "netIncomeRatio": 0.3169876483,
    "eps": 2.39,
    "epsdiluted": 2.29,
    "weightedAverageShsOut": 363498000,
    "weightedAverageShsOutDil": 380620000,
    "link": "https://www.sec.gov/Archives/edgar/data/906107/000090610716000029/0000906107-16-000029-index.htm",
    "finalLink": "https://www.sec.gov/Archives/edgar/data/906107/000090610716000029/eqr-20151231x10k.htm"
  },
  {
    "date": "2014-12-31",
    "symbol": "EQR",
    "reportedCurrency": "USD",
    "cik": "0000906107",
    "fillingDate": "2015-02-26",
    "acceptedDate": "2015-02-26 16:08:36",
    "calendarYear": "2014",
    "period": "FY",
    "revenue": 2614748000,
    "costOfRevenue": 883564000,
    "grossProfit": 1731184000,
    "grossProfitRatio": 0.6620844533,
    "researchAndDevelopmentExpenses": 0,
    "generalAndAdministrativeExpenses": 0,
    "sellingAndMarketingExpenses": 0,
    "sellingGeneralAndAdministrativeExpenses": 50679000,
    "otherExpenses": 758861000,
    "operatingExpenses": 809540000,
    "costAndExpenses": 1693104000,
    "interestIncome": 1662000,
    "interestExpense": 0,
    "depreciationAndAmortization": 762083000,
    "ebitda": 1215179000,
    "ebitdaratio": 0.464740388,
    "operatingIncome": 921644000,
    "operatingIncomeRatio": 0.3524790917,
    "totalOtherIncomeExpensesNet": -263149000,
    "incomeBeforeTax": 658495000,
    "incomeBeforeTaxRatio": 0.2518388005,
    "incomeTaxExpense": 1394000,
    "netIncome": 631308000,
    "netIncomeRatio": 0.2414412402,
    "eps": 1.75,
    "epsdiluted": 1.67,
    "weightedAverageShsOut": 361181000,
    "weightedAverageShsOutDil": 377735000,
    "link": "https://www.sec.gov/Archives/edgar/data/906107/000090610715000007/0000906107-15-000007-index.htm",
    "finalLink": "https://www.sec.gov/Archives/edgar/data/906107/000090610715000007/eqr-20141231x10k.htm"
  },
  {
    "date": "2013-12-31",
    "symbol": "EQR",
    "reportedCurrency": "USD",
    "cik": "0000906107",
    "fillingDate": "2014-02-27",
    "acceptedDate": "2014-02-27 16:12:28",
    "calendarYear": "2013",
    "period": "FY",
    "revenue": 2387702000,
    "costOfRevenue": 834228000,
    "grossProfit": 1553474000,
    "grossProfitRatio": 0.6506146914,
    "researchAndDevelopmentExpenses": 0,
    "generalAndAdministrativeExpenses": 0,
    "sellingAndMarketingExpenses": 0,
    "sellingGeneralAndAdministrativeExpenses": 62179000,
    "otherExpenses": 978973000,
    "operatingExpenses": 1041152000,
    "costAndExpenses": 1875380000,
    "interestIncome": 2556000,
    "interestExpense": 0,
    "depreciationAndAmortization": 979873000,
    "ebitda": 1006910000,
    "ebitdaratio": 0.4217067289,
    "operatingIncome": 512322000,
    "operatingIncomeRatio": 0.214566977,
    "totalOtherIncomeExpensesNet": -679327000,
    "incomeBeforeTax": -167005000,
    "incomeBeforeTaxRatio": -0.0699438205,
    "incomeTaxExpense": 1169000,
    "netIncome": 1830613000,
    "netIncomeRatio": 0.7666840334,
    "eps": 5.17,
    "epsdiluted": 5.17,
    "weightedAverageShsOut": 354305000,
    "weightedAverageShsOutDil": 354305000,
    "link": "https://www.sec.gov/Archives/edgar/data/906107/000090610714000006/0000906107-14-000006-index.htm",
    "finalLink": "https://www.sec.gov/Archives/edgar/data/906107/000090610714000006/eqr-20131231x10k.htm"
  },
  {
    "date": "2012-12-31",
    "symbol": "EQR",
    "reportedCurrency": "USD",
    "cik": "0000906107",
    "fillingDate": "2013-02-21",
    "acceptedDate": "2013-02-21 13:08:46",
    "calendarYear": "2012",
    "period": "FY",
    "revenue": 1747502000,
    "costOfRevenue": 625507000,
    "grossProfit": 1121995000,
    "grossProfitRatio": 0.6420564898,
    "researchAndDevelopmentExpenses": 0,
    "generalAndAdministrativeExpenses": 0,
    "sellingAndMarketingExpenses": 0,
    "sellingGeneralAndAdministrativeExpenses": 47233000,
    "otherExpenses": 0,
    "operatingExpenses": 485711999,
    "costAndExpenses": 1111218999,
    "interestIncome": 150547000,
    "interestExpense": 0,
    "depreciationAndAmortization": 664082000,
    "ebitda": 853004000,
    "ebitdaratio": 0.4881276245,
    "operatingIncome": 514092999,
    "operatingIncomeRatio": 0.2941873594,
    "totalOtherIncomeExpensesNet": -353280999,
    "incomeBeforeTax": 160812000,
    "incomeBeforeTaxRatio": 0.092023929,
    "incomeTaxExpense": 539000,
    "netIncome": 841719000,
    "netIncomeRatio": 0.481669835,
    "eps": 2.78,
    "epsdiluted": 2.63,
    "weightedAverageShsOut": 302701000,
    "weightedAverageShsOutDil": 319766000,
    "link": "https://www.sec.gov/Archives/edgar/data/906107/000090610713000005/0000906107-13-000005-index.htm",
    "finalLink": "https://www.sec.gov/Archives/edgar/data/906107/000090610713000005/eqr-20121231x10k.htm"
  },
  {
    "date": "2011-12-31",
    "symbol": "EQR",
    "reportedCurrency": "USD",
    "cik": "0000906107",
    "fillingDate": "2012-02-24",
    "acceptedDate": "2012-02-24 15:14:15",
    "calendarYear": "2011",
    "period": "FY",
    "revenue": 1985120000,
    "costOfRevenue": 1372525000,
    "grossProfit": 612595000,
    "grossProfitRatio": 0.3085934352,
    "researchAndDevelopmentExpenses": 0,
    "generalAndAdministrativeExpenses": 0,
    "sellingAndMarketingExpenses": 0,
    "sellingGeneralAndAdministrativeExpenses": 0,
    "otherExpenses": 0,
    "operatingExpenses": 0,
    "costAndExpenses": 0,
    "interestIncome": 7177000,
    "interestExpense": 0,
    "depreciationAndAmortization": 646963000,
    "ebitda": 646963000,
    "ebitdaratio": 0.3259062424,
    "operatingIncome": 0,
    "operatingIncomeRatio": 0,
    "totalOtherIncomeExpensesNet": 80509000,
    "incomeBeforeTax": 80509000,
    "incomeBeforeTaxRatio": 0.0405562384,
    "incomeTaxExpense": 728000,
    "netIncome": 893585000,
    "netIncomeRatio": 0.4501415532,
    "eps": 3.03,
    "epsdiluted": 3.03,
    "weightedAverageShsOut": 294856000,
    "weightedAverageShsOutDil": 294856000,
    "link": "https://www.sec.gov/Archives/edgar/data/906107/000090610712000004/0000906107-12-000004-index.htm",
    "finalLink": "https://www.sec.gov/Archives/edgar/data/906107/000090610712000004/eqr-20111231x10k.htm"
  },
  {
    "date": "2010-12-31",
    "symbol": "EQR",
    "reportedCurrency": "USD",
    "cik": "0000906107",
    "fillingDate": "2011-02-24",
    "acceptedDate": "2011-02-24 13:32:27",
    "calendarYear": "2010",
    "period": "FY",
    "revenue": 1992181000,
    "costOfRevenue": 1462751000,
    "grossProfit": 529429999,
    "grossProfitRatio": 0.2657539646,
    "researchAndDevelopmentExpenses": 0,
    "generalAndAdministrativeExpenses": 0,
    "sellingAndMarketingExpenses": 0,
    "sellingGeneralAndAdministrativeExpenses": 0,
    "otherExpenses": 0,
    "operatingExpenses": 0,
    "costAndExpenses": 1976823000,
    "interestIncome": 269000,
    "interestExpense": 0,
    "depreciationAndAmortization": 656633000,
    "ebitda": 671991000,
    "ebitdaratio": 0.33731423,
    "operatingIncome": 15358000,
    "operatingIncomeRatio": 0.0077091389,
    "totalOtherIncomeExpensesNet": -61574000,
    "incomeBeforeTax": -46216000,
    "incomeBeforeTaxRatio": -0.0231986953,
    "incomeTaxExpense": 334000,
    "netIncome": 283610000,
    "netIncomeRatio": 0.1423615625,
    "eps": 1,
    "epsdiluted": 1,
    "weightedAverageShsOut": 282888000,
    "weightedAverageShsOutDil": 282888000,
    "link": "https://www.sec.gov/Archives/edgar/data/906107/000095012311017717/0000950123-11-017717-index.htm",
    "finalLink": "https://www.sec.gov/Archives/edgar/data/906107/000095012311017717/c61474e10vk.htm"
  },
  {
    "date": "2009-12-31",
    "symbol": "EQR",
    "reportedCurrency": "USD",
    "cik": "0000906107",
    "fillingDate": "2010-02-25",
    "acceptedDate": "2010-02-25 12:18:37",
    "calendarYear": "2009",
    "period": "FY",
    "revenue": 1944887000,
    "costOfRevenue": 1362603000,
    "grossProfit": 582284000,
    "grossProfitRatio": 0.2993922012,
    "researchAndDevelopmentExpenses": 0,
    "generalAndAdministrativeExpenses": 0,
    "sellingAndMarketingExpenses": 0,
    "sellingGeneralAndAdministrativeExpenses": 0,
    "otherExpenses": 0,
    "operatingExpenses": 0,
    "costAndExpenses": 1885870000,
    "interestIncome": 7084000,
    "interestExpense": 0,
    "depreciationAndAmortization": 582280000,
    "ebitda": 641297000,
    "ebitdaratio": 0.3297348381,
    "operatingIncome": 59017000,
    "operatingIncomeRatio": 0.0303446935,
    "totalOtherIncomeExpensesNet": -38867000,
    "incomeBeforeTax": 20150000,
    "incomeBeforeTaxRatio": 0.0103604991,
    "incomeTaxExpense": 2808000,
    "netIncome": 362273000,
    "netIncomeRatio": 0.1862694336,
    "eps": 1.32,
    "epsdiluted": 1.32,
    "weightedAverageShsOut": 273609000,
    "weightedAverageShsOutDil": 273609000,
    "link": "https://www.sec.gov/Archives/edgar/data/906107/000119312510040142/0001193125-10-040142-index.htm",
    "finalLink": "https://www.sec.gov/Archives/edgar/data/906107/000119312510040142/d10k.htm"
  },
  {
    "date": "2008-12-31",
    "symbol": "EQR",
    "reportedCurrency": "USD",
    "cik": "0000906107",
    "fillingDate": "2009-02-26",
    "acceptedDate": "2009-02-26 09:19:33",
    "calendarYear": "2008",
    "period": "FY",
    "revenue": 2103204000,
    "costOfRevenue": 1435238000,
    "grossProfit": 667966000,
    "grossProfitRatio": 0.3175944892,
    "researchAndDevelopmentExpenses": 0,
    "generalAndAdministrativeExpenses": 0,
    "sellingAndMarketingExpenses": 0,
    "sellingGeneralAndAdministrativeExpenses": 0,
    "otherExpenses": 0,
    "operatingExpenses": 0,
    "costAndExpenses": 1963579000,
    "interestIncome": 13140000,
    "interestExpense": 0,
    "depreciationAndAmortization": 591162000,
    "ebitda": 730787000,
    "ebitdaratio": 0.3474636792,
    "operatingIncome": 139625000,
    "operatingIncomeRatio": 0.0663868079,
    "totalOtherIncomeExpensesNet": -94882000,
    "incomeBeforeTax": 44743000,
    "incomeBeforeTaxRatio": 0.0212737328,
    "incomeTaxExpense": 5286000,
    "netIncome": 420092000,
    "netIncomeRatio": 0.1997390648,
    "eps": 1.56,
    "epsdiluted": 1.56,
    "weightedAverageShsOut": 270012000,
    "weightedAverageShsOutDil": 270012000,
    "link": "https://www.sec.gov/Archives/edgar/data/906107/000119312509038255/0001193125-09-038255-index.htm",
    "finalLink": "https://www.sec.gov/Archives/edgar/data/906107/000119312509038255/d10k.htm"
  },
  {
    "date": "2007-12-31",
    "symbol": "EQR",
    "reportedCurrency": "USD",
    "cik": "0000906107",
    "fillingDate": "2008-02-27",
    "acceptedDate": "2008-02-27 09:26:48",
    "calendarYear": "2007",
    "period": "FY",
    "revenue": 2038084000,
    "costOfRevenue": 1421559000,
    "grossProfit": 616525000,
    "grossProfitRatio": 0.3025022521,
    "researchAndDevelopmentExpenses": 0,
    "generalAndAdministrativeExpenses": 0,
    "sellingAndMarketingExpenses": 0,
    "sellingGeneralAndAdministrativeExpenses": 0,
    "otherExpenses": 0,
    "operatingExpenses": 0,
    "costAndExpenses": 1953047000,
    "interestIncome": 24276000,
    "interestExpense": 0,
    "depreciationAndAmortization": 587647000,
    "ebitda": 672684000,
    "ebitdaratio": 0.3300570536,
    "operatingIncome": 85037000,
    "operatingIncomeRatio": 0.0417239917,
    "totalOtherIncomeExpensesNet": 5990000,
    "incomeBeforeTax": 91027000,
    "incomeBeforeTaxRatio": 0.0446630266,
    "incomeTaxExpense": 2520000,
    "netIncome": 989622000,
    "netIncomeRatio": 0.4855648737,
    "eps": 3.54,
    "epsdiluted": 3.27,
    "weightedAverageShsOut": 279406000,
    "weightedAverageShsOutDil": 302235000,
    "link": "https://www.sec.gov/Archives/edgar/data/906107/000110465908013087/0001104659-08-013087-index.htm",
    "finalLink": "https://www.sec.gov/Archives/edgar/data/906107/000110465908013087/a08-2468_110k.htm"
  },
  {
    "date": "2006-12-31",
    "symbol": "EQR",
    "reportedCurrency": "USD",
    "cik": "0000906107",
    "fillingDate": "2007-02-28",
    "acceptedDate": "2007-02-28 14:29:31",
    "calendarYear": "2006",
    "period": "FY",
    "revenue": 1990436000,
    "costOfRevenue": 1394826000,
    "grossProfit": 595610000,
    "grossProfitRatio": 0.2992359463,
    "researchAndDevelopmentExpenses": 0,
    "generalAndAdministrativeExpenses": 0,
    "sellingAndMarketingExpenses": 0,
    "sellingGeneralAndAdministrativeExpenses": 0,
    "otherExpenses": 0,
    "operatingExpenses": 0,
    "costAndExpenses": 1879545000,
    "interestIncome": 31131000,
    "interestExpense": 0,
    "depreciationAndAmortization": 562739000,
    "ebitda": 673630000,
    "ebitdaratio": 0.3384333885,
    "operatingIncome": 110891000,
    "operatingIncomeRatio": 0.0557119144,
    "totalOtherIncomeExpensesNet": -3502000,
    "incomeBeforeTax": 107389000,
    "incomeBeforeTaxRatio": 0.0539525009,
    "incomeTaxExpense": -1072844000,
    "netIncome": 1072844000,
    "netIncomeRatio": 0.5389994956,
    "eps": 3.7,
    "epsdiluted": 3.4,
    "weightedAverageShsOut": 290019000,
    "weightedAverageShsOutDil": 315579000,
    "link": "https://www.sec.gov/Archives/edgar/data/906107/000110465907014819/0001104659-07-014819-index.htm",
    "finalLink": "https://www.sec.gov/Archives/edgar/data/906107/000110465907014819/a07-5259_110k.htm"
  },
  {
    "date": "2005-12-31",
    "symbol": "EQR",
    "reportedCurrency": "USD",
    "cik": "0000906107",
    "fillingDate": "2006-03-08",
    "acceptedDate": "2006-03-08 10:14:57",
    "calendarYear": "2005",
    "period": "FY",
    "revenue": 1954937000,
    "costOfRevenue": 1371194000,
    "grossProfit": 583743000,
    "grossProfitRatio": 0.2985993922,
    "researchAndDevelopmentExpenses": 0,
    "generalAndAdministrativeExpenses": 0,
    "sellingAndMarketingExpenses": 0,
    "sellingGeneralAndAdministrativeExpenses": 0,
    "otherExpenses": 0,
    "operatingExpenses": 0,
    "costAndExpenses": 1833584000,
    "interestIncome": 68517000,
    "interestExpense": 0,
    "depreciationAndAmortization": 508140000,
    "ebitda": 629493000,
    "ebitdaratio": 0.3220016809,
    "operatingIncome": 121353000,
    "operatingIncomeRatio": 0.0620751462,
    "totalOtherIncomeExpensesNet": 68987000,
    "incomeBeforeTax": 190340000,
    "incomeBeforeTaxRatio": 0.0973637514,
    "incomeTaxExpense": -861793000,
    "netIncome": 861793000,
    "netIncomeRatio": 0.4408290395,
    "eps": 3.02,
    "epsdiluted": 2.77,
    "weightedAverageShsOut": 285760000,
    "weightedAverageShsOutDil": 310785000,
    "link": "https://www.sec.gov/Archives/edgar/data/906107/000110465906014827/0001104659-06-014827-index.htm",
    "finalLink": "https://www.sec.gov/Archives/edgar/data/906107/000110465906014827/a06-2281_110k.htm"
  },
  {
    "date": "2004-12-31",
    "symbol": "EQR",
    "reportedCurrency": "USD",
    "cik": "0000906107",
    "fillingDate": "2005-03-14",
    "acceptedDate": "2005-03-14 15:50:54",
    "calendarYear": "2004",
    "period": "FY",
    "revenue": 1753824000,
    "costOfRevenue": 1008886000,
    "grossProfit": 744938000,
    "grossProfitRatio": 0.4247507161,
    "researchAndDevelopmentExpenses": 0,
    "generalAndAdministrativeExpenses": 0,
    "sellingAndMarketingExpenses": 0,
    "sellingGeneralAndAdministrativeExpenses": 0,
    "otherExpenses": 0,
    "operatingExpenses": 0,
    "costAndExpenses": 1582504000,
    "interestIncome": 8957000,
    "interestExpense": 0,
    "depreciationAndAmortization": 496583000,
    "ebitda": 667903000,
    "ebitdaratio": 0.3808266964,
    "operatingIncome": 171320000,
    "operatingIncomeRatio": 0.09768369,
    "totalOtherIncomeExpensesNet": 3832000,
    "incomeBeforeTax": 175152000,
    "incomeBeforeTaxRatio": 0.0998686299,
    "incomeTaxExpense": -472329000,
    "netIncome": 472329000,
    "netIncomeRatio": 0.2693137966,
    "eps": 1.69,
    "epsdiluted": 1.69,
    "weightedAverageShsOut": 279744000,
    "weightedAverageShsOutDil": 279744000,
    "link": "https://www.sec.gov/Archives/edgar/data/906107/000110465905010843/0001104659-05-010843-index.htm",
    "finalLink": "https://www.sec.gov/Archives/edgar/data/906107/000110465905010843/a05-2042_110k.htm"
  },
  {
    "date": "2003-12-31",
    "symbol": "EQR",
    "reportedCurrency": "USD",
    "cik": "0000906107",
    "fillingDate": "2004-03-12",
    "acceptedDate": "2004-03-12 10:16:19",
    "calendarYear": "2003",
    "period": "FY",
    "revenue": 1823298000,
    "costOfRevenue": 196987000,
    "grossProfit": 1626311000,
    "grossProfitRatio": 0.8919611605,
    "researchAndDevelopmentExpenses": 0,
    "generalAndAdministrativeExpenses": 38810000,
    "sellingAndMarketingExpenses": 0,
    "sellingGeneralAndAdministrativeExpenses": 38810000,
    "otherExpenses": 0,
    "operatingExpenses": 38810000,
    "costAndExpenses": 1254621000,
    "interestIncome": 251121000,
    "interestExpense": 543847000,
    "depreciationAndAmortization": 471569000,
    "ebitda": 1040246000,
    "ebitdaratio": 0.570529886,
    "operatingIncome": 567515000,
    "operatingIncomeRatio": 0.3112574028,
    "totalOtherIncomeExpensesNet": -23668000,
    "incomeBeforeTax": 543847000,
    "incomeBeforeTaxRatio": 0.2982765297,
    "incomeTaxExpense": -543847000,
    "netIncome": 543847000,
    "netIncomeRatio": 0.2982765297,
    "eps": 2,
    "epsdiluted": 2,
    "weightedAverageShsOut": 272337000,
    "weightedAverageShsOutDil": 272337000,
    "link": "https://www.sec.gov/Archives/edgar/data/906107/000110465904007155/0001104659-04-007155-index.htm",
    "finalLink": "https://www.sec.gov/Archives/edgar/data/906107/000110465904007155/a04-2963_210k.htm"
  },
  {
    "date": "2002-12-31",
    "symbol": "EQR",
    "reportedCurrency": "USD",
    "cik": "0000906107",
    "fillingDate": "2003-03-14",
    "acceptedDate": "2003-03-14 16:10:12",
    "calendarYear": "2002",
    "period": "FY",
    "revenue": 1994053000,
    "costOfRevenue": 199350000,
    "grossProfit": 1794703000,
    "grossProfitRatio": 0.9000277325,
    "researchAndDevelopmentExpenses": 0,
    "generalAndAdministrativeExpenses": 46492000,
    "sellingAndMarketingExpenses": 0,
    "sellingGeneralAndAdministrativeExpenses": 46492000,
    "otherExpenses": 0,
    "operatingExpenses": 46492000,
    "costAndExpenses": 629714000,
    "interestIncome": 328905000,
    "interestExpense": 421313000,
    "depreciationAndAmortization": 472956000,
    "ebitda": 2866204000,
    "ebitdaratio": 1.4373760376,
    "operatingIncome": 672142000,
    "operatingIncomeRatio": 0.3370732874,
    "totalOtherIncomeExpensesNet": 0,
    "incomeBeforeTax": 421313000,
    "incomeBeforeTaxRatio": 0.2112847552,
    "incomeTaxExpense": -421313000,
    "netIncome": 421313000,
    "netIncomeRatio": 0.2112847552,
    "eps": 1.55,
    "epsdiluted": 1.41,
    "weightedAverageShsOut": 271974000,
    "weightedAverageShsOutDil": 297969000,
    "link": "https://www.sec.gov/Archives/edgar/data/906107/000110465903004297/0001104659-03-004297-index.htm",
    "finalLink": "https://www.sec.gov/Archives/edgar/data/906107/000110465903004297/j8049_10k.htm"
  },
  {
    "date": "2001-12-31",
    "symbol": "EQR",
    "reportedCurrency": "USD",
    "cik": "0000906107",
    "fillingDate": "2002-03-07",
    "acceptedDate": "2002-03-07 00:00:00",
    "calendarYear": "2001",
    "period": "FY",
    "revenue": 2170643000,
    "costOfRevenue": 723237000,
    "grossProfit": 1447406000,
    "grossProfitRatio": 0.6668097886,
    "researchAndDevelopmentExpenses": 0,
    "generalAndAdministrativeExpenses": 35414000,
    "sellingAndMarketingExpenses": 0,
    "sellingGeneralAndAdministrativeExpenses": 35414000,
    "otherExpenses": 0,
    "operatingExpenses": 35414000,
    "costAndExpenses": 758651000,
    "interestIncome": 8786000,
    "interestExpense": 473585000,
    "depreciationAndAmortization": 471721000,
    "ebitda": 3310366000,
    "ebitdaratio": 1.5250623893,
    "operatingIncome": 1411992000,
    "operatingIncomeRatio": 0.6504948073,
    "totalOtherIncomeExpensesNet": 0,
    "incomeBeforeTax": 473585000,
    "incomeBeforeTaxRatio": 0.2181772866,
    "incomeTaxExpense": -473585000,
    "netIncome": 473585000,
    "netIncomeRatio": 0.2181772866,
    "eps": 1.77,
    "epsdiluted": 1.6,
    "weightedAverageShsOut": 267349000,
    "weightedAverageShsOutDil": 295213000,
    "link": "https://www.sec.gov/Archives/edgar/data/906107/000091205702009068/0000912057-02-009068-index.htm",
    "finalLink": "https://www.sec.gov/Archives/edgar/data/906107/000091205702009068/a2072511z10-k.htm"
  },
  {
    "date": "2000-12-31",
    "symbol": "EQR",
    "reportedCurrency": "USD",
    "cik": "0000906107",
    "fillingDate": "2001-02-20",
    "acceptedDate": "2001-02-20 00:00:00",
    "calendarYear": "2000",
    "period": "FY",
    "revenue": 2030340000,
    "costOfRevenue": 0,
    "grossProfit": 2030340000,
    "grossProfitRatio": 1,
    "researchAndDevelopmentExpenses": 0,
    "generalAndAdministrativeExpenses": 26385000,
    "sellingAndMarketingExpenses": 0,
    "sellingGeneralAndAdministrativeExpenses": 26385000,
    "otherExpenses": 1234923000,
    "operatingExpenses": 1261308000,
    "costAndExpenses": 838211000,
    "interestIncome": 0,
    "interestExpense": 549451000,
    "depreciationAndAmortization": 451344000,
    "ebitda": 3236138000,
    "ebitdaratio": 1.5938896934,
    "operatingIncome": 769032000,
    "operatingIncomeRatio": 0.3787700582,
    "totalOtherIncomeExpensesNet": -769032000,
    "incomeBeforeTax": 549451000,
    "incomeBeforeTaxRatio": 0.2706201917,
    "incomeTaxExpense": -549451000,
    "netIncome": 549451000,
    "netIncomeRatio": 0.2706201917,
    "eps": 2.12,
    "epsdiluted": 1.92,
    "weightedAverageShsOut": 259015000,
    "weightedAverageShsOutDil": 286503000,
    "link": "https://www.sec.gov/Archives/edgar/data/906107/000091205701006222/0000912057-01-006222-index.htm",
    "finalLink": "https://www.sec.gov/Archives/edgar/data/906107/000091205701006222/a2039377z10-k.txt"
  },
  {
    "date": "1999-12-31",
    "symbol": "EQR",
    "reportedCurrency": "USD",
    "cik": "0000906107",
    "fillingDate": "2000-03-14",
    "acceptedDate": "2000-03-14 00:00:00",
    "calendarYear": "1999",
    "period": "FY",
    "revenue": 1508648000,
    "costOfRevenue": 0,
    "grossProfit": 1753118000,
    "grossProfitRatio": 1.1620457522,
    "researchAndDevelopmentExpenses": 0,
    "generalAndAdministrativeExpenses": 22296000,
    "sellingAndMarketingExpenses": 0,
    "sellingGeneralAndAdministrativeExpenses": 22296000,
    "otherExpenses": 1059216000,
    "operatingExpenses": 1081512000,
    "costAndExpenses": 1081512000,
    "interestIncome": 0,
    "interestExpense": 393881000,
    "depreciationAndAmortization": 408688000,
    "ebitda": 2978148000,
    "ebitdaratio": 1.9740509383,
    "operatingIncome": 671606000,
    "operatingIncomeRatio": 0.4451707754,
    "totalOtherIncomeExpensesNet": -671606000,
    "incomeBeforeTax": 393881000,
    "incomeBeforeTaxRatio": 0.261082108,
    "incomeTaxExpense": -393881000,
    "netIncome": 393881000,
    "netIncomeRatio": 0.261082108,
    "eps": 1.61,
    "epsdiluted": 1.45,
    "weightedAverageShsOut": 244350000,
    "weightedAverageShsOutDil": 271310000,
    "link": "https://www.sec.gov/Archives/edgar/data/906107/000091205700011416/0000912057-00-011416-index.html",
    "finalLink": "https://www.sec.gov/Archives/edgar/data/906107/000091205700011416/"
  },
  {
    "date": "1998-12-31",
    "symbol": "EQR",
    "reportedCurrency": "USD",
    "cik": "0000906107",
    "fillingDate": "1999-03-19",
    "acceptedDate": "1999-03-19 00:00:00",
    "calendarYear": "1998",
    "period": "FY",
    "revenue": 1337449000,
    "costOfRevenue": 0,
    "grossProfit": 1337449000,
    "grossProfitRatio": 1,
    "researchAndDevelopmentExpenses": 0,
    "generalAndAdministrativeExpenses": 21718000,
    "sellingAndMarketingExpenses": 0,
    "sellingGeneralAndAdministrativeExpenses": 21718000,
    "otherExpenses": 811357000,
    "operatingExpenses": 833075000,
    "costAndExpenses": 833075000,
    "interestIncome": 0,
    "interestExpense": 258206000,
    "depreciationAndAmortization": 299700000,
    "ebitda": 2444991000,
    "ebitdaratio": 1.8281003612,
    "operatingIncome": 504374000,
    "operatingIncomeRatio": 0.3771164358,
    "totalOtherIncomeExpensesNet": -504374000,
    "incomeBeforeTax": 258206000,
    "incomeBeforeTaxRatio": 0.1930585764,
    "incomeTaxExpense": -258206000,
    "netIncome": 258206000,
    "netIncomeRatio": 0.1930585764,
    "eps": 1.29,
    "epsdiluted": 1.15,
    "weightedAverageShsOut": 200740000,
    "weightedAverageShsOutDil": 225156000,
    "link": "https://www.sec.gov/Archives/edgar/data/906107/000095013199001583/0000950131-99-001583-index.html",
    "finalLink": "https://www.sec.gov/Archives/edgar/data/906107/"
  },
  {
    "date": "1997-12-31",
    "symbol": "EQR",
    "reportedCurrency": "USD",
    "cik": "0000906107",
    "fillingDate": "1998-03-20",
    "acceptedDate": "1998-03-20 00:00:00",
    "calendarYear": "1997",
    "period": "FY",
    "revenue": 747321000,
    "costOfRevenue": 0,
    "grossProfit": 747321000,
    "grossProfitRatio": 1,
    "researchAndDevelopmentExpenses": 0,
    "generalAndAdministrativeExpenses": 15064000,
    "sellingAndMarketingExpenses": 0,
    "sellingGeneralAndAdministrativeExpenses": 15064000,
    "otherExpenses": 432396000,
    "operatingExpenses": 447460000,
    "costAndExpenses": 447460000,
    "interestIncome": 0,
    "interestExpense": 176592000,
    "depreciationAndAmortization": 155700000,
    "ebitda": 1351800000,
    "ebitdaratio": 1.8088612524,
    "operatingIncome": 299861000,
    "operatingIncomeRatio": 0.4012479243,
    "totalOtherIncomeExpensesNet": -123269000,
    "incomeBeforeTax": 176592000,
    "incomeBeforeTaxRatio": 0.2363000638,
    "incomeTaxExpense": -176592000,
    "netIncome": 176592000,
    "netIncomeRatio": 0.2363000638,
    "eps": 1.34,
    "epsdiluted": 1.32,
    "weightedAverageShsOut": 131396648,
    "weightedAverageShsOutDil": 133636364,
    "link": "https://www.sec.gov/Archives/edgar/data/906107/000095013198001828/0000950131-98-001828-index.html",
    "finalLink": "https://www.sec.gov/Archives/edgar/data/906107/"
  },
  {
    "date": "1996-12-31",
    "symbol": "EQR",
    "reportedCurrency": "USD",
    "cik": "0000906107",
    "fillingDate": "1997-03-21",
    "acceptedDate": "1997-03-21 00:00:00",
    "calendarYear": "1996",
    "period": "FY",
    "revenue": 478385000,
    "costOfRevenue": 0,
    "grossProfit": 478385000,
    "grossProfitRatio": 1,
    "researchAndDevelopmentExpenses": 0,
    "generalAndAdministrativeExpenses": 9857000,
    "sellingAndMarketingExpenses": 0,
    "sellingGeneralAndAdministrativeExpenses": 9857000,
    "otherExpenses": 285902000,
    "operatingExpenses": 295759000,
    "costAndExpenses": 295759000,
    "interestIncome": 0,
    "interestExpense": 101624000,
    "depreciationAndAmortization": 93253000,
    "ebitda": 275879000,
    "ebitdaratio": 0.5766882323,
    "operatingIncome": 182626000,
    "operatingIncomeRatio": 0.3817552808,
    "totalOtherIncomeExpensesNet": -81002000,
    "incomeBeforeTax": 101624000,
    "incomeBeforeTaxRatio": 0.2124314098,
    "incomeTaxExpense": -101624000,
    "netIncome": 101624000,
    "netIncomeRatio": 0.2124314098,
    "eps": 1.19,
    "epsdiluted": 1.19,
    "weightedAverageShsOut": 85172000,
    "weightedAverageShsOutDil": 85172000,
    "link": "https://www.sec.gov/Archives/edgar/data/906107/000095013197001984/0000950131-97-001984-index.html",
    "finalLink": "https://www.sec.gov/Archives/edgar/data/906107/"
  },
  {
    "date": "1995-12-31",
    "symbol": "EQR",
    "reportedCurrency": "USD",
    "cik": "0000906107",
    "fillingDate": "1996-08-26",
    "acceptedDate": "1996-08-26 00:00:00",
    "calendarYear": "1995",
    "period": "FY",
    "revenue": 412500000,
    "costOfRevenue": 0,
    "grossProfit": 412500000,
    "grossProfitRatio": 1,
    "researchAndDevelopmentExpenses": 0,
    "generalAndAdministrativeExpenses": 8100000,
    "sellingAndMarketingExpenses": 0,
    "sellingGeneralAndAdministrativeExpenses": 8100000,
    "otherExpenses": -250700000,
    "operatingExpenses": -242600000,
    "costAndExpenses": -242600000,
    "interestIncome": 0,
    "interestExpense": 67700000,
    "depreciationAndAmortization": 76100000,
    "ebitda": 731200000,
    "ebitdaratio": 1.7726060606,
    "operatingIncome": 655100000,
    "operatingIncomeRatio": 1.5881212121,
    "totalOtherIncomeExpensesNet": 0,
    "incomeBeforeTax": 67700000,
    "incomeBeforeTaxRatio": 0.1641212121,
    "incomeTaxExpense": 0,
    "netIncome": 67700000,
    "netIncomeRatio": 0.1641212121,
    "eps": 0.99,
    "epsdiluted": 0.98,
    "weightedAverageShsOut": 68571429,
    "weightedAverageShsOutDil": 68982036,
    "link": "https://www.sec.gov/Archives/edgar/data/906107/000095013196004155/0000950131-96-004155-index.html",
    "finalLink": "https://www.sec.gov/Archives/edgar/data/906107/"
  },
  {
    "date": "1994-12-31",
    "symbol": "EQR",
    "reportedCurrency": "USD",
    "cik": "0000906107",
    "fillingDate": "1994-12-31",
    "acceptedDate": "1994-12-31 00:00:00",
    "calendarYear": "1994",
    "period": "FY",
    "revenue": 231000000,
    "costOfRevenue": 0,
    "grossProfit": 231000000,
    "grossProfitRatio": 1,
    "researchAndDevelopmentExpenses": 0,
    "generalAndAdministrativeExpenses": 6100000,
    "sellingAndMarketingExpenses": 0,
    "sellingGeneralAndAdministrativeExpenses": 6100000,
    "otherExpenses": -148000000,
    "operatingExpenses": -141900000,
    "costAndExpenses": -141900000,
    "interestIncome": 0,
    "interestExpense": 34400000,
    "depreciationAndAmortization": 39300000,
    "ebitda": 412200000,
    "ebitdaratio": 1.7844155844,
    "operatingIncome": 372900000,
    "operatingIncomeRatio": 1.6142857143,
    "totalOtherIncomeExpensesNet": 0,
    "incomeBeforeTax": 0,
    "incomeBeforeTaxRatio": 0,
    "incomeTaxExpense": 0,
    "netIncome": 34400000,
    "netIncomeRatio": 0.1489177489,
    "eps": 0.67,
    "epsdiluted": 0.67,
    "weightedAverageShsOut": 51343284,
    "weightedAverageShsOutDil": 51343284,
    "link": null,
    "finalLink": null
  },
  {
    "date": "1993-12-31",
    "symbol": "EQR",
    "reportedCurrency": "USD",
    "cik": "0000906107",
    "fillingDate": "1993-12-31",
    "acceptedDate": "1993-12-31 00:00:00",
    "calendarYear": "1993",
    "period": "FY",
    "revenue": 113900000,
    "costOfRevenue": 0,
    "grossProfit": 113900000,
    "grossProfitRatio": 1,
    "researchAndDevelopmentExpenses": 0,
    "generalAndAdministrativeExpenses": 5700000,
    "sellingAndMarketingExpenses": 0,
    "sellingGeneralAndAdministrativeExpenses": 5700000,
    "otherExpenses": -77900000,
    "operatingExpenses": -72200000,
    "costAndExpenses": -72200000,
    "interestIncome": 0,
    "interestExpense": 6100000,
    "depreciationAndAmortization": 22000000,
    "ebitda": 208100000,
    "ebitdaratio": 1.8270412643,
    "operatingIncome": 186100000,
    "operatingIncomeRatio": 1.6338893766,
    "totalOtherIncomeExpensesNet": 0,
    "incomeBeforeTax": 0,
    "incomeBeforeTaxRatio": 0,
    "incomeTaxExpense": 0,
    "netIncome": 6100000,
    "netIncomeRatio": 0.0535557507,
    "eps": 0.21,
    "epsdiluted": 0.21,
    "weightedAverageShsOut": 29047619,
    "weightedAverageShsOutDil": 29047619,
    "link": null,
    "finalLink": null
  }
]