[
  {
    "date": "2025-06-30",
    "symbol": "EQT",
    "reportedCurrency": "USD",
    "cik": "0000033213",
    "fillingDate": "2025-07-23",
    "acceptedDate": "2025-07-23 16:16:23",
    "calendarYear": "2025",
    "period": "Q2",
    "revenue": 2557719000,
    "costOfRevenue": 1158088000,
    "grossProfit": 1399631000,
    "grossProfitRatio": 0.5472184396,
    "researchAndDevelopmentExpenses": 0,
    "generalAndAdministrativeExpenses": 0,
    "sellingAndMarketingExpenses": 0,
    "sellingGeneralAndAdministrativeExpenses": 81586000,
    "otherExpenses": 184007000,
    "operatingExpenses": 265593000,
    "costAndExpenses": 1423681000,
    "interestIncome": 0,
    "interestExpense": 105668000,
    "depreciationAndAmortization": 623471000,
    "ebitda": 1821410000,
    "ebitdaratio": 0.7121227938,
    "operatingIncome": 1134038000,
    "operatingIncomeRatio": 0.4433786511,
    "totalOtherIncomeExpensesNet": -41767000,
    "incomeBeforeTax": 1092271000,
    "incomeBeforeTaxRatio": 0.4270488666,
    "incomeTaxExpense": 235615000,
    "netIncome": 784147000,
    "netIncomeRatio": 0.30658059,
    "eps": 1.31,
    "epsdiluted": 1.3,
    "weightedAverageShsOut": 599221000,
    "weightedAverageShsOutDil": 602924000,
    "link": "https://www.sec.gov/Archives/edgar/data/33213/000003321325000033/0000033213-25-000033-index.htm",
    "finalLink": "https://www.sec.gov/Archives/edgar/data/33213/000003321325000033/eqt-20250630.htm"
  },
  {
    "date": "2025-03-31",
    "symbol": "EQT",
    "reportedCurrency": "USD",
    "cik": "0000033213",
    "fillingDate": "2025-04-23",
    "acceptedDate": "2025-04-23 16:15:36",
    "calendarYear": "2025",
    "period": "Q1",
    "revenue": 2418769000,
    "costOfRevenue": 1087422000,
    "grossProfit": 1331347000,
    "grossProfitRatio": 0.5504233765,
    "researchAndDevelopmentExpenses": 0,
    "generalAndAdministrativeExpenses": 0,
    "sellingAndMarketingExpenses": 0,
    "sellingGeneralAndAdministrativeExpenses": 91464000,
    "otherExpenses": 743633000,
    "operatingExpenses": 835097000,
    "costAndExpenses": 1922519000,
    "interestIncome": 0,
    "interestExpense": 117569000,
    "depreciationAndAmortization": 620775000,
    "ebitda": 1132430000,
    "ebitdaratio": 0.468184436,
    "operatingIncome": 496250000,
    "operatingIncomeRatio": 0.205166347,
    "totalOtherIncomeExpensesNet": -102164000,
    "incomeBeforeTax": 394086000,
    "incomeBeforeTaxRatio": 0.1629283326,
    "incomeTaxExpense": 78668000,
    "netIncome": 242139000,
    "netIncomeRatio": 0.1001083609,
    "eps": 0.4,
    "epsdiluted": 0.4,
    "weightedAverageShsOut": 597976000,
    "weightedAverageShsOutDil": 602838000,
    "link": "https://www.sec.gov/Archives/edgar/data/33213/000003321325000023/0000033213-25-000023-index.htm",
    "finalLink": "https://www.sec.gov/Archives/edgar/data/33213/000003321325000023/eqt-20250331.htm"
  },
  {
    "date": "2024-12-31",
    "symbol": "EQT",
    "reportedCurrency": "USD",
    "cik": "0000033213",
    "fillingDate": "2025-02-19",
    "acceptedDate": "2025-02-19 16:16:15",
    "calendarYear": "2024",
    "period": "Q4",
    "revenue": 1808270000,
    "costOfRevenue": 1110807000,
    "grossProfit": 697463000,
    "grossProfitRatio": 0.3857073335,
    "researchAndDevelopmentExpenses": 0,
    "generalAndAdministrativeExpenses": 0,
    "sellingAndMarketingExpenses": 0,
    "sellingGeneralAndAdministrativeExpenses": 107994000,
    "otherExpenses": -191976000,
    "operatingExpenses": -83982000,
    "costAndExpenses": 1026825000,
    "interestIncome": 0,
    "interestExpense": 186435000,
    "depreciationAndAmortization": 620319000,
    "ebitda": 1380868000,
    "ebitdaratio": 0.7636403856,
    "operatingIncome": 781445000,
    "operatingIncomeRatio": 0.4321506191,
    "totalOtherIncomeExpensesNet": -207331000,
    "incomeBeforeTax": 574114000,
    "incomeBeforeTaxRatio": 0.3174935159,
    "incomeTaxExpense": 146869000,
    "netIncome": 418395000,
    "netIncomeRatio": 0.2313786105,
    "eps": 0.7,
    "epsdiluted": 0.69,
    "weightedAverageShsOut": 602521000,
    "weightedAverageShsOutDil": 602521000,
    "link": "https://www.sec.gov/Archives/edgar/data/33213/000003321325000011/0000033213-25-000011-index.htm",
    "finalLink": "https://www.sec.gov/Archives/edgar/data/33213/000003321325000011/eqt-20241231.htm"
  },
  {
    "date": "2024-09-30",
    "symbol": "EQT",
    "reportedCurrency": "USD",
    "cik": "0000033213",
    "fillingDate": "2024-10-30",
    "acceptedDate": "2024-10-30 16:16:01",
    "calendarYear": "2024",
    "period": "Q3",
    "revenue": 1216986000,
    "costOfRevenue": 1123986000,
    "grossProfit": 93000000,
    "grossProfitRatio": 0.076418299,
    "researchAndDevelopmentExpenses": 0,
    "generalAndAdministrativeExpenses": 0,
    "sellingAndMarketingExpenses": 0,
    "sellingGeneralAndAdministrativeExpenses": 88470000,
    "otherExpenses": 286370000,
    "operatingExpenses": 374840000,
    "costAndExpenses": 1498826000,
    "interestIncome": 0,
    "interestExpense": 158299000,
    "depreciationAndAmortization": 589299000,
    "ebitda": 345296000,
    "ebitdaratio": 0.283730462,
    "operatingIncome": -281840000,
    "operatingIncomeRatio": -0.231588531,
    "totalOtherIncomeExpensesNet": -120462000,
    "incomeBeforeTax": -402302000,
    "incomeBeforeTaxRatio": -0.3305724141,
    "incomeTaxExpense": -104870000,
    "netIncome": -300823000,
    "netIncomeRatio": -0.2471869027,
    "eps": -0.54,
    "epsdiluted": -0.54,
    "weightedAverageShsOut": 559603000,
    "weightedAverageShsOutDil": 559603000,
    "link": "https://www.sec.gov/Archives/edgar/data/33213/000003321324000047/0000033213-24-000047-index.htm",
    "finalLink": "https://www.sec.gov/Archives/edgar/data/33213/000003321324000047/eqt-20240930.htm"
  },
  {
    "date": "2024-06-30",
    "symbol": "EQT",
    "reportedCurrency": "USD",
    "cik": "0000033213",
    "fillingDate": "2024-07-24",
    "acceptedDate": "2024-07-24 16:16:08",
    "calendarYear": "2024",
    "period": "Q2",
    "revenue": 891179000,
    "costOfRevenue": 1097600000,
    "grossProfit": -206421000,
    "grossProfitRatio": -0.2316268673,
    "researchAndDevelopmentExpenses": 0,
    "generalAndAdministrativeExpenses": 0,
    "sellingAndMarketingExpenses": 0,
    "sellingGeneralAndAdministrativeExpenses": 67207000,
    "otherExpenses": -276599000,
    "operatingExpenses": -209392000,
    "costAndExpenses": 888208000,
    "interestIncome": 0,
    "interestExpense": 55720000,
    "depreciationAndAmortization": 465982000,
    "ebitda": 486719000,
    "ebitdaratio": 0.5461517832,
    "operatingIncome": 2971000,
    "operatingIncomeRatio": 0.0033337859,
    "totalOtherIncomeExpensesNet": -37954000,
    "incomeBeforeTax": -34983000,
    "incomeBeforeTaxRatio": -0.0392547401,
    "incomeTaxExpense": -44222000,
    "netIncome": 9517000,
    "netIncomeRatio": 0.0106791116,
    "eps": 0.0215,
    "epsdiluted": 0.0214,
    "weightedAverageShsOut": 441968000,
    "weightedAverageShsOutDil": 444921000,
    "link": "https://www.sec.gov/Archives/edgar/data/33213/000003321324000032/0000033213-24-000032-index.htm",
    "finalLink": "https://www.sec.gov/Archives/edgar/data/33213/000003321324000032/eqt-20240630.htm"
  },
  {
    "date": "2024-03-31",
    "symbol": "EQT",
    "reportedCurrency": "USD",
    "cik": "0000033213",
    "fillingDate": "2024-04-24",
    "acceptedDate": "2024-04-24 16:17:23",
    "calendarYear": "2024",
    "period": "Q1",
    "revenue": 1305757000,
    "costOfRevenue": 577399000,
    "grossProfit": 728358000,
    "grossProfitRatio": 0.5578051659,
    "researchAndDevelopmentExpenses": 0,
    "generalAndAdministrativeExpenses": 0,
    "sellingAndMarketingExpenses": 0,
    "sellingGeneralAndAdministrativeExpenses": 73053000,
    "otherExpenses": 472585000,
    "operatingExpenses": 545638000,
    "costAndExpenses": 1123037000,
    "interestIncome": 0,
    "interestExpense": 54371000,
    "depreciationAndAmortization": 486750000,
    "ebitda": 668486000,
    "ebitdaratio": 0.5119528366,
    "operatingIncome": 182720000,
    "operatingIncomeRatio": 0.1399341531,
    "totalOtherIncomeExpensesNet": -55355000,
    "incomeBeforeTax": 127365000,
    "incomeBeforeTaxRatio": 0.0975411198,
    "incomeTaxExpense": 24302000,
    "netIncome": 103488000,
    "netIncomeRatio": 0.0792551754,
    "eps": 0.24,
    "epsdiluted": 0.23,
    "weightedAverageShsOut": 439459000,
    "weightedAverageShsOutDil": 444967000,
    "link": "https://www.sec.gov/Archives/edgar/data/33213/000003321324000021/0000033213-24-000021-index.htm",
    "finalLink": "https://www.sec.gov/Archives/edgar/data/33213/000003321324000021/eqt-20240331.htm"
  },
  {
    "date": "2023-12-31",
    "symbol": "EQT",
    "reportedCurrency": "USD",
    "cik": "0000033213",
    "fillingDate": "2024-02-14",
    "acceptedDate": "2024-02-14 16:16:52",
    "calendarYear": "2023",
    "period": "Q4",
    "revenue": 1371202000,
    "costOfRevenue": 586516000,
    "grossProfit": 784686000,
    "grossProfitRatio": 0.5722614174,
    "researchAndDevelopmentExpenses": 0,
    "generalAndAdministrativeExpenses": 0,
    "sellingAndMarketingExpenses": 0,
    "sellingGeneralAndAdministrativeExpenses": 67172000,
    "otherExpenses": -5203000,
    "operatingExpenses": 61969000,
    "costAndExpenses": 648485000,
    "interestIncome": 0,
    "interestExpense": 72804000,
    "depreciationAndAmortization": 506808000,
    "ebitda": 1232038000,
    "ebitdaratio": 0.8985094829,
    "operatingIncome": 722717000,
    "operatingIncomeRatio": 0.5270682219,
    "totalOtherIncomeExpensesNet": -70291000,
    "incomeBeforeTax": 652426000,
    "incomeBeforeTaxRatio": 0.4758058988,
    "incomeTaxExpense": 150979000,
    "netIncome": 502055000,
    "netIncomeRatio": 0.3661422606,
    "eps": 1.2,
    "epsdiluted": 1.13,
    "weightedAverageShsOut": 416792000,
    "weightedAverageShsOutDil": 445400000,
    "link": "https://www.sec.gov/Archives/edgar/data/33213/000003321324000008/0000033213-24-000008-index.htm",
    "finalLink": "https://www.sec.gov/Archives/edgar/data/33213/000003321324000008/eqt-20231231.htm"
  },
  {
    "date": "2023-09-30",
    "symbol": "EQT",
    "reportedCurrency": "USD",
    "cik": "0000033213",
    "fillingDate": "2023-10-26",
    "acceptedDate": "2023-10-26 16:18:18",
    "calendarYear": "2023",
    "period": "Q3",
    "revenue": 1008196000,
    "costOfRevenue": 509744000,
    "grossProfit": 498452000,
    "grossProfitRatio": 0.4943998984,
    "researchAndDevelopmentExpenses": 0,
    "generalAndAdministrativeExpenses": 0,
    "sellingAndMarketingExpenses": 0,
    "sellingGeneralAndAdministrativeExpenses": 56942000,
    "otherExpenses": 425703000,
    "operatingExpenses": 482645000,
    "costAndExpenses": 992389000,
    "interestIncome": 0,
    "interestExpense": 60427000,
    "depreciationAndAmortization": 438945000,
    "ebitda": 453249000,
    "ebitdaratio": 0.4495643704,
    "operatingIncome": 15807000,
    "operatingIncomeRatio": 0.015678499,
    "totalOtherIncomeExpensesNet": -61930000,
    "incomeBeforeTax": -46123000,
    "incomeBeforeTaxRatio": -0.045748049,
    "incomeTaxExpense": -126853000,
    "netIncome": 81255000,
    "netIncomeRatio": 0.0805944479,
    "eps": 0.21,
    "epsdiluted": 0.2,
    "weightedAverageShsOut": 383359000,
    "weightedAverageShsOutDil": 416190000,
    "link": "https://www.sec.gov/Archives/edgar/data/33213/000003321323000041/0000033213-23-000041-index.htm",
    "finalLink": "https://www.sec.gov/Archives/edgar/data/33213/000003321323000041/eqt-20230930.htm"
  },
  {
    "date": "2023-06-30",
    "symbol": "EQT",
    "reportedCurrency": "USD",
    "cik": "0000033213",
    "fillingDate": "2023-07-26",
    "acceptedDate": "2023-07-26 16:18:14",
    "calendarYear": "2023",
    "period": "Q2",
    "revenue": 854365000,
    "costOfRevenue": 450722000,
    "grossProfit": 403643000,
    "grossProfitRatio": 0.4724479584,
    "researchAndDevelopmentExpenses": 0,
    "generalAndAdministrativeExpenses": 0,
    "sellingAndMarketingExpenses": 0,
    "sellingGeneralAndAdministrativeExpenses": 60163000,
    "otherExpenses": 378473000,
    "operatingExpenses": 438636000,
    "costAndExpenses": 889358000,
    "interestIncome": 0,
    "interestExpense": 39883000,
    "depreciationAndAmortization": 399737000,
    "ebitda": 360936000,
    "ebitdaratio": 0.4224611261,
    "operatingIncome": -34993000,
    "operatingIncomeRatio": -0.0409579044,
    "totalOtherIncomeExpensesNet": -43691000,
    "incomeBeforeTax": -78684000,
    "incomeBeforeTaxRatio": -0.0920964693,
    "incomeTaxExpense": -11818000,
    "netIncome": -66626000,
    "netIncomeRatio": -0.0779830634,
    "eps": -0.18,
    "epsdiluted": -0.18,
    "weightedAverageShsOut": 361982000,
    "weightedAverageShsOutDil": 361982000,
    "link": "https://www.sec.gov/Archives/edgar/data/33213/000003321323000028/0000033213-23-000028-index.htm",
    "finalLink": "https://www.sec.gov/Archives/edgar/data/33213/000003321323000028/eqt-20230630.htm"
  },
  {
    "date": "2023-03-31",
    "symbol": "EQT",
    "reportedCurrency": "USD",
    "cik": "0000033213",
    "fillingDate": "2023-04-27",
    "acceptedDate": "2023-04-27 16:17:16",
    "calendarYear": "2023",
    "period": "Q1",
    "revenue": 1836219000,
    "costOfRevenue": 435625000,
    "grossProfit": 1400594000,
    "grossProfitRatio": 0.7627597797,
    "researchAndDevelopmentExpenses": 0,
    "generalAndAdministrativeExpenses": 0,
    "sellingAndMarketingExpenses": 0,
    "sellingGeneralAndAdministrativeExpenses": 51894000,
    "otherExpenses": -262180000,
    "operatingExpenses": -210286000,
    "costAndExpenses": 225339000,
    "interestIncome": 0,
    "interestExpense": 46546000,
    "depreciationAndAmortization": 391573000,
    "ebitda": 2013998000,
    "ebitdaratio": 1.0968179721,
    "operatingIncome": 1610880000,
    "operatingIncomeRatio": 0.8772809779,
    "totalOtherIncomeExpensesNet": -35001000,
    "incomeBeforeTax": 1575879000,
    "incomeBeforeTaxRatio": 0.8582195261,
    "incomeTaxExpense": 356646000,
    "netIncome": 1218548000,
    "netIncomeRatio": 0.6636180107,
    "eps": 3.37,
    "epsdiluted": 3.09,
    "weightedAverageShsOut": 361462000,
    "weightedAverageShsOutDil": 393883000,
    "link": "https://www.sec.gov/Archives/edgar/data/33213/000003321323000017/0000033213-23-000017-index.htm",
    "finalLink": "https://www.sec.gov/Archives/edgar/data/33213/000003321323000017/eqt-20230331.htm"
  },
  {
    "date": "2022-12-31",
    "symbol": "EQT",
    "reportedCurrency": "USD",
    "cik": "0000033213",
    "fillingDate": "2023-02-16",
    "acceptedDate": "2023-02-16 16:18:29",
    "calendarYear": "2022",
    "period": "Q4",
    "revenue": 2572732000,
    "costOfRevenue": 461658000,
    "grossProfit": 2111074000,
    "grossProfitRatio": 0.8205572908,
    "researchAndDevelopmentExpenses": 0,
    "generalAndAdministrativeExpenses": 0,
    "sellingAndMarketingExpenses": 0,
    "sellingGeneralAndAdministrativeExpenses": 57042000,
    "otherExpenses": -265744000,
    "operatingExpenses": -208702000,
    "costAndExpenses": 252956000,
    "interestIncome": 0,
    "interestExpense": 55630000,
    "depreciationAndAmortization": 364984000,
    "ebitda": 2693430000,
    "ebitdaratio": 1.0469143308,
    "operatingIncome": 2319776000,
    "operatingIncomeRatio": 0.9016780605,
    "totalOtherIncomeExpensesNet": -46960000,
    "incomeBeforeTax": 2272816000,
    "incomeBeforeTaxRatio": 0.8834250905,
    "incomeTaxExpense": 558977000,
    "netIncome": 1711982000,
    "netIncomeRatio": 0.6654334769,
    "eps": 4.67,
    "epsdiluted": 4.28,
    "weightedAverageShsOut": 366263000,
    "weightedAverageShsOutDil": 400122000,
    "link": "https://www.sec.gov/Archives/edgar/data/33213/000003321323000008/0000033213-23-000008-index.htm",
    "finalLink": "https://www.sec.gov/Archives/edgar/data/33213/000003321323000008/eqt-20221231.htm"
  },
  {
    "date": "2022-09-30",
    "symbol": "EQT",
    "reportedCurrency": "USD",
    "cik": "0000033213",
    "fillingDate": "2022-10-27",
    "acceptedDate": "2022-10-27 16:16:35",
    "calendarYear": "2022",
    "period": "Q3",
    "revenue": 3696759000,
    "costOfRevenue": 500480000,
    "grossProfit": 3196279000,
    "grossProfitRatio": 0.8646165465,
    "researchAndDevelopmentExpenses": 0,
    "generalAndAdministrativeExpenses": 0,
    "sellingAndMarketingExpenses": 0,
    "sellingGeneralAndAdministrativeExpenses": 67231000,
    "otherExpenses": 2204462000,
    "operatingExpenses": 2271693000,
    "costAndExpenses": 2772173000,
    "interestIncome": 0,
    "interestExpense": 60138000,
    "depreciationAndAmortization": 426016000,
    "ebitda": 1325822000,
    "ebitdaratio": 0.3586444234,
    "operatingIncome": 924586000,
    "operatingIncomeRatio": 0.2501071885,
    "totalOtherIncomeExpensesNet": -84918000,
    "incomeBeforeTax": 839668000,
    "incomeBeforeTaxRatio": 0.2271362564,
    "incomeTaxExpense": 152206000,
    "netIncome": 683670000,
    "netIncomeRatio": 0.1849376711,
    "eps": 1.69,
    "epsdiluted": 1.69,
    "weightedAverageShsOut": 403345846,
    "weightedAverageShsOutDil": 403889000,
    "link": "https://www.sec.gov/Archives/edgar/data/33213/000003321322000028/0000033213-22-000028-index.htm",
    "finalLink": "https://www.sec.gov/Archives/edgar/data/33213/000003321322000028/eqt-20220930.htm"
  },
  {
    "date": "2022-06-30",
    "symbol": "EQT",
    "reportedCurrency": "USD",
    "cik": "0000033213",
    "fillingDate": "2022-07-28",
    "acceptedDate": "2022-07-28 16:17:41",
    "calendarYear": "2022",
    "period": "Q2",
    "revenue": 3372603000,
    "costOfRevenue": 511699000,
    "grossProfit": 2860904000,
    "grossProfitRatio": 0.848277725,
    "researchAndDevelopmentExpenses": 0,
    "generalAndAdministrativeExpenses": 0,
    "sellingAndMarketingExpenses": 0,
    "sellingGeneralAndAdministrativeExpenses": 59276000,
    "otherExpenses": 1439727000,
    "operatingExpenses": 1499003000,
    "costAndExpenses": 2010702000,
    "interestIncome": 0,
    "interestExpense": 65985000,
    "depreciationAndAmortization": 436370000,
    "ebitda": 1704813000,
    "ebitdaratio": 0.5054887871,
    "operatingIncome": 1361901000,
    "operatingIncomeRatio": 0.4038130192,
    "totalOtherIncomeExpensesNet": -159443000,
    "incomeBeforeTax": 1202458000,
    "incomeBeforeTaxRatio": 0.3565370724,
    "incomeTaxExpense": 308234000,
    "netIncome": 891361000,
    "netIncomeRatio": 0.2642946709,
    "eps": 2.41,
    "epsdiluted": 2.19,
    "weightedAverageShsOut": 369866000,
    "weightedAverageShsOutDil": 407303000,
    "link": "https://www.sec.gov/Archives/edgar/data/33213/000003321322000022/0000033213-22-000022-index.htm",
    "finalLink": "https://www.sec.gov/Archives/edgar/data/33213/000003321322000022/eqt-20220630.htm"
  },
  {
    "date": "2022-03-31",
    "symbol": "EQT",
    "reportedCurrency": "USD",
    "cik": "0000033213",
    "fillingDate": "2022-04-28",
    "acceptedDate": "2022-04-28 16:17:30",
    "calendarYear": "2022",
    "period": "Q1",
    "revenue": 2498527000,
    "costOfRevenue": 493110000,
    "grossProfit": 2005417000,
    "grossProfitRatio": 0.8026397153,
    "researchAndDevelopmentExpenses": 0,
    "generalAndAdministrativeExpenses": 0,
    "sellingAndMarketingExpenses": 0,
    "sellingGeneralAndAdministrativeExpenses": 69096000,
    "otherExpenses": 3824587000,
    "operatingExpenses": 3893683000,
    "costAndExpenses": 4386793000,
    "interestIncome": 0,
    "interestExpense": 67902000,
    "depreciationAndAmortization": 432487000,
    "ebitda": -1479891000,
    "ebitdaratio": -0.5923053863,
    "operatingIncome": -1888266000,
    "operatingIncomeRatio": -0.7557516889,
    "totalOtherIncomeExpensesNet": -92014000,
    "incomeBeforeTax": -1980280000,
    "incomeBeforeTaxRatio": -0.7925789875,
    "incomeTaxExpense": -465697000,
    "netIncome": -1514583000,
    "netIncomeRatio": -0.6061903674,
    "eps": -4.05,
    "epsdiluted": -4.05,
    "weightedAverageShsOut": 374142000,
    "weightedAverageShsOutDil": 374142000,
    "link": "https://www.sec.gov/Archives/edgar/data/33213/000003321322000014/0000033213-22-000014-index.htm",
    "finalLink": "https://www.sec.gov/Archives/edgar/data/33213/000003321322000014/eqt-20220331.htm"
  },
  {
    "date": "2021-12-31",
    "symbol": "EQT",
    "reportedCurrency": "USD",
    "cik": "0000033213",
    "fillingDate": "2022-02-10",
    "acceptedDate": "2022-02-10 16:16:42",
    "calendarYear": "2021",
    "period": "Q4",
    "revenue": 2823154000,
    "costOfRevenue": 549102000,
    "grossProfit": 2274052000,
    "grossProfitRatio": 0.8055005147,
    "researchAndDevelopmentExpenses": 0,
    "generalAndAdministrativeExpenses": 0,
    "sellingAndMarketingExpenses": 0,
    "sellingGeneralAndAdministrativeExpenses": 52343000,
    "otherExpenses": -235638000,
    "operatingExpenses": -183295000,
    "costAndExpenses": 365807000,
    "interestIncome": 0,
    "interestExpense": 76469000,
    "depreciationAndAmortization": 510563000,
    "ebitda": 2980666000,
    "ebitdaratio": 1.0557929181,
    "operatingIncome": 2457347000,
    "operatingIncomeRatio": 0.8704261262,
    "totalOtherIncomeExpensesNet": -63713000,
    "incomeBeforeTax": 2393634000,
    "incomeBeforeTaxRatio": 0.8478581048,
    "incomeTaxExpense": 591080000,
    "netIncome": 1801333000,
    "netIncomeRatio": 0.6380569392,
    "eps": 4.77,
    "epsdiluted": 4.69,
    "weightedAverageShsOut": 377988000,
    "weightedAverageShsOutDil": 383780000,
    "link": "https://www.sec.gov/Archives/edgar/data/33213/000003321322000007/0000033213-22-000007-index.htm",
    "finalLink": "https://www.sec.gov/Archives/edgar/data/33213/000003321322000007/eqt-20211231.htm"
  },
  {
    "date": "2021-09-30",
    "symbol": "EQT",
    "reportedCurrency": "USD",
    "cik": "0000033213",
    "fillingDate": "2021-10-28",
    "acceptedDate": "2021-10-28 16:16:29",
    "calendarYear": "2021",
    "period": "Q3",
    "revenue": 1792399000,
    "costOfRevenue": 500699000,
    "grossProfit": 1291700000,
    "grossProfitRatio": 0.720654274,
    "researchAndDevelopmentExpenses": 0,
    "generalAndAdministrativeExpenses": 0,
    "sellingAndMarketingExpenses": 0,
    "sellingGeneralAndAdministrativeExpenses": 49113000,
    "otherExpenses": 3852113000,
    "operatingExpenses": 3901226000,
    "costAndExpenses": 4401925000,
    "interestIncome": 0,
    "interestExpense": 75509000,
    "depreciationAndAmortization": 448034000,
    "ebitda": -2114048000,
    "ebitdaratio": -1.1794516734,
    "operatingIncome": -2609526000,
    "operatingIncomeRatio": -1.4558845436,
    "totalOtherIncomeExpensesNet": -28065000,
    "incomeBeforeTax": -2637591000,
    "incomeBeforeTaxRatio": -1.4715423296,
    "incomeTaxExpense": -661380000,
    "netIncome": -1980117000,
    "netIncomeRatio": -1.1047300294,
    "eps": -5.55,
    "epsdiluted": -5.55,
    "weightedAverageShsOut": 356792000,
    "weightedAverageShsOutDil": 356792000,
    "link": "https://www.sec.gov/Archives/edgar/data/33213/000003321321000026/0000033213-21-000026-index.htm",
    "finalLink": "https://www.sec.gov/Archives/edgar/data/33213/000003321321000026/eqt-20210930.htm"
  },
  {
    "date": "2021-06-30",
    "symbol": "EQT",
    "reportedCurrency": "USD",
    "cik": "0000033213",
    "fillingDate": "2021-07-29",
    "acceptedDate": "2021-07-29 16:17:15",
    "calendarYear": "2021",
    "period": "Q2",
    "revenue": 1085416000,
    "costOfRevenue": 427834000,
    "grossProfit": 657582000,
    "grossProfitRatio": 0.6058340765,
    "researchAndDevelopmentExpenses": 0,
    "generalAndAdministrativeExpenses": 0,
    "sellingAndMarketingExpenses": 0,
    "sellingGeneralAndAdministrativeExpenses": 49853000,
    "otherExpenses": 1825370000,
    "operatingExpenses": 1875223000,
    "costAndExpenses": 2303057000,
    "interestIncome": 0,
    "interestExpense": 72254000,
    "depreciationAndAmortization": 386685000,
    "ebitda": -820694000,
    "ebitdaratio": -0.7561100997,
    "operatingIncome": -1217641000,
    "operatingIncomeRatio": -1.1218196526,
    "totalOtherIncomeExpensesNet": -61992000,
    "incomeBeforeTax": -1279633000,
    "incomeBeforeTaxRatio": -1.1789332385,
    "incomeTaxExpense": -346311000,
    "netIncome": -936457000,
    "netIncomeRatio": -0.8627632171,
    "eps": -3.35,
    "epsdiluted": -3.35,
    "weightedAverageShsOut": 279156000,
    "weightedAverageShsOutDil": 279156000,
    "link": "https://www.sec.gov/Archives/edgar/data/33213/000003321321000020/0000033213-21-000020-index.htm",
    "finalLink": "https://www.sec.gov/Archives/edgar/data/33213/000003321321000020/eqt-20210630.htm"
  },
  {
    "date": "2021-03-31",
    "symbol": "EQT",
    "reportedCurrency": "USD",
    "cik": "0000033213",
    "fillingDate": "2021-05-06",
    "acceptedDate": "2021-05-06 16:16:15",
    "calendarYear": "2021",
    "period": "Q1",
    "revenue": 1138736000,
    "costOfRevenue": 424346000,
    "grossProfit": 714390000,
    "grossProfitRatio": 0.6273534867,
    "researchAndDevelopmentExpenses": 0,
    "generalAndAdministrativeExpenses": 0,
    "sellingAndMarketingExpenses": 0,
    "sellingGeneralAndAdministrativeExpenses": 45006000,
    "otherExpenses": 660539000,
    "operatingExpenses": 705545000,
    "costAndExpenses": 1129891000,
    "interestIncome": 0,
    "interestExpense": 70473000,
    "depreciationAndAmortization": 383458000,
    "ebitda": 403031000,
    "ebitdaratio": 0.3539283908,
    "operatingIncome": 8845000,
    "operatingIncomeRatio": 0.0077673842,
    "totalOtherIncomeExpensesNet": -59745000,
    "incomeBeforeTax": -50900000,
    "incomeBeforeTaxRatio": -0.0446986835,
    "incomeTaxExpense": -12959000,
    "netIncome": -37427000,
    "netIncomeRatio": -0.0328671439,
    "eps": -0.15,
    "epsdiluted": -0.15,
    "weightedAverageShsOut": 278852000,
    "weightedAverageShsOutDil": 278852000,
    "link": "https://www.sec.gov/Archives/edgar/data/33213/000003321321000012/0000033213-21-000012-index.htm",
    "finalLink": "https://www.sec.gov/Archives/edgar/data/33213/000003321321000012/eqt-20210331.htm"
  },
  {
    "date": "2020-12-31",
    "symbol": "EQT",
    "reportedCurrency": "USD",
    "cik": "0000033213",
    "fillingDate": "2021-02-17",
    "acceptedDate": "2021-02-17 16:16:35",
    "calendarYear": "2020",
    "period": "Q4",
    "revenue": 841051000,
    "costOfRevenue": 412413000,
    "grossProfit": 428638000,
    "grossProfitRatio": 0.5096456695,
    "researchAndDevelopmentExpenses": 0,
    "generalAndAdministrativeExpenses": 0,
    "sellingAndMarketingExpenses": 0,
    "sellingGeneralAndAdministrativeExpenses": 40160000,
    "otherExpenses": 242395000,
    "operatingExpenses": 282555000,
    "costAndExpenses": 694968000,
    "interestIncome": 0,
    "interestExpense": 74286000,
    "depreciationAndAmortization": 387567000,
    "ebitda": 522611000,
    "ebitdaratio": 0.6213784895,
    "operatingIncome": 146083000,
    "operatingIncomeRatio": 0.1736910128,
    "totalOtherIncomeExpensesNet": -85325000,
    "incomeBeforeTax": 60758000,
    "incomeBeforeTaxRatio": 0.0722405657,
    "incomeTaxExpense": -2920000,
    "netIncome": 63688000,
    "netIncomeRatio": 0.0757243021,
    "eps": 0.23,
    "epsdiluted": 0.23,
    "weightedAverageShsOut": 272104000,
    "weightedAverageShsOutDil": 273845000,
    "link": "https://www.sec.gov/Archives/edgar/data/33213/000003321321000006/0000033213-21-000006-index.htm",
    "finalLink": "https://www.sec.gov/Archives/edgar/data/33213/000003321321000006/eqt-20201231.htm"
  },
  {
    "date": "2020-09-30",
    "symbol": "EQT",
    "reportedCurrency": "USD",
    "cik": "0000033213",
    "fillingDate": "2020-10-22",
    "acceptedDate": "2020-10-22 16:16:39",
    "calendarYear": "2020",
    "period": "Q3",
    "revenue": 599309000,
    "costOfRevenue": 388175000,
    "grossProfit": 211134000,
    "grossProfitRatio": 0.3522957272,
    "researchAndDevelopmentExpenses": 0,
    "generalAndAdministrativeExpenses": 0,
    "sellingAndMarketingExpenses": 0,
    "sellingGeneralAndAdministrativeExpenses": 51654000,
    "otherExpenses": 919675000,
    "operatingExpenses": 971329000,
    "costAndExpenses": 1359504000,
    "interestIncome": 0,
    "interestExpense": 69154000,
    "depreciationAndAmortization": 361127000,
    "ebitda": -396116000,
    "ebitdaratio": -0.6609545326,
    "operatingIncome": -760195000,
    "operatingIncomeRatio": -1.2684525011,
    "totalOtherIncomeExpensesNet": -66202000,
    "incomeBeforeTax": -826397000,
    "incomeBeforeTaxRatio": -1.3789163854,
    "incomeTaxExpense": -225757000,
    "netIncome": -600640000,
    "netIncomeRatio": -1.0022208911,
    "eps": -2.35,
    "epsdiluted": -2.35,
    "weightedAverageShsOut": 255589000,
    "weightedAverageShsOutDil": 255589000,
    "link": "https://www.sec.gov/Archives/edgar/data/33213/000003321320000032/0000033213-20-000032-index.htm",
    "finalLink": "https://www.sec.gov/Archives/edgar/data/33213/000003321320000032/eqt-20200930.htm"
  },
  {
    "date": "2020-06-30",
    "symbol": "EQT",
    "reportedCurrency": "USD",
    "cik": "0000033213",
    "fillingDate": "2020-07-27",
    "acceptedDate": "2020-07-27 16:16:24",
    "calendarYear": "2020",
    "period": "Q2",
    "revenue": 500648000,
    "costOfRevenue": 368902000,
    "grossProfit": 131746000,
    "grossProfitRatio": 0.2631509564,
    "researchAndDevelopmentExpenses": 0,
    "generalAndAdministrativeExpenses": 0,
    "sellingAndMarketingExpenses": 0,
    "sellingGeneralAndAdministrativeExpenses": 43341000,
    "otherExpenses": 475317000,
    "operatingExpenses": 518658000,
    "costAndExpenses": 887560000,
    "interestIncome": 0,
    "interestExpense": 65386000,
    "depreciationAndAmortization": 339884000,
    "ebitda": 39192000,
    "ebitdaratio": 0.0782825458,
    "operatingIncome": -386912000,
    "operatingIncomeRatio": -0.7728224221,
    "totalOtherIncomeExpensesNet": 20834000,
    "incomeBeforeTax": -366078000,
    "incomeBeforeTaxRatio": -0.731208354,
    "incomeTaxExpense": -103003000,
    "netIncome": -263075000,
    "netIncomeRatio": -0.5254689922,
    "eps": -1.03,
    "epsdiluted": -1.03,
    "weightedAverageShsOut": 255412621,
    "weightedAverageShsOutDil": 255524000,
    "link": "https://www.sec.gov/Archives/edgar/data/33213/000003321320000025/0000033213-20-000025-index.htm",
    "finalLink": "https://www.sec.gov/Archives/edgar/data/33213/000003321320000025/eqt-20200630.htm"
  },
  {
    "date": "2020-03-31",
    "symbol": "EQT",
    "reportedCurrency": "USD",
    "cik": "0000033213",
    "fillingDate": "2020-05-07",
    "acceptedDate": "2020-05-07 16:17:24",
    "calendarYear": "2020",
    "period": "Q1",
    "revenue": 717621000,
    "costOfRevenue": 405384000,
    "grossProfit": 312237000,
    "grossProfitRatio": 0.4351001434,
    "researchAndDevelopmentExpenses": 0,
    "generalAndAdministrativeExpenses": 0,
    "sellingAndMarketingExpenses": 0,
    "sellingGeneralAndAdministrativeExpenses": 34938000,
    "otherExpenses": 153941000,
    "operatingExpenses": 188879000,
    "costAndExpenses": 594263000,
    "interestIncome": 0,
    "interestExpense": 62374000,
    "depreciationAndAmortization": 368307000,
    "ebitda": 296364000,
    "ebitdaratio": 0.4129812255,
    "operatingIncome": 123358000,
    "operatingIncomeRatio": 0.171898537,
    "totalOtherIncomeExpensesNet": -257675000,
    "incomeBeforeTax": -134317000,
    "incomeBeforeTaxRatio": -0.1871698292,
    "incomeTaxExpense": 32822000,
    "netIncome": -167139000,
    "netIncomeRatio": -0.2329070638,
    "eps": -0.65,
    "epsdiluted": -0.65,
    "weightedAverageShsOut": 255435000,
    "weightedAverageShsOutDil": 255435000,
    "link": "https://www.sec.gov/Archives/edgar/data/33213/000003321320000016/0000033213-20-000016-index.htm",
    "finalLink": "https://www.sec.gov/Archives/edgar/data/33213/000003321320000016/eqt-20200331.htm"
  },
  {
    "date": "2019-12-31",
    "symbol": "EQT",
    "reportedCurrency": "USD",
    "cik": "0000033213",
    "fillingDate": "2020-02-27",
    "acceptedDate": "2020-02-27 16:18:27",
    "calendarYear": "2019",
    "period": "Q4",
    "revenue": 850801000,
    "costOfRevenue": 427943000,
    "grossProfit": 422858000,
    "grossProfitRatio": 0.4970116396,
    "researchAndDevelopmentExpenses": 0,
    "generalAndAdministrativeExpenses": 0,
    "sellingAndMarketingExpenses": 0,
    "sellingGeneralAndAdministrativeExpenses": 38444000,
    "otherExpenses": 1846481000,
    "operatingExpenses": 1884925000,
    "costAndExpenses": 2312868000,
    "interestIncome": 0,
    "interestExpense": 45066000,
    "depreciationAndAmortization": 395614000,
    "ebitda": -1102776000,
    "ebitdaratio": -1.2961620873,
    "operatingIncome": -1462067000,
    "operatingIncomeRatio": -1.7184594282,
    "totalOtherIncomeExpensesNet": -81389000,
    "incomeBeforeTax": -1543456000,
    "incomeBeforeTaxRatio": -1.8141210459,
    "incomeTaxExpense": -366532000,
    "netIncome": -1176924000,
    "netIncomeRatio": -1.3833129016,
    "eps": -4.61,
    "epsdiluted": -4.61,
    "weightedAverageShsOut": 255384000,
    "weightedAverageShsOutDil": 255384000,
    "link": "https://www.sec.gov/Archives/edgar/data/33213/000003321320000008/0000033213-20-000008-index.htm",
    "finalLink": "https://www.sec.gov/Archives/edgar/data/33213/000003321320000008/a1231201910k.htm"
  },
  {
    "date": "2019-09-30",
    "symbol": "EQT",
    "reportedCurrency": "USD",
    "cik": "0000033213",
    "fillingDate": "2019-10-31",
    "acceptedDate": "2019-10-31 16:16:49",
    "calendarYear": "2019",
    "period": "Q3",
    "revenue": 771263000,
    "costOfRevenue": 436569000,
    "grossProfit": 334694000,
    "grossProfitRatio": 0.4339557324,
    "researchAndDevelopmentExpenses": 0,
    "generalAndAdministrativeExpenses": 0,
    "sellingAndMarketingExpenses": 0,
    "sellingGeneralAndAdministrativeExpenses": 79376000,
    "otherExpenses": 416847000,
    "operatingExpenses": 496223000,
    "costAndExpenses": 932792000,
    "interestIncome": 0,
    "interestExpense": 47709000,
    "depreciationAndAmortization": 405725000,
    "ebitda": 6063000,
    "ebitdaratio": 0.0078611317,
    "operatingIncome": -161529000,
    "operatingIncomeRatio": -0.2094343953,
    "totalOtherIncomeExpensesNet": -285842000,
    "incomeBeforeTax": -447371000,
    "incomeBeforeTaxRatio": -0.5800498663,
    "incomeTaxExpense": -86343000,
    "netIncome": -361028000,
    "netIncomeRatio": -0.4680997273,
    "eps": -1.41,
    "epsdiluted": -1.41,
    "weightedAverageShsOut": 255235000,
    "weightedAverageShsOutDil": 255235000,
    "link": "https://www.sec.gov/Archives/edgar/data/33213/000003321319000031/0000033213-19-000031-index.htm",
    "finalLink": "https://www.sec.gov/Archives/edgar/data/33213/000003321319000031/eqt930201910q.htm"
  },
  {
    "date": "2019-06-30",
    "symbol": "EQT",
    "reportedCurrency": "USD",
    "cik": "0000033213",
    "fillingDate": "2019-07-25",
    "acceptedDate": "2019-07-25 16:16:45",
    "calendarYear": "2019",
    "period": "Q2",
    "revenue": 902617000,
    "costOfRevenue": 419071000,
    "grossProfit": 483546000,
    "grossProfitRatio": 0.5357155914,
    "researchAndDevelopmentExpenses": 0,
    "generalAndAdministrativeExpenses": 0,
    "sellingAndMarketingExpenses": 0,
    "sellingGeneralAndAdministrativeExpenses": 86208000,
    "otherExpenses": 101308000,
    "operatingExpenses": 187516000,
    "costAndExpenses": 606587000,
    "interestIncome": 0,
    "interestExpense": 50503000,
    "depreciationAndAmortization": 390539000,
    "ebitda": 605473000,
    "ebitdaratio": 0.6707972484,
    "operatingIncome": 296030000,
    "operatingIncomeRatio": 0.3279685625,
    "totalOtherIncomeExpensesNet": -131599000,
    "incomeBeforeTax": 164431000,
    "incomeBeforeTaxRatio": 0.1821713972,
    "incomeTaxExpense": 38865000,
    "netIncome": 125566000,
    "netIncomeRatio": 0.1391132673,
    "eps": 0.49,
    "epsdiluted": 0.49,
    "weightedAverageShsOut": 255099000,
    "weightedAverageShsOutDil": 255223000,
    "link": "https://www.sec.gov/Archives/edgar/data/33213/000003321319000023/0000033213-19-000023-index.htm",
    "finalLink": "https://www.sec.gov/Archives/edgar/data/33213/000003321319000023/eqt630201910q.htm"
  },
  {
    "date": "2019-03-31",
    "symbol": "EQT",
    "reportedCurrency": "USD",
    "cik": "0000033213",
    "fillingDate": "2019-04-25",
    "acceptedDate": "2019-04-25 16:16:47",
    "calendarYear": "2019",
    "period": "Q1",
    "revenue": 1275169000,
    "costOfRevenue": 444863000,
    "grossProfit": 830306000,
    "grossProfitRatio": 0.651134085,
    "researchAndDevelopmentExpenses": 0,
    "generalAndAdministrativeExpenses": 0,
    "sellingAndMarketingExpenses": 0,
    "sellingGeneralAndAdministrativeExpenses": 48978000,
    "otherExpenses": 605872000,
    "operatingExpenses": 654850000,
    "costAndExpenses": 1099713000,
    "interestIncome": 0,
    "interestExpense": 56573000,
    "depreciationAndAmortization": 406079000,
    "ebitda": 691577000,
    "ebitdaratio": 0.5423414465,
    "operatingIncome": 175456000,
    "operatingIncomeRatio": 0.137594311,
    "totalOtherIncomeExpensesNet": 53469000,
    "incomeBeforeTax": 228925000,
    "incomeBeforeTaxRatio": 0.1795252237,
    "incomeTaxExpense": 38234000,
    "netIncome": 190691000,
    "netIncomeRatio": 0.149541747,
    "eps": 0.75,
    "epsdiluted": 0.75,
    "weightedAverageShsOut": 254879000,
    "weightedAverageShsOutDil": 255226000,
    "link": "https://www.sec.gov/Archives/edgar/data/33213/000003321319000014/0000033213-19-000014-index.htm",
    "finalLink": "https://www.sec.gov/Archives/edgar/data/33213/000003321319000014/eqt331201910q.htm"
  },
  {
    "date": "2018-12-31",
    "symbol": "EQT",
    "reportedCurrency": "USD",
    "cik": "0000033213",
    "fillingDate": "2019-04-29",
    "acceptedDate": "2019-04-29 17:12:31",
    "calendarYear": "2018",
    "period": "Q4",
    "revenue": 1429349000,
    "costOfRevenue": 303648000,
    "grossProfit": 791307000,
    "grossProfitRatio": 0.5536135681,
    "researchAndDevelopmentExpenses": 0,
    "generalAndAdministrativeExpenses": 0,
    "sellingAndMarketingExpenses": 0,
    "sellingGeneralAndAdministrativeExpenses": 88392000,
    "otherExpenses": 1934316000,
    "operatingExpenses": 2022708000,
    "costAndExpenses": 2326356000,
    "interestIncome": 0,
    "interestExpense": 0,
    "depreciationAndAmortization": 454052000,
    "ebitda": -885790000,
    "ebitdaratio": -0.6197156888,
    "operatingIncome": -1231401000,
    "operatingIncomeRatio": -0.8615117791,
    "totalOtherIncomeExpensesNet": -97340000,
    "incomeBeforeTax": -1328741000,
    "incomeBeforeTaxRatio": -0.9296127118,
    "incomeTaxExpense": -193006000,
    "netIncome": -636687000,
    "netIncomeRatio": -0.4454384479,
    "eps": -2.5,
    "epsdiluted": -2.5,
    "weightedAverageShsOut": 254642000,
    "weightedAverageShsOutDil": 254642000,
    "link": "https://www.sec.gov/Archives/edgar/data/33213/000110465919024617/0001104659-19-024617-index.htm",
    "finalLink": "https://www.sec.gov/Archives/edgar/data/33213/000110465919024617/a19-8685_110ka.htm"
  },
  {
    "date": "2018-09-30",
    "symbol": "EQT",
    "reportedCurrency": "USD",
    "cik": "0000033213",
    "fillingDate": "2018-10-25",
    "acceptedDate": "2018-10-25 16:38:19",
    "calendarYear": "2018",
    "period": "Q3",
    "revenue": 1161945000,
    "costOfRevenue": 441091000,
    "grossProfit": 612030000,
    "grossProfitRatio": 0.5267288899,
    "researchAndDevelopmentExpenses": 0,
    "generalAndAdministrativeExpenses": 0,
    "sellingAndMarketingExpenses": 0,
    "sellingGeneralAndAdministrativeExpenses": 51816000,
    "otherExpenses": 707665000,
    "operatingExpenses": 759481000,
    "costAndExpenses": 1200572000,
    "interestIncome": 0,
    "interestExpense": 56180000,
    "depreciationAndAmortization": 438270000,
    "ebitda": 295142000,
    "ebitdaratio": 0.2540068592,
    "operatingIncome": -147451000,
    "operatingIncomeRatio": -0.1269001545,
    "totalOtherIncomeExpensesNet": -51857000,
    "incomeBeforeTax": -199308000,
    "incomeBeforeTaxRatio": -0.1715296335,
    "incomeTaxExpense": -71961000,
    "netIncome": -39693000,
    "netIncomeRatio": -0.0341608252,
    "eps": -0.15,
    "epsdiluted": -0.15,
    "weightedAverageShsOut": 259560000,
    "weightedAverageShsOutDil": 259560000,
    "link": "https://www.sec.gov/Archives/edgar/data/33213/000003321318000014/0000033213-18-000014-index.htm",
    "finalLink": "https://www.sec.gov/Archives/edgar/data/33213/000003321318000014/eqt930201810q.htm"
  },
  {
    "date": "2018-06-30",
    "symbol": "EQT",
    "reportedCurrency": "USD",
    "cik": "0000033213",
    "fillingDate": "2018-07-26",
    "acceptedDate": "2018-07-26 16:22:50",
    "calendarYear": "2018",
    "period": "Q2",
    "revenue": 1108568000,
    "costOfRevenue": 429914000,
    "grossProfit": 574631000,
    "grossProfitRatio": 0.5183543093,
    "researchAndDevelopmentExpenses": 0,
    "generalAndAdministrativeExpenses": 0,
    "sellingAndMarketingExpenses": 0,
    "sellingGeneralAndAdministrativeExpenses": 62959000,
    "otherExpenses": 626322000,
    "operatingExpenses": 689281000,
    "costAndExpenses": 1119195000,
    "interestIncome": 0,
    "interestExpense": 57120000,
    "depreciationAndAmortization": 422678000,
    "ebitda": 307898000,
    "ebitdaratio": 0.2777439002,
    "operatingIncome": -114650000,
    "operatingIncomeRatio": -0.1034217116,
    "totalOtherIncomeExpensesNet": -57250000,
    "incomeBeforeTax": -171900000,
    "incomeBeforeTaxRatio": -0.1550649126,
    "incomeTaxExpense": -94922000,
    "netIncome": 17806000,
    "netIncomeRatio": 0.0160621631,
    "eps": 0.07,
    "epsdiluted": 0.07,
    "weightedAverageShsOut": 265030000,
    "weightedAverageShsOutDil": 265154000,
    "link": "https://www.sec.gov/Archives/edgar/data/33213/000003321318000011/0000033213-18-000011-index.htm",
    "finalLink": "https://www.sec.gov/Archives/edgar/data/33213/000003321318000011/eqt630201810q.htm"
  },
  {
    "date": "2018-03-31",
    "symbol": "EQT",
    "reportedCurrency": "USD",
    "cik": "0000033213",
    "fillingDate": "2018-04-26",
    "acceptedDate": "2018-04-26 16:19:47",
    "calendarYear": "2018",
    "period": "Q1",
    "revenue": 1370991000,
    "costOfRevenue": 461669000,
    "grossProfit": 787775000,
    "grossProfitRatio": 0.574602605,
    "researchAndDevelopmentExpenses": 0,
    "generalAndAdministrativeExpenses": 0,
    "sellingAndMarketingExpenses": 0,
    "sellingGeneralAndAdministrativeExpenses": 39815000,
    "otherExpenses": 2698292000,
    "operatingExpenses": 2738107000,
    "costAndExpenses": 3199776000,
    "interestIncome": 0,
    "interestExpense": 57911000,
    "depreciationAndAmortization": 458621000,
    "ebitda": -1491841000,
    "ebitdaratio": -1.0881479164,
    "operatingIncome": -1950332000,
    "operatingIncomeRatio": -1.4225709724,
    "totalOtherIncomeExpensesNet": -58041000,
    "incomeBeforeTax": -2008373000,
    "incomeBeforeTaxRatio": -1.4649060424,
    "incomeTaxExpense": -429840000,
    "netIncome": -1585994000,
    "netIncomeRatio": -1.1568230572,
    "eps": -5.99,
    "epsdiluted": -5.99,
    "weightedAverageShsOut": 264854530,
    "weightedAverageShsOutDil": 264877000,
    "link": "https://www.sec.gov/Archives/edgar/data/33213/000003321318000006/0000033213-18-000006-index.htm",
    "finalLink": "https://www.sec.gov/Archives/edgar/data/33213/000003321318000006/eqt331201810q.htm"
  },
  {
    "date": "2017-12-31",
    "symbol": "EQT",
    "reportedCurrency": "USD",
    "cik": "0000033213",
    "fillingDate": "2018-02-15",
    "acceptedDate": "2018-02-15 16:22:51",
    "calendarYear": "2017",
    "period": "Q4",
    "revenue": 961958000,
    "costOfRevenue": 422129000,
    "grossProfit": 539829000,
    "grossProfitRatio": 0.5611773071,
    "researchAndDevelopmentExpenses": 0,
    "generalAndAdministrativeExpenses": 0,
    "sellingAndMarketingExpenses": 0,
    "sellingGeneralAndAdministrativeExpenses": 56427000,
    "otherExpenses": 268553000,
    "operatingExpenses": 324980000,
    "costAndExpenses": 747109000,
    "interestIncome": 0,
    "interestExpense": 65662000,
    "depreciationAndAmortization": 369204000,
    "ebitda": 579489000,
    "ebitdaratio": 0.6024057183,
    "operatingIncome": 214849000,
    "operatingIncomeRatio": 0.2233455099,
    "totalOtherIncomeExpensesNet": -70226000,
    "incomeBeforeTax": 144623000,
    "incomeBeforeTaxRatio": 0.1503423226,
    "incomeTaxExpense": -1234712000,
    "netIncome": 1280071000,
    "netIncomeRatio": 1.3306932319,
    "eps": 5.85,
    "epsdiluted": 5.83,
    "weightedAverageShsOut": 218937000,
    "weightedAverageShsOutDil": 219712000,
    "link": "https://www.sec.gov/Archives/edgar/data/33213/000003321318000003/0000033213-18-000003-index.htm",
    "finalLink": "https://www.sec.gov/Archives/edgar/data/33213/000003321318000003/eqt-12312017x10k.htm"
  },
  {
    "date": "2017-09-30",
    "symbol": "EQT",
    "reportedCurrency": "USD",
    "cik": "0000033213",
    "fillingDate": "2017-10-26",
    "acceptedDate": "2017-10-26 16:18:03",
    "calendarYear": "2017",
    "period": "Q3",
    "revenue": 624688000,
    "costOfRevenue": 286073000,
    "grossProfit": 337715000,
    "grossProfitRatio": 0.5406138744,
    "researchAndDevelopmentExpenses": 0,
    "generalAndAdministrativeExpenses": 0,
    "sellingAndMarketingExpenses": 0,
    "sellingGeneralAndAdministrativeExpenses": 66263000,
    "otherExpenses": 133425000,
    "operatingExpenses": 199688000,
    "costAndExpenses": 485761000,
    "interestIncome": 0,
    "interestExpense": 50377000,
    "depreciationAndAmortization": 246560000,
    "ebitda": 391113000,
    "ebitdaratio": 0.6260933458,
    "operatingIncome": 138027000,
    "operatingIncomeRatio": 0.2209535,
    "totalOtherIncomeExpensesNet": -43851000,
    "incomeBeforeTax": 94176000,
    "incomeBeforeTaxRatio": 0.1507568578,
    "incomeTaxExpense": -11281000,
    "netIncome": 23340000,
    "netIncomeRatio": 0.0373626514,
    "eps": 0.13,
    "epsdiluted": 0.13,
    "weightedAverageShsOut": 173476000,
    "weightedAverageShsOutDil": 173675000,
    "link": "https://www.sec.gov/Archives/edgar/data/33213/000003321317000012/0000033213-17-000012-index.htm",
    "finalLink": "https://www.sec.gov/Archives/edgar/data/33213/000003321317000012/eqt930201710q.htm"
  },
  {
    "date": "2017-06-30",
    "symbol": "EQT",
    "reportedCurrency": "USD",
    "cik": "0000033213",
    "fillingDate": "2017-07-27",
    "acceptedDate": "2017-07-27 17:01:15",
    "calendarYear": "2017",
    "period": "Q2",
    "revenue": 644567000,
    "costOfRevenue": 285093000,
    "grossProfit": 357323000,
    "grossProfitRatio": 0.5543612999,
    "researchAndDevelopmentExpenses": 0,
    "generalAndAdministrativeExpenses": 0,
    "sellingAndMarketingExpenses": 0,
    "sellingGeneralAndAdministrativeExpenses": 52670000,
    "otherExpenses": 114526000,
    "operatingExpenses": 167196000,
    "costAndExpenses": 452289000,
    "interestIncome": 0,
    "interestExpense": 44078000,
    "depreciationAndAmortization": 240817000,
    "ebitda": 437249000,
    "ebitdaratio": 0.6783608221,
    "operatingIncome": 190127000,
    "operatingIncomeRatio": 0.2949685603,
    "totalOtherIncomeExpensesNet": -37773000,
    "incomeBeforeTax": 152354000,
    "incomeBeforeTaxRatio": 0.2363664289,
    "incomeTaxExpense": 29709000,
    "netIncome": 41126000,
    "netIncomeRatio": 0.0638040731,
    "eps": 0.24,
    "epsdiluted": 0.24,
    "weightedAverageShsOut": 173462000,
    "weightedAverageShsOutDil": 173582000,
    "link": "https://www.sec.gov/Archives/edgar/data/33213/000003321317000009/0000033213-17-000009-index.htm",
    "finalLink": "https://www.sec.gov/Archives/edgar/data/33213/000003321317000009/eqt630201710q.htm"
  },
  {
    "date": "2017-03-31",
    "symbol": "EQT",
    "reportedCurrency": "USD",
    "cik": "0000033213",
    "fillingDate": "2017-04-27",
    "acceptedDate": "2017-04-27 16:19:44",
    "calendarYear": "2017",
    "period": "Q1",
    "revenue": 756781000,
    "costOfRevenue": 277590000,
    "grossProfit": 475837000,
    "grossProfitRatio": 0.6287644642,
    "researchAndDevelopmentExpenses": 0,
    "generalAndAdministrativeExpenses": 0,
    "sellingAndMarketingExpenses": 0,
    "sellingGeneralAndAdministrativeExpenses": 71957000,
    "otherExpenses": 12903000,
    "operatingExpenses": 84860000,
    "costAndExpenses": 362450000,
    "interestIncome": 0,
    "interestExpense": 42655000,
    "depreciationAndAmortization": 231918000,
    "ebitda": 625943000,
    "ebitdaratio": 0.8271124671,
    "operatingIncome": 390977000,
    "operatingIncomeRatio": 0.5166316279,
    "totalOtherIncomeExpensesNet": -39607000,
    "incomeBeforeTax": 351370000,
    "incomeBeforeTaxRatio": 0.4642954831,
    "incomeTaxExpense": 100665000,
    "netIncome": 163992000,
    "netIncomeRatio": 0.2166967722,
    "eps": 0.95,
    "epsdiluted": 0.95,
    "weightedAverageShsOut": 173213000,
    "weightedAverageShsOutDil": 173511000,
    "link": "https://www.sec.gov/Archives/edgar/data/33213/000003321317000006/0000033213-17-000006-index.htm",
    "finalLink": "https://www.sec.gov/Archives/edgar/data/33213/000003321317000006/eqt331201710q.htm"
  },
  {
    "date": "2016-12-31",
    "symbol": "EQT",
    "reportedCurrency": "USD",
    "cik": "0000033213",
    "fillingDate": "2017-02-09",
    "acceptedDate": "2017-02-09 16:19:42",
    "calendarYear": "2016",
    "period": "Q4",
    "revenue": 595671000,
    "costOfRevenue": 333800000,
    "grossProfit": 261871000,
    "grossProfitRatio": 0.4396235506,
    "researchAndDevelopmentExpenses": 0,
    "generalAndAdministrativeExpenses": 0,
    "sellingAndMarketingExpenses": 0,
    "sellingGeneralAndAdministrativeExpenses": 76122000,
    "otherExpenses": 375215000,
    "operatingExpenses": 451337000,
    "costAndExpenses": 785137000,
    "interestIncome": 0,
    "interestExpense": 39451000,
    "depreciationAndAmortization": 244972000,
    "ebitda": 64000000,
    "ebitdaratio": 0.1074418597,
    "operatingIncome": -189466000,
    "operatingIncomeRatio": -0.3180715529,
    "totalOtherIncomeExpensesNet": -30957000,
    "incomeBeforeTax": -220423000,
    "incomeBeforeTaxRatio": -0.3700415162,
    "incomeTaxExpense": -111638000,
    "netIncome": -191958000,
    "netIncomeRatio": -0.3222550703,
    "eps": -1.11,
    "epsdiluted": -1.11,
    "weightedAverageShsOut": 172906000,
    "weightedAverageShsOutDil": 172906000,
    "link": "https://www.sec.gov/Archives/edgar/data/33213/000003321317000003/0000033213-17-000003-index.htm",
    "finalLink": "https://www.sec.gov/Archives/edgar/data/33213/000003321317000003/eqt-12312016x10k.htm"
  },
  {
    "date": "2016-09-30",
    "symbol": "EQT",
    "reportedCurrency": "USD",
    "cik": "0000033213",
    "fillingDate": "2016-10-27",
    "acceptedDate": "2016-10-27 16:17:33",
    "calendarYear": "2016",
    "period": "Q3",
    "revenue": 463370000,
    "costOfRevenue": 276087000,
    "grossProfit": 187283000,
    "grossProfitRatio": 0.4041759285,
    "researchAndDevelopmentExpenses": 0,
    "generalAndAdministrativeExpenses": 0,
    "sellingAndMarketingExpenses": 0,
    "sellingGeneralAndAdministrativeExpenses": 61430000,
    "otherExpenses": 17396000,
    "operatingExpenses": 78826000,
    "costAndExpenses": 354913000,
    "interestIncome": 0,
    "interestExpense": 35984000,
    "depreciationAndAmortization": 237088000,
    "ebitda": 356260000,
    "ebitdaratio": 0.7688456309,
    "operatingIncome": 108457000,
    "operatingIncomeRatio": 0.2340613333,
    "totalOtherIncomeExpensesNet": -25269000,
    "incomeBeforeTax": 83188000,
    "incomeBeforeTaxRatio": 0.1795282388,
    "incomeTaxExpense": 13084000,
    "netIncome": -8016000,
    "netIncomeRatio": -0.0172993504,
    "eps": -0.0464,
    "epsdiluted": -0.0464,
    "weightedAverageShsOut": 172867000,
    "weightedAverageShsOutDil": 172867000,
    "link": "https://www.sec.gov/Archives/edgar/data/33213/000003321316000029/0000033213-16-000029-index.htm",
    "finalLink": "https://www.sec.gov/Archives/edgar/data/33213/000003321316000029/eqt930201610q.htm"
  },
  {
    "date": "2016-06-30",
    "symbol": "EQT",
    "reportedCurrency": "USD",
    "cik": "0000033213",
    "fillingDate": "2016-07-28",
    "acceptedDate": "2016-07-28 16:19:12",
    "calendarYear": "2016",
    "period": "Q2",
    "revenue": 362224000,
    "costOfRevenue": 270520000,
    "grossProfit": 91704000,
    "grossProfitRatio": 0.2531693096,
    "researchAndDevelopmentExpenses": 0,
    "generalAndAdministrativeExpenses": 0,
    "sellingAndMarketingExpenses": 0,
    "sellingGeneralAndAdministrativeExpenses": 77352000,
    "otherExpenses": 338844000,
    "operatingExpenses": 416196000,
    "costAndExpenses": 686716000,
    "interestIncome": 0,
    "interestExpense": 36305000,
    "depreciationAndAmortization": 224629000,
    "ebitda": -92219000,
    "ebitdaratio": -0.2545910818,
    "operatingIncome": -324492000,
    "operatingIncomeRatio": -0.8958324131,
    "totalOtherIncomeExpensesNet": -28661000,
    "incomeBeforeTax": -353153000,
    "incomeBeforeTaxRatio": -0.9749574849,
    "incomeTaxExpense": -172346000,
    "netIncome": -258645000,
    "netIncomeRatio": -0.714047109,
    "eps": -1.55,
    "epsdiluted": -1.55,
    "weightedAverageShsOut": 166801000,
    "weightedAverageShsOutDil": 166801000,
    "link": "https://www.sec.gov/Archives/edgar/data/33213/000003321316000026/0000033213-16-000026-index.htm",
    "finalLink": "https://www.sec.gov/Archives/edgar/data/33213/000003321316000026/eqt630201610q.htm"
  },
  {
    "date": "2016-03-31",
    "symbol": "EQT",
    "reportedCurrency": "USD",
    "cik": "0000033213",
    "fillingDate": "2016-05-09",
    "acceptedDate": "2016-05-09 16:15:46",
    "calendarYear": "2016",
    "period": "Q1",
    "revenue": 436074000,
    "costOfRevenue": 262433000,
    "grossProfit": 173641000,
    "grossProfitRatio": 0.3981915913,
    "researchAndDevelopmentExpenses": 0,
    "generalAndAdministrativeExpenses": 0,
    "sellingAndMarketingExpenses": 0,
    "sellingGeneralAndAdministrativeExpenses": 57983000,
    "otherExpenses": -11543000,
    "operatingExpenses": 46440000,
    "costAndExpenses": 308873000,
    "interestIncome": 0,
    "interestExpense": 36180000,
    "depreciationAndAmortization": 221231000,
    "ebitda": 353272000,
    "ebitdaratio": 0.8101193834,
    "operatingIncome": 127201000,
    "operatingIncomeRatio": 0.2916959048,
    "totalOtherIncomeExpensesNet": -31340000,
    "incomeBeforeTax": 95861000,
    "incomeBeforeTaxRatio": 0.2198273687,
    "incomeTaxExpense": 7436000,
    "netIncome": 5636000,
    "netIncomeRatio": 0.0129244119,
    "eps": 0.036,
    "epsdiluted": 0.0359,
    "weightedAverageShsOut": 156720000,
    "weightedAverageShsOutDil": 157195000,
    "link": "https://www.sec.gov/Archives/edgar/data/33213/000110465916119220/0001104659-16-119220-index.htm",
    "finalLink": "https://www.sec.gov/Archives/edgar/data/33213/000110465916119220/a16-10681_110qa.htm"
  },
  {
    "date": "2015-12-31",
    "symbol": "EQT",
    "reportedCurrency": "USD",
    "cik": "0000033213",
    "fillingDate": "2016-02-11",
    "acceptedDate": "2016-02-11 16:33:15",
    "calendarYear": "2015",
    "period": "Q4",
    "revenue": 424732000,
    "costOfRevenue": 247737000,
    "grossProfit": 196415000,
    "grossProfitRatio": 0.4624445533,
    "researchAndDevelopmentExpenses": 0,
    "generalAndAdministrativeExpenses": 0,
    "sellingAndMarketingExpenses": 0,
    "sellingGeneralAndAdministrativeExpenses": 56510000,
    "otherExpenses": 94614000,
    "operatingExpenses": 151124000,
    "costAndExpenses": 398861000,
    "interestIncome": 0,
    "interestExpense": 35935000,
    "depreciationAndAmortization": 219425000,
    "ebitda": 268380000,
    "ebitdaratio": 0.6318808095,
    "operatingIncome": 45291000,
    "operatingIncomeRatio": 0.1066343012,
    "totalOtherIncomeExpensesNet": -32271000,
    "incomeBeforeTax": 13020000,
    "incomeBeforeTaxRatio": 0.0306546246,
    "incomeTaxExpense": 76282000,
    "netIncome": -134579000,
    "netIncomeRatio": -0.3168562764,
    "eps": -0.88,
    "epsdiluted": -0.88,
    "weightedAverageShsOut": 152633000,
    "weightedAverageShsOutDil": 153421000,
    "link": "https://www.sec.gov/Archives/edgar/data/33213/000003321316000018/0000033213-16-000018-index.htm",
    "finalLink": "https://www.sec.gov/Archives/edgar/data/33213/000003321316000018/eqt-12312015x10k.htm"
  },
  {
    "date": "2015-09-30",
    "symbol": "EQT",
    "reportedCurrency": "USD",
    "cik": "0000033213",
    "fillingDate": "2015-10-22",
    "acceptedDate": "2015-10-22 16:23:10",
    "calendarYear": "2015",
    "period": "Q3",
    "revenue": 415752000,
    "costOfRevenue": 240732000,
    "grossProfit": 181983000,
    "grossProfitRatio": 0.4377200831,
    "researchAndDevelopmentExpenses": 0,
    "generalAndAdministrativeExpenses": 0,
    "sellingAndMarketingExpenses": 0,
    "sellingGeneralAndAdministrativeExpenses": 60633000,
    "otherExpenses": -48705000,
    "operatingExpenses": 11928000,
    "costAndExpenses": 252660000,
    "interestIncome": 0,
    "interestExpense": 36547000,
    "depreciationAndAmortization": 208227000,
    "ebitda": 380943000,
    "ebitdaratio": 0.916274606,
    "operatingIncome": 170055000,
    "operatingIncomeRatio": 0.4090299024,
    "totalOtherIncomeExpensesNet": -33886000,
    "incomeBeforeTax": 136169000,
    "incomeBeforeTaxRatio": 0.327524582,
    "incomeTaxExpense": 35936000,
    "netIncome": 40787000,
    "netIncomeRatio": 0.0981041582,
    "eps": 0.27,
    "epsdiluted": 0.27,
    "weightedAverageShsOut": 152551000,
    "weightedAverageShsOutDil": 152854000,
    "link": "https://www.sec.gov/Archives/edgar/data/33213/000003321315000014/0000033213-15-000014-index.htm",
    "finalLink": "https://www.sec.gov/Archives/edgar/data/33213/000003321315000014/eqt930201510q.htm"
  },
  {
    "date": "2015-06-30",
    "symbol": "EQT",
    "reportedCurrency": "USD",
    "cik": "0000033213",
    "fillingDate": "2015-07-23",
    "acceptedDate": "2015-07-23 16:07:53",
    "calendarYear": "2015",
    "period": "Q2",
    "revenue": 428915000,
    "costOfRevenue": 228311000,
    "grossProfit": 207018000,
    "grossProfitRatio": 0.4826550715,
    "researchAndDevelopmentExpenses": 0,
    "generalAndAdministrativeExpenses": 0,
    "sellingAndMarketingExpenses": 0,
    "sellingGeneralAndAdministrativeExpenses": 65404000,
    "otherExpenses": 108580000,
    "operatingExpenses": 173984000,
    "costAndExpenses": 402295000,
    "interestIncome": 0,
    "interestExpense": 36833000,
    "depreciationAndAmortization": 196819000,
    "ebitda": 232542000,
    "ebitdaratio": 0.5421633657,
    "operatingIncome": 33034000,
    "operatingIncomeRatio": 0.0770175909,
    "totalOtherIncomeExpensesNet": -34144000,
    "incomeBeforeTax": -1110000,
    "incomeBeforeTaxRatio": -0.0025879253,
    "incomeTaxExpense": -64857000,
    "netIncome": 5536000,
    "netIncomeRatio": 0.0129069862,
    "eps": 0.04,
    "epsdiluted": 0.04,
    "weightedAverageShsOut": 152454000,
    "weightedAverageShsOutDil": 152877000,
    "link": "https://www.sec.gov/Archives/edgar/data/33213/000003321315000011/0000033213-15-000011-index.htm",
    "finalLink": "https://www.sec.gov/Archives/edgar/data/33213/000003321315000011/eqt630201510q.htm"
  },
  {
    "date": "2015-03-31",
    "symbol": "EQT",
    "reportedCurrency": "USD",
    "cik": "0000033213",
    "fillingDate": "2015-04-23",
    "acceptedDate": "2015-04-23 16:03:54",
    "calendarYear": "2015",
    "period": "Q1",
    "revenue": 665181000,
    "costOfRevenue": 226101000,
    "grossProfit": 445122000,
    "grossProfitRatio": 0.6691742548,
    "researchAndDevelopmentExpenses": 0,
    "generalAndAdministrativeExpenses": 0,
    "sellingAndMarketingExpenses": 0,
    "sellingGeneralAndAdministrativeExpenses": 63126000,
    "otherExpenses": 67237000,
    "operatingExpenses": 130363000,
    "costAndExpenses": 356464000,
    "interestIncome": 0,
    "interestExpense": 37216000,
    "depreciationAndAmortization": 194745000,
    "ebitda": 510443000,
    "ebitdaratio": 0.7673745943,
    "operatingIncome": 314759000,
    "operatingIncomeRatio": 0.4731930106,
    "totalOtherIncomeExpensesNet": -36277000,
    "incomeBeforeTax": 278482000,
    "incomeBeforeTaxRatio": 0.4186559748,
    "incomeTaxExpense": 57314000,
    "netIncome": 173427000,
    "netIncomeRatio": 0.2607215179,
    "eps": 1.14,
    "epsdiluted": 1.14,
    "weightedAverageShsOut": 152036000,
    "weightedAverageShsOutDil": 152756000,
    "link": "https://www.sec.gov/Archives/edgar/data/33213/000003321315000008/0000033213-15-000008-index.htm",
    "finalLink": "https://www.sec.gov/Archives/edgar/data/33213/000003321315000008/eqt331201510q.htm"
  },
  {
    "date": "2014-12-31",
    "symbol": "EQT",
    "reportedCurrency": "USD",
    "cik": "0000033213",
    "fillingDate": "2015-02-12",
    "acceptedDate": "2015-02-12 16:02:14",
    "calendarYear": "2014",
    "period": "Q4",
    "revenue": 703194000,
    "costOfRevenue": 230216000,
    "grossProfit": 472978000,
    "grossProfitRatio": 0.6726138164,
    "researchAndDevelopmentExpenses": 0,
    "generalAndAdministrativeExpenses": 0,
    "sellingAndMarketingExpenses": 0,
    "sellingGeneralAndAdministrativeExpenses": 68752000,
    "otherExpenses": 363896000,
    "operatingExpenses": 432648000,
    "costAndExpenses": 662864000,
    "interestIncome": 0,
    "interestExpense": 36979000,
    "depreciationAndAmortization": 194390000,
    "ebitda": 235439000,
    "ebitdaratio": 0.3348137214,
    "operatingIncome": 40330000,
    "operatingIncomeRatio": 0.057352594,
    "totalOtherIncomeExpensesNet": -36260000,
    "incomeBeforeTax": 4070000,
    "incomeBeforeTaxRatio": 0.0057878765,
    "incomeTaxExpense": -25828000,
    "netIncome": -14704000,
    "netIncomeRatio": -0.0209103036,
    "eps": -0.097,
    "epsdiluted": -0.0963,
    "weightedAverageShsOut": 151605000,
    "weightedAverageShsOutDil": 152633000,
    "link": "https://www.sec.gov/Archives/edgar/data/33213/000003321315000004/0000033213-15-000004-index.htm",
    "finalLink": "https://www.sec.gov/Archives/edgar/data/33213/000003321315000004/eqt-12312014x10k.htm"
  },
  {
    "date": "2014-09-30",
    "symbol": "EQT",
    "reportedCurrency": "USD",
    "cik": "0000033213",
    "fillingDate": "2014-12-03",
    "acceptedDate": "2014-12-03 16:10:45",
    "calendarYear": "2014",
    "period": "Q3",
    "revenue": 578723000,
    "costOfRevenue": 209418000,
    "grossProfit": 367484000,
    "grossProfitRatio": 0.6349911789,
    "researchAndDevelopmentExpenses": 0,
    "generalAndAdministrativeExpenses": 0,
    "sellingAndMarketingExpenses": 0,
    "sellingGeneralAndAdministrativeExpenses": 57131000,
    "otherExpenses": 78850000,
    "operatingExpenses": 135981000,
    "costAndExpenses": 345399000,
    "interestIncome": 0,
    "interestExpense": 35717000,
    "depreciationAndAmortization": 175578000,
    "ebitda": 408085000,
    "ebitdaratio": 0.7051473676,
    "operatingIncome": 231503000,
    "operatingIncomeRatio": 0.4000238456,
    "totalOtherIncomeExpensesNet": -34713000,
    "incomeBeforeTax": 196790000,
    "incomeBeforeTaxRatio": 0.3400417816,
    "incomeTaxExpense": 64496000,
    "netIncome": 98555000,
    "netIncomeRatio": 0.1702973616,
    "eps": 0.65,
    "epsdiluted": 0.65,
    "weightedAverageShsOut": 151557000,
    "weightedAverageShsOutDil": 152330000,
    "link": "https://www.sec.gov/Archives/edgar/data/33213/000110465914084656/0001104659-14-084656-index.htm",
    "finalLink": "https://www.sec.gov/Archives/edgar/data/33213/000110465914084656/a14-25391_110qa.htm"
  },
  {
    "date": "2014-06-30",
    "symbol": "EQT",
    "reportedCurrency": "USD",
    "cik": "0000033213",
    "fillingDate": "2014-07-24",
    "acceptedDate": "2014-07-24 16:03:39",
    "calendarYear": "2014",
    "period": "Q2",
    "revenue": 526168000,
    "costOfRevenue": 189101000,
    "grossProfit": 345592000,
    "grossProfitRatio": 0.656809232,
    "researchAndDevelopmentExpenses": 0,
    "generalAndAdministrativeExpenses": 0,
    "sellingAndMarketingExpenses": 0,
    "sellingGeneralAndAdministrativeExpenses": 63283000,
    "otherExpenses": 57538000,
    "operatingExpenses": 120821000,
    "costAndExpenses": 309922000,
    "interestIncome": 0,
    "interestExpense": 31873000,
    "depreciationAndAmortization": 157219000,
    "ebitda": 384569000,
    "ebitdaratio": 0.7308863329,
    "operatingIncome": 224771000,
    "operatingIncomeRatio": 0.4271848535,
    "totalOtherIncomeExpensesNet": -29294000,
    "incomeBeforeTax": 195477000,
    "incomeBeforeTaxRatio": 0.3715106202,
    "incomeTaxExpense": 59089000,
    "netIncome": 110921000,
    "netIncomeRatio": 0.2108090952,
    "eps": 0.73,
    "epsdiluted": 0.73,
    "weightedAverageShsOut": 151744000,
    "weightedAverageShsOutDil": 152570000,
    "link": "https://www.sec.gov/Archives/edgar/data/33213/000110465914053274/0001104659-14-053274-index.htm",
    "finalLink": "https://www.sec.gov/Archives/edgar/data/33213/000110465914053274/a14-13884_110q.htm"
  },
  {
    "date": "2014-03-31",
    "symbol": "EQT",
    "reportedCurrency": "USD",
    "cik": "0000033213",
    "fillingDate": "2014-04-24",
    "acceptedDate": "2014-04-24 16:03:23",
    "calendarYear": "2014",
    "period": "Q1",
    "revenue": 661625000,
    "costOfRevenue": 184051000,
    "grossProfit": 486928000,
    "grossProfitRatio": 0.73595768,
    "researchAndDevelopmentExpenses": 0,
    "generalAndAdministrativeExpenses": 0,
    "sellingAndMarketingExpenses": 0,
    "sellingGeneralAndAdministrativeExpenses": 48968000,
    "otherExpenses": 81169000,
    "operatingExpenses": 130137000,
    "costAndExpenses": 314188000,
    "interestIncome": 0,
    "interestExpense": 31968000,
    "depreciationAndAmortization": 152111000,
    "ebitda": 511453000,
    "ebitdaratio": 0.7730255054,
    "operatingIncome": 356791000,
    "operatingIncomeRatio": 0.5392646892,
    "totalOtherIncomeExpensesNet": -29417000,
    "incomeBeforeTax": 327374000,
    "incomeBeforeTaxRatio": 0.4948029473,
    "incomeTaxExpense": 116335000,
    "netIncome": 192193000,
    "netIncomeRatio": 0.2904863027,
    "eps": 1.27,
    "epsdiluted": 1.26,
    "weightedAverageShsOut": 151371000,
    "weightedAverageShsOutDil": 152759000,
    "link": "https://www.sec.gov/Archives/edgar/data/33213/000110465914029892/0001104659-14-029892-index.htm",
    "finalLink": "https://www.sec.gov/Archives/edgar/data/33213/000110465914029892/a14-8418_110q.htm"
  },
  {
    "date": "2013-12-31",
    "symbol": "EQT",
    "reportedCurrency": "USD",
    "cik": "0000033213",
    "fillingDate": "2014-02-20",
    "acceptedDate": "2014-02-20 16:04:10",
    "calendarYear": "2013",
    "period": "Q4",
    "revenue": 493429000,
    "costOfRevenue": 147679000,
    "grossProfit": 128982000,
    "grossProfitRatio": 0.2613993097,
    "researchAndDevelopmentExpenses": 0,
    "generalAndAdministrativeExpenses": 0,
    "sellingAndMarketingExpenses": 0,
    "sellingGeneralAndAdministrativeExpenses": 38477000,
    "otherExpenses": -23621000,
    "operatingExpenses": 14856000,
    "costAndExpenses": 162535000,
    "interestIncome": 0,
    "interestExpense": 31998000,
    "depreciationAndAmortization": 183229000,
    "ebitda": 299751000,
    "ebitdaratio": 0.6074855754,
    "operatingIncome": 114126000,
    "operatingIncomeRatio": 0.2312916347,
    "totalOtherIncomeExpensesNet": -29602000,
    "incomeBeforeTax": 84524000,
    "incomeBeforeTaxRatio": 0.1712992143,
    "incomeTaxExpense": 44561000,
    "netIncome": 115205000,
    "netIncomeRatio": 0.2334783728,
    "eps": 0.76,
    "epsdiluted": 0.75,
    "weightedAverageShsOut": 150772000,
    "weightedAverageShsOutDil": 153017000,
    "link": "https://www.sec.gov/Archives/edgar/data/33213/000110465914011816/0001104659-14-011816-index.htm",
    "finalLink": "https://www.sec.gov/Archives/edgar/data/33213/000110465914011816/a13-25494_110k.htm"
  },
  {
    "date": "2013-09-30",
    "symbol": "EQT",
    "reportedCurrency": "USD",
    "cik": "0000033213",
    "fillingDate": "2013-10-24",
    "acceptedDate": "2013-10-24 16:02:50",
    "calendarYear": "2013",
    "period": "Q3",
    "revenue": 506598000,
    "costOfRevenue": 197549000,
    "grossProfit": 282057000,
    "grossProfitRatio": 0.5567669039,
    "researchAndDevelopmentExpenses": 0,
    "generalAndAdministrativeExpenses": 0,
    "sellingAndMarketingExpenses": 0,
    "sellingGeneralAndAdministrativeExpenses": 48171000,
    "otherExpenses": 66822000,
    "operatingExpenses": 114993000,
    "costAndExpenses": 312542000,
    "interestIncome": 0,
    "interestExpense": 35554000,
    "depreciationAndAmortization": 175648000,
    "ebitda": 345022000,
    "ebitdaratio": 0.6810567748,
    "operatingIncome": 167064000,
    "operatingIncomeRatio": 0.3297762723,
    "totalOtherIncomeExpensesNet": -33244000,
    "incomeBeforeTax": 133820000,
    "incomeBeforeTaxRatio": 0.2641542209,
    "incomeTaxExpense": 33501000,
    "netIncome": 88256000,
    "netIncomeRatio": 0.1742130841,
    "eps": 0.59,
    "epsdiluted": 0.58,
    "weightedAverageShsOut": 150679000,
    "weightedAverageShsOutDil": 151663000,
    "link": "https://www.sec.gov/Archives/edgar/data/33213/000110465913077631/0001104659-13-077631-index.htm",
    "finalLink": "https://www.sec.gov/Archives/edgar/data/33213/000110465913077631/a13-19527_110q.htm"
  },
  {
    "date": "2013-06-30",
    "symbol": "EQT",
    "reportedCurrency": "USD",
    "cik": "0000033213",
    "fillingDate": "2013-07-25",
    "acceptedDate": "2013-07-25 16:03:38",
    "calendarYear": "2013",
    "period": "Q2",
    "revenue": 520092000,
    "costOfRevenue": 190220000,
    "grossProfit": 282873000,
    "grossProfitRatio": 0.5438903117,
    "researchAndDevelopmentExpenses": 0,
    "generalAndAdministrativeExpenses": 0,
    "sellingAndMarketingExpenses": 0,
    "sellingGeneralAndAdministrativeExpenses": 54822000,
    "otherExpenses": 66071000,
    "operatingExpenses": 120893000,
    "costAndExpenses": 311113000,
    "interestIncome": 0,
    "interestExpense": 37384000,
    "depreciationAndAmortization": 168577000,
    "ebitda": 332598000,
    "ebitdaratio": 0.6394983964,
    "operatingIncome": 161980000,
    "operatingIncomeRatio": 0.3114448982,
    "totalOtherIncomeExpensesNet": -35343000,
    "incomeBeforeTax": 126637000,
    "incomeBeforeTaxRatio": 0.2434896134,
    "incomeTaxExpense": 38078000,
    "netIncome": 86856000,
    "netIncomeRatio": 0.1670012229,
    "eps": 0.58,
    "epsdiluted": 0.57,
    "weightedAverageShsOut": 150525000,
    "weightedAverageShsOutDil": 151393000,
    "link": "https://www.sec.gov/Archives/edgar/data/33213/000110465913056665/0001104659-13-056665-index.htm",
    "finalLink": "https://www.sec.gov/Archives/edgar/data/33213/000110465913056665/a13-13602_110q.htm"
  },
  {
    "date": "2013-03-31",
    "symbol": "EQT",
    "reportedCurrency": "USD",
    "cik": "0000033213",
    "fillingDate": "2013-04-25",
    "acceptedDate": "2013-04-25 16:01:35",
    "calendarYear": "2013",
    "period": "Q1",
    "revenue": 558660000,
    "costOfRevenue": 204656000,
    "grossProfit": 211227000,
    "grossProfitRatio": 0.3780958007,
    "researchAndDevelopmentExpenses": 0,
    "generalAndAdministrativeExpenses": 0,
    "sellingAndMarketingExpenses": 0,
    "sellingGeneralAndAdministrativeExpenses": 39785000,
    "otherExpenses": 26963000,
    "operatingExpenses": 66748000,
    "costAndExpenses": 271404000,
    "interestIncome": 0,
    "interestExpense": 37752000,
    "depreciationAndAmortization": 149116000,
    "ebitda": 295876000,
    "ebitdaratio": 0.5296172985,
    "operatingIncome": 144479000,
    "operatingIncomeRatio": 0.2586170479,
    "totalOtherIncomeExpensesNet": -35471000,
    "incomeBeforeTax": 109008000,
    "incomeBeforeTaxRatio": 0.1951240468,
    "incomeTaxExpense": 34768000,
    "netIncome": 100255000,
    "netIncomeRatio": 0.1794561988,
    "eps": 0.67,
    "epsdiluted": 0.66,
    "weightedAverageShsOut": 150327000,
    "weightedAverageShsOutDil": 150949000,
    "link": "https://www.sec.gov/Archives/edgar/data/33213/000110465913032980/0001104659-13-032980-index.htm",
    "finalLink": "https://www.sec.gov/Archives/edgar/data/33213/000110465913032980/a13-7366_110q.htm"
  },
  {
    "date": "2012-12-31",
    "symbol": "EQT",
    "reportedCurrency": "USD",
    "cik": "0000033213",
    "fillingDate": "2013-02-21",
    "acceptedDate": "2013-02-21 16:04:04",
    "calendarYear": "2012",
    "period": "Q4",
    "revenue": 489787000,
    "costOfRevenue": 237938000,
    "grossProfit": 251849000,
    "grossProfitRatio": 0.5142010711,
    "researchAndDevelopmentExpenses": 0,
    "generalAndAdministrativeExpenses": 0,
    "sellingAndMarketingExpenses": 0,
    "sellingGeneralAndAdministrativeExpenses": 58896000,
    "otherExpenses": 42886000,
    "operatingExpenses": 101782000,
    "costAndExpenses": 339720000,
    "interestIncome": 0,
    "interestExpense": 62445000,
    "depreciationAndAmortization": 144301000,
    "ebitda": 297415000,
    "ebitdaratio": 0.6072333484,
    "operatingIncome": 150067000,
    "operatingIncomeRatio": 0.3063923706,
    "totalOtherIncomeExpensesNet": -59398000,
    "incomeBeforeTax": 90669000,
    "incomeBeforeTaxRatio": 0.1851192457,
    "incomeTaxExpense": 34443000,
    "netIncome": 48041000,
    "netIncomeRatio": 0.0980854943,
    "eps": 0.32,
    "epsdiluted": 0.32,
    "weightedAverageShsOut": 149779000,
    "weightedAverageShsOutDil": 150825000,
    "link": "https://www.sec.gov/Archives/edgar/data/33213/000110465913012699/0001104659-13-012699-index.htm",
    "finalLink": "https://www.sec.gov/Archives/edgar/data/33213/000110465913012699/a12-27781_110k.htm"
  },
  {
    "date": "2012-09-30",
    "symbol": "EQT",
    "reportedCurrency": "USD",
    "cik": "0000033213",
    "fillingDate": "2012-10-25",
    "acceptedDate": "2012-10-25 16:04:27",
    "calendarYear": "2012",
    "period": "Q3",
    "revenue": 364057000,
    "costOfRevenue": 189206000,
    "grossProfit": 174851000,
    "grossProfitRatio": 0.4802846807,
    "researchAndDevelopmentExpenses": 0,
    "generalAndAdministrativeExpenses": 0,
    "sellingAndMarketingExpenses": 0,
    "sellingGeneralAndAdministrativeExpenses": 51481000,
    "otherExpenses": 37422000,
    "operatingExpenses": 88903000,
    "costAndExpenses": 278109000,
    "interestIncome": 0,
    "interestExpense": 40460000,
    "depreciationAndAmortization": 131611000,
    "ebitda": 220360000,
    "ebitdaratio": 0.605289831,
    "operatingIncome": 85948000,
    "operatingIncomeRatio": 0.2360839099,
    "totalOtherIncomeExpensesNet": -37659000,
    "incomeBeforeTax": 48289000,
    "incomeBeforeTaxRatio": 0.1326413172,
    "incomeTaxExpense": 11585000,
    "netIncome": 31873000,
    "netIncomeRatio": 0.0875494771,
    "eps": 0.21,
    "epsdiluted": 0.21,
    "weightedAverageShsOut": 149604000,
    "weightedAverageShsOutDil": 150388000,
    "link": "https://www.sec.gov/Archives/edgar/data/33213/000110465912071186/0001104659-12-071186-index.htm",
    "finalLink": "https://www.sec.gov/Archives/edgar/data/33213/000110465912071186/a12-19851_110q.htm"
  },
  {
    "date": "2012-06-30",
    "symbol": "EQT",
    "reportedCurrency": "USD",
    "cik": "0000033213",
    "fillingDate": "2012-07-26",
    "acceptedDate": "2012-07-26 16:03:32",
    "calendarYear": "2012",
    "period": "Q2",
    "revenue": 337804000,
    "costOfRevenue": 177920000,
    "grossProfit": 159884000,
    "grossProfitRatio": 0.4733040461,
    "researchAndDevelopmentExpenses": 0,
    "generalAndAdministrativeExpenses": 0,
    "sellingAndMarketingExpenses": 0,
    "sellingGeneralAndAdministrativeExpenses": 41778000,
    "otherExpenses": 36702000,
    "operatingExpenses": 78480000,
    "costAndExpenses": 256400000,
    "interestIncome": 0,
    "interestExpense": 40629000,
    "depreciationAndAmortization": 115681000,
    "ebitda": 202334000,
    "ebitdaratio": 0.5989686327,
    "operatingIncome": 81404000,
    "operatingIncomeRatio": 0.2409799766,
    "totalOtherIncomeExpensesNet": -35380000,
    "incomeBeforeTax": 46024000,
    "incomeBeforeTaxRatio": 0.1362446863,
    "incomeTaxExpense": 14578000,
    "netIncome": 31446000,
    "netIncomeRatio": 0.0930894838,
    "eps": 0.21,
    "epsdiluted": 0.21,
    "weightedAverageShsOut": 149582000,
    "weightedAverageShsOutDil": 150149000,
    "link": "https://www.sec.gov/Archives/edgar/data/33213/000110465912051449/0001104659-12-051449-index.htm",
    "finalLink": "https://www.sec.gov/Archives/edgar/data/33213/000110465912051449/a12-12799_110q.htm"
  },
  {
    "date": "2012-03-31",
    "symbol": "EQT",
    "reportedCurrency": "USD",
    "cik": "0000033213",
    "fillingDate": "2012-04-26",
    "acceptedDate": "2012-04-26 16:08:08",
    "calendarYear": "2012",
    "period": "Q1",
    "revenue": 449960000,
    "costOfRevenue": 218614000,
    "grossProfit": 231346000,
    "grossProfitRatio": 0.5141479243,
    "researchAndDevelopmentExpenses": 0,
    "generalAndAdministrativeExpenses": 0,
    "sellingAndMarketingExpenses": 0,
    "sellingGeneralAndAdministrativeExpenses": 42942000,
    "otherExpenses": 36218000,
    "operatingExpenses": 79160000,
    "costAndExpenses": 297774000,
    "interestIncome": 0,
    "interestExpense": 41252000,
    "depreciationAndAmortization": 107525000,
    "ebitda": 265502000,
    "ebitdaratio": 0.5900568939,
    "operatingIncome": 152186000,
    "operatingIncomeRatio": 0.3382211752,
    "totalOtherIncomeExpensesNet": -35461000,
    "incomeBeforeTax": 116725000,
    "incomeBeforeTaxRatio": 0.2594119477,
    "incomeTaxExpense": 44690000,
    "netIncome": 72035000,
    "netIncomeRatio": 0.1600920082,
    "eps": 0.48,
    "epsdiluted": 0.48,
    "weightedAverageShsOut": 149494000,
    "weightedAverageShsOutDil": 150216000,
    "link": "https://www.sec.gov/Archives/edgar/data/33213/000110465912029053/0001104659-12-029053-index.htm",
    "finalLink": "https://www.sec.gov/Archives/edgar/data/33213/000110465912029053/a12-8461_110q.htm"
  },
  {
    "date": "2011-12-31",
    "symbol": "EQT",
    "reportedCurrency": "USD",
    "cik": "0000033213",
    "fillingDate": "2012-02-16",
    "acceptedDate": "2012-02-16 16:05:57",
    "calendarYear": "2011",
    "period": "Q4",
    "revenue": 498543000,
    "costOfRevenue": 28739000,
    "grossProfit": 469804000,
    "grossProfitRatio": 0.9423540196,
    "researchAndDevelopmentExpenses": 0,
    "generalAndAdministrativeExpenses": 0,
    "sellingAndMarketingExpenses": 0,
    "sellingGeneralAndAdministrativeExpenses": 47722000,
    "otherExpenses": 249329000,
    "operatingExpenses": 297051000,
    "costAndExpenses": 325790000,
    "interestIncome": 0,
    "interestExpense": 37686000,
    "depreciationAndAmortization": 91670000,
    "ebitda": 270613000,
    "ebitdaratio": 0.5428077418,
    "operatingIncome": 172753000,
    "operatingIncomeRatio": 0.3465157469,
    "totalOtherIncomeExpensesNet": -31496000,
    "incomeBeforeTax": 141257000,
    "incomeBeforeTaxRatio": 0.2833396517,
    "incomeTaxExpense": 50411000,
    "netIncome": 90846000,
    "netIncomeRatio": 0.1822229978,
    "eps": 0.61,
    "epsdiluted": 0.61,
    "weightedAverageShsOut": 149441000,
    "weightedAverageShsOutDil": 149441000,
    "link": "https://www.sec.gov/Archives/edgar/data/33213/000110465912010579/0001104659-12-010579-index.htm",
    "finalLink": "https://www.sec.gov/Archives/edgar/data/33213/000110465912010579/a11-30993_110k.htm"
  },
  {
    "date": "2011-09-30",
    "symbol": "EQT",
    "reportedCurrency": "USD",
    "cik": "0000033213",
    "fillingDate": "2011-10-27",
    "acceptedDate": "2011-10-27 16:17:21",
    "calendarYear": "2011",
    "period": "Q3",
    "revenue": 336720000,
    "costOfRevenue": 146372000,
    "grossProfit": 216272000,
    "grossProfitRatio": 0.6422903302,
    "researchAndDevelopmentExpenses": 0,
    "generalAndAdministrativeExpenses": 0,
    "sellingAndMarketingExpenses": 0,
    "sellingGeneralAndAdministrativeExpenses": 44745000,
    "otherExpenses": -143457000,
    "operatingExpenses": -98712000,
    "costAndExpenses": 47660000,
    "interestIncome": 0,
    "interestExpense": 32503000,
    "depreciationAndAmortization": 87343000,
    "ebitda": 405425000,
    "ebitdaratio": 1.204041934,
    "operatingIncome": 314984000,
    "operatingIncomeRatio": 0.9354478498,
    "totalOtherIncomeExpensesNet": -29405000,
    "incomeBeforeTax": 285579000,
    "incomeBeforeTaxRatio": 0.8481200998,
    "incomeTaxExpense": 106665000,
    "netIncome": 178914000,
    "netIncomeRatio": 0.5313435495,
    "eps": 1.2,
    "epsdiluted": 1.19,
    "weightedAverageShsOut": 149441000,
    "weightedAverageShsOutDil": 150301000,
    "link": "https://www.sec.gov/Archives/edgar/data/33213/000110465911058465/0001104659-11-058465-index.htm",
    "finalLink": "https://www.sec.gov/Archives/edgar/data/33213/000110465911058465/a11-24704_110q.htm"
  },
  {
    "date": "2011-06-30",
    "symbol": "EQT",
    "reportedCurrency": "USD",
    "cik": "0000033213",
    "fillingDate": "2011-07-28",
    "acceptedDate": "2011-07-28 16:02:29",
    "calendarYear": "2011",
    "period": "Q2",
    "revenue": 349000000,
    "costOfRevenue": 141901000,
    "grossProfit": 225890000,
    "grossProfitRatio": 0.6472492837,
    "researchAndDevelopmentExpenses": 0,
    "generalAndAdministrativeExpenses": 0,
    "sellingAndMarketingExpenses": 0,
    "sellingGeneralAndAdministrativeExpenses": 40936000,
    "otherExpenses": 31784000,
    "operatingExpenses": 72720000,
    "costAndExpenses": 214621000,
    "interestIncome": 0,
    "interestExpense": 33287000,
    "depreciationAndAmortization": 81886000,
    "ebitda": 253102000,
    "ebitdaratio": 0.7252206304,
    "operatingIncome": 153170000,
    "operatingIncomeRatio": 0.4388825215,
    "totalOtherIncomeExpensesNet": -15241000,
    "incomeBeforeTax": 137929000,
    "incomeBeforeTaxRatio": 0.3952120344,
    "incomeTaxExpense": 50175000,
    "netIncome": 87754000,
    "netIncomeRatio": 0.2514441261,
    "eps": 0.59,
    "epsdiluted": 0.58,
    "weightedAverageShsOut": 149444000,
    "weightedAverageShsOutDil": 150111000,
    "link": "https://www.sec.gov/Archives/edgar/data/33213/000110465911041495/0001104659-11-041495-index.htm",
    "finalLink": "https://www.sec.gov/Archives/edgar/data/33213/000110465911041495/a11-13903_110q.htm"
  },
  {
    "date": "2011-03-31",
    "symbol": "EQT",
    "reportedCurrency": "USD",
    "cik": "0000033213",
    "fillingDate": "2011-04-28",
    "acceptedDate": "2011-04-28 16:49:38",
    "calendarYear": "2011",
    "period": "Q1",
    "revenue": 455671000,
    "costOfRevenue": 209747000,
    "grossProfit": 262948000,
    "grossProfitRatio": 0.5770566922,
    "researchAndDevelopmentExpenses": 0,
    "generalAndAdministrativeExpenses": 0,
    "sellingAndMarketingExpenses": 0,
    "sellingGeneralAndAdministrativeExpenses": 38891000,
    "otherExpenses": 3645000,
    "operatingExpenses": 42536000,
    "costAndExpenses": 252283000,
    "interestIncome": 0,
    "interestExpense": 32852000,
    "depreciationAndAmortization": 78398000,
    "ebitda": 305614000,
    "ebitdaratio": 0.6706900373,
    "operatingIncome": 220412000,
    "operatingIncomeRatio": 0.4837086407,
    "totalOtherIncomeExpensesNet": -26048000,
    "incomeBeforeTax": 194364000,
    "incomeBeforeTaxRatio": 0.4265445903,
    "incomeTaxExpense": 72109000,
    "netIncome": 122255000,
    "netIncomeRatio": 0.2682966439,
    "eps": 0.82,
    "epsdiluted": 0.82,
    "weightedAverageShsOut": 149271000,
    "weightedAverageShsOutDil": 150002000,
    "link": "https://www.sec.gov/Archives/edgar/data/33213/000110465911023731/0001104659-11-023731-index.htm",
    "finalLink": "https://www.sec.gov/Archives/edgar/data/33213/000110465911023731/a11-9266_110q.htm"
  },
  {
    "date": "2010-12-31",
    "symbol": "EQT",
    "reportedCurrency": "USD",
    "cik": "0000033213",
    "fillingDate": "2011-02-24",
    "acceptedDate": "2011-02-24 16:10:00",
    "calendarYear": "2010",
    "period": "Q4",
    "revenue": 371218000,
    "costOfRevenue": 157639000,
    "grossProfit": 213579000,
    "grossProfitRatio": 0.5753465619,
    "researchAndDevelopmentExpenses": 0,
    "generalAndAdministrativeExpenses": 0,
    "sellingAndMarketingExpenses": 0,
    "sellingGeneralAndAdministrativeExpenses": 37590000,
    "otherExpenses": 41334000,
    "operatingExpenses": 78924000,
    "costAndExpenses": 236563000,
    "interestIncome": 0,
    "interestExpense": 26082000,
    "depreciationAndAmortization": 74641000,
    "ebitda": 213643000,
    "ebitdaratio": 0.5755189673,
    "operatingIncome": 134655000,
    "operatingIncomeRatio": 0.362738337,
    "totalOtherIncomeExpensesNet": -21735000,
    "incomeBeforeTax": 112920000,
    "incomeBeforeTaxRatio": 0.3041878357,
    "incomeTaxExpense": 39807000,
    "netIncome": 73113000,
    "netIncomeRatio": 0.1969543503,
    "eps": 0.49,
    "epsdiluted": 0.49,
    "weightedAverageShsOut": 148688000,
    "weightedAverageShsOutDil": 149133000,
    "link": "https://www.sec.gov/Archives/edgar/data/33213/000110465911009751/0001104659-11-009751-index.htm",
    "finalLink": "https://www.sec.gov/Archives/edgar/data/33213/000110465911009751/a10-24368_110k.htm"
  },
  {
    "date": "2010-09-30",
    "symbol": "EQT",
    "reportedCurrency": "USD",
    "cik": "0000033213",
    "fillingDate": "2010-10-28",
    "acceptedDate": "2010-10-28 16:05:38",
    "calendarYear": "2010",
    "period": "Q3",
    "revenue": 257335000,
    "costOfRevenue": 93396000,
    "grossProfit": 163939000,
    "grossProfitRatio": 0.6370645268,
    "researchAndDevelopmentExpenses": 0,
    "generalAndAdministrativeExpenses": 0,
    "sellingAndMarketingExpenses": 0,
    "sellingGeneralAndAdministrativeExpenses": 34333000,
    "otherExpenses": 41424000,
    "operatingExpenses": 75757000,
    "costAndExpenses": 169153000,
    "interestIncome": 0,
    "interestExpense": 33861000,
    "depreciationAndAmortization": 68548000,
    "ebitda": 159654000,
    "ebitdaratio": 0.6204130802,
    "operatingIncome": 88182000,
    "operatingIncomeRatio": 0.3426739464,
    "totalOtherIncomeExpensesNet": -30937000,
    "incomeBeforeTax": 57245000,
    "incomeBeforeTaxRatio": 0.2224532225,
    "incomeTaxExpense": 20723000,
    "netIncome": 36522000,
    "netIncomeRatio": 0.1419239513,
    "eps": 0.24,
    "epsdiluted": 0.24,
    "weightedAverageShsOut": 149133000,
    "weightedAverageShsOutDil": 149775000,
    "link": "https://www.sec.gov/Archives/edgar/data/33213/000110465910054336/0001104659-10-054336-index.htm",
    "finalLink": "https://www.sec.gov/Archives/edgar/data/33213/000110465910054336/a10-17272_110q.htm"
  },
  {
    "date": "2010-06-30",
    "symbol": "EQT",
    "reportedCurrency": "USD",
    "cik": "0000033213",
    "fillingDate": "2010-07-29",
    "acceptedDate": "2010-07-29 16:36:00",
    "calendarYear": "2010",
    "period": "Q2",
    "revenue": 257515000,
    "costOfRevenue": 97718000,
    "grossProfit": 159797000,
    "grossProfitRatio": 0.6205347261,
    "researchAndDevelopmentExpenses": 0,
    "generalAndAdministrativeExpenses": 0,
    "sellingAndMarketingExpenses": 0,
    "sellingGeneralAndAdministrativeExpenses": 44416000,
    "otherExpenses": 36852000,
    "operatingExpenses": 81268000,
    "costAndExpenses": 178986000,
    "interestIncome": 0,
    "interestExpense": 34080000,
    "depreciationAndAmortization": 65217000,
    "ebitda": 146319000,
    "ebitdaratio": 0.5681960274,
    "operatingIncome": 78529000,
    "operatingIncomeRatio": 0.3049492263,
    "totalOtherIncomeExpensesNet": -31507000,
    "incomeBeforeTax": 47022000,
    "incomeBeforeTaxRatio": 0.1825990719,
    "incomeTaxExpense": 17022000,
    "netIncome": 30000000,
    "netIncomeRatio": 0.1164980681,
    "eps": 0.2,
    "epsdiluted": 0.2,
    "weightedAverageShsOut": 147575000,
    "weightedAverageShsOutDil": 148289000,
    "link": "https://www.sec.gov/Archives/edgar/data/33213/000110465910040530/0001104659-10-040530-index.htm",
    "finalLink": "https://www.sec.gov/Archives/edgar/data/33213/000110465910040530/a10-12608_110q.htm"
  },
  {
    "date": "2010-03-31",
    "symbol": "EQT",
    "reportedCurrency": "USD",
    "cik": "0000033213",
    "fillingDate": "2010-04-28",
    "acceptedDate": "2010-04-28 16:11:02",
    "calendarYear": "2010",
    "period": "Q1",
    "revenue": 436640000,
    "costOfRevenue": 192462000,
    "grossProfit": 244178000,
    "grossProfitRatio": 0.5592204104,
    "researchAndDevelopmentExpenses": 0,
    "generalAndAdministrativeExpenses": 0,
    "sellingAndMarketingExpenses": 0,
    "sellingGeneralAndAdministrativeExpenses": 39212000,
    "otherExpenses": 35853000,
    "operatingExpenses": 75065000,
    "costAndExpenses": 267527000,
    "interestIncome": 0,
    "interestExpense": 34134000,
    "depreciationAndAmortization": 61879000,
    "ebitda": 234046000,
    "ebitdaratio": 0.5360159399,
    "operatingIncome": 169113000,
    "operatingIncomeRatio": 0.3873053316,
    "totalOtherIncomeExpensesNet": -31080000,
    "incomeBeforeTax": 138033000,
    "incomeBeforeTaxRatio": 0.3161254122,
    "incomeTaxExpense": 49968000,
    "netIncome": 88065000,
    "netIncomeRatio": 0.2016878893,
    "eps": 0.66,
    "epsdiluted": 0.65,
    "weightedAverageShsOut": 134084000,
    "weightedAverageShsOutDil": 135009000,
    "link": "https://www.sec.gov/Archives/edgar/data/33213/000110465910022535/0001104659-10-022535-index.htm",
    "finalLink": "https://www.sec.gov/Archives/edgar/data/33213/000110465910022535/a10-5732_110q.htm"
  },
  {
    "date": "2009-12-31",
    "symbol": "EQT",
    "reportedCurrency": "USD",
    "cik": "0000033213",
    "fillingDate": "2010-02-18",
    "acceptedDate": "2010-02-18 16:12:29",
    "calendarYear": "2009",
    "period": "Q4",
    "revenue": 344027000,
    "costOfRevenue": 123757000,
    "grossProfit": 220270000,
    "grossProfitRatio": 0.6402695137,
    "researchAndDevelopmentExpenses": 0,
    "generalAndAdministrativeExpenses": 0,
    "sellingAndMarketingExpenses": 0,
    "sellingGeneralAndAdministrativeExpenses": 51466000,
    "otherExpenses": 55595000,
    "operatingExpenses": 107061000,
    "costAndExpenses": 230818000,
    "interestIncome": 0,
    "interestExpense": 33683000,
    "depreciationAndAmortization": 55595000,
    "ebitda": 170908000,
    "ebitdaratio": 0.4967865894,
    "operatingIncome": 113209000,
    "operatingIncomeRatio": 0.3290701021,
    "totalOtherIncomeExpensesNet": -31579000,
    "incomeBeforeTax": 81630000,
    "incomeBeforeTaxRatio": 0.2372778881,
    "incomeTaxExpense": 26248000,
    "netIncome": 55382000,
    "netIncomeRatio": 0.1609815509,
    "eps": 0.42,
    "epsdiluted": 0.42,
    "weightedAverageShsOut": 130850000,
    "weightedAverageShsOutDil": 130850000,
    "link": "https://www.sec.gov/Archives/edgar/data/33213/000110465910007860/0001104659-10-007860-index.htm",
    "finalLink": "https://www.sec.gov/Archives/edgar/data/33213/000110465910007860/a09-35780_110k.htm"
  },
  {
    "date": "2009-09-30",
    "symbol": "EQT",
    "reportedCurrency": "USD",
    "cik": "0000033213",
    "fillingDate": "2009-10-29",
    "acceptedDate": "2009-10-29 16:33:26",
    "calendarYear": "2009",
    "period": "Q3",
    "revenue": 218357000,
    "costOfRevenue": 78844000,
    "grossProfit": 139513000,
    "grossProfitRatio": 0.6389215825,
    "researchAndDevelopmentExpenses": 0,
    "generalAndAdministrativeExpenses": 0,
    "sellingAndMarketingExpenses": 0,
    "sellingGeneralAndAdministrativeExpenses": 59906000,
    "otherExpenses": 39675000,
    "operatingExpenses": 99581000,
    "costAndExpenses": 178425000,
    "interestIncome": 0,
    "interestExpense": 32393000,
    "depreciationAndAmortization": 49706000,
    "ebitda": 92099000,
    "ebitdaratio": 0.4217817611,
    "operatingIncome": 39932000,
    "operatingIncomeRatio": 0.1828748334,
    "totalOtherIncomeExpensesNet": -29932000,
    "incomeBeforeTax": 10000000,
    "incomeBeforeTaxRatio": 0.0457965625,
    "incomeTaxExpense": 7091000,
    "netIncome": 2909000,
    "netIncomeRatio": 0.01332222,
    "eps": 0.02,
    "epsdiluted": 0.02,
    "weightedAverageShsOut": 130850000,
    "weightedAverageShsOutDil": 131505000,
    "link": "https://www.sec.gov/Archives/edgar/data/33213/000110465909061197/0001104659-09-061197-index.htm",
    "finalLink": "https://www.sec.gov/Archives/edgar/data/33213/000110465909061197/a09-30755_110q.htm"
  },
  {
    "date": "2009-06-30",
    "symbol": "EQT",
    "reportedCurrency": "USD",
    "cik": "0000033213",
    "fillingDate": "2009-07-29",
    "acceptedDate": "2009-07-29 16:17:22",
    "calendarYear": "2009",
    "period": "Q2",
    "revenue": 238040000,
    "costOfRevenue": 95639000,
    "grossProfit": 142401000,
    "grossProfitRatio": 0.5982229877,
    "researchAndDevelopmentExpenses": 0,
    "generalAndAdministrativeExpenses": 0,
    "sellingAndMarketingExpenses": 0,
    "sellingGeneralAndAdministrativeExpenses": 35581000,
    "otherExpenses": 39306000,
    "operatingExpenses": 74887000,
    "costAndExpenses": 170526000,
    "interestIncome": 0,
    "interestExpense": 26460000,
    "depreciationAndAmortization": 46188000,
    "ebitda": 116010000,
    "ebitdaratio": 0.4873550664,
    "operatingIncome": 67514000,
    "operatingIncomeRatio": 0.2836246009,
    "totalOtherIncomeExpensesNet": -24152000,
    "incomeBeforeTax": 43362000,
    "incomeBeforeTaxRatio": 0.1821626617,
    "incomeTaxExpense": 16717000,
    "netIncome": 26645000,
    "netIncomeRatio": 0.1119349689,
    "eps": 0.2,
    "epsdiluted": 0.2,
    "weightedAverageShsOut": 130830000,
    "weightedAverageShsOutDil": 131443000,
    "link": "https://www.sec.gov/Archives/edgar/data/33213/000110465909045570/0001104659-09-045570-index.htm",
    "finalLink": "https://www.sec.gov/Archives/edgar/data/33213/000110465909045570/a09-14232_110q.htm"
  },
  {
    "date": "2009-03-31",
    "symbol": "EQT",
    "reportedCurrency": "USD",
    "cik": "0000033213",
    "fillingDate": "2009-04-30",
    "acceptedDate": "2009-04-30 16:09:05",
    "calendarYear": "2009",
    "period": "Q1",
    "revenue": 469403000,
    "costOfRevenue": 268616000,
    "grossProfit": 200787000,
    "grossProfitRatio": 0.4277497161,
    "researchAndDevelopmentExpenses": 0,
    "generalAndAdministrativeExpenses": 0,
    "sellingAndMarketingExpenses": 0,
    "sellingGeneralAndAdministrativeExpenses": 29750000,
    "otherExpenses": 34901000,
    "operatingExpenses": 64651000,
    "costAndExpenses": 333267000,
    "interestIncome": 0,
    "interestExpense": 19243000,
    "depreciationAndAmortization": 44589000,
    "ebitda": 182437000,
    "ebitdaratio": 0.3886575075,
    "operatingIncome": 136136000,
    "operatingIncomeRatio": 0.2900194502,
    "totalOtherIncomeExpensesNet": -17531000,
    "incomeBeforeTax": 118605000,
    "incomeBeforeTaxRatio": 0.252672011,
    "incomeTaxExpense": 46612000,
    "netIncome": 71993000,
    "netIncomeRatio": 0.1533714101,
    "eps": 0.55,
    "epsdiluted": 0.55,
    "weightedAverageShsOut": 130743000,
    "weightedAverageShsOutDil": 131400000,
    "link": "https://www.sec.gov/Archives/edgar/data/33213/000110465909027712/0001104659-09-027712-index.htm",
    "finalLink": "https://www.sec.gov/Archives/edgar/data/33213/000110465909027712/a09-10903_110q.htm"
  },
  {
    "date": "2008-12-31",
    "symbol": "EQT",
    "reportedCurrency": "USD",
    "cik": "0000033213",
    "fillingDate": "2009-02-20",
    "acceptedDate": "2009-02-20 08:15:49",
    "calendarYear": "2008",
    "period": "Q4",
    "revenue": 408878000,
    "costOfRevenue": 242723000,
    "grossProfit": 384789000,
    "grossProfitRatio": 0.9410851159,
    "researchAndDevelopmentExpenses": 0,
    "generalAndAdministrativeExpenses": 0,
    "sellingAndMarketingExpenses": 0,
    "sellingGeneralAndAdministrativeExpenses": 44900000,
    "otherExpenses": 39731000,
    "operatingExpenses": 84631000,
    "costAndExpenses": 327354000,
    "interestIncome": 0,
    "interestExpense": 0,
    "depreciationAndAmortization": 39731000,
    "ebitda": 125367000,
    "ebitdaratio": 0.3066122413,
    "operatingIncome": 81524000,
    "operatingIncomeRatio": 0.1993846575,
    "totalOtherIncomeExpensesNet": -23547000,
    "incomeBeforeTax": 57977000,
    "incomeBeforeTaxRatio": 0.1417953522,
    "incomeTaxExpense": 24482000,
    "netIncome": 33495000,
    "netIncomeRatio": 0.0819193011,
    "eps": 0.26,
    "epsdiluted": 0.26,
    "weightedAverageShsOut": 130267000,
    "weightedAverageShsOutDil": 130540000,
    "link": "https://www.sec.gov/Archives/edgar/data/33213/000110465909010903/0001104659-09-010903-index.htm",
    "finalLink": "https://www.sec.gov/Archives/edgar/data/33213/000110465909010903/a09-1278_110k.htm"
  },
  {
    "date": "2008-09-30",
    "symbol": "EQT",
    "reportedCurrency": "USD",
    "cik": "0000033213",
    "fillingDate": "2008-10-24",
    "acceptedDate": "2008-10-24 07:37:23",
    "calendarYear": "2008",
    "period": "Q3",
    "revenue": 297827000,
    "costOfRevenue": 139031000,
    "grossProfit": 158796000,
    "grossProfitRatio": 0.5331820151,
    "researchAndDevelopmentExpenses": 0,
    "generalAndAdministrativeExpenses": 0,
    "sellingAndMarketingExpenses": 0,
    "sellingGeneralAndAdministrativeExpenses": -38199000,
    "otherExpenses": 34269000,
    "operatingExpenses": -3930000,
    "costAndExpenses": 135101000,
    "interestIncome": 0,
    "interestExpense": 0,
    "depreciationAndAmortization": 34269000,
    "ebitda": 196995000,
    "ebitdaratio": 0.6614410379,
    "operatingIncome": 162726000,
    "operatingIncomeRatio": 0.546377595,
    "totalOtherIncomeExpensesNet": -10844000,
    "incomeBeforeTax": 151882000,
    "incomeBeforeTaxRatio": 0.5099671957,
    "incomeTaxExpense": 55684000,
    "netIncome": 96198000,
    "netIncomeRatio": 0.3229995937,
    "eps": 0.74,
    "epsdiluted": 0.73,
    "weightedAverageShsOut": 130540000,
    "weightedAverageShsOutDil": 131558000,
    "link": "https://www.sec.gov/Archives/edgar/data/33213/000110465908065559/0001104659-08-065559-index.htm",
    "finalLink": "https://www.sec.gov/Archives/edgar/data/33213/000110465908065559/a08-25775_110q.htm"
  },
  {
    "date": "2008-06-30",
    "symbol": "EQT",
    "reportedCurrency": "USD",
    "cik": "0000033213",
    "fillingDate": "2008-08-01",
    "acceptedDate": "2008-08-01 16:24:30",
    "calendarYear": "2008",
    "period": "Q2",
    "revenue": 334009000,
    "costOfRevenue": 168171000,
    "grossProfit": 165838000,
    "grossProfitRatio": 0.4965075791,
    "researchAndDevelopmentExpenses": 0,
    "generalAndAdministrativeExpenses": 0,
    "sellingAndMarketingExpenses": 0,
    "sellingGeneralAndAdministrativeExpenses": 32654000,
    "otherExpenses": 32051000,
    "operatingExpenses": 64705000,
    "costAndExpenses": 232876000,
    "interestIncome": 0,
    "interestExpense": 0,
    "depreciationAndAmortization": 32051000,
    "ebitda": 133184000,
    "ebitdaratio": 0.3987437464,
    "operatingIncome": 101133000,
    "operatingIncomeRatio": 0.3027852543,
    "totalOtherIncomeExpensesNet": -11056000,
    "incomeBeforeTax": 90077000,
    "incomeBeforeTaxRatio": 0.2696843498,
    "incomeTaxExpense": 34686000,
    "netIncome": 55391000,
    "netIncomeRatio": 0.1658368487,
    "eps": 0.44,
    "epsdiluted": 0.44,
    "weightedAverageShsOut": 126243000,
    "weightedAverageShsOutDil": 127321000,
    "link": "https://www.sec.gov/Archives/edgar/data/33213/000110465908049282/0001104659-08-049282-index.htm",
    "finalLink": "https://www.sec.gov/Archives/edgar/data/33213/000110465908049282/a08-19145_110q.htm"
  },
  {
    "date": "2008-03-31",
    "symbol": "EQT",
    "reportedCurrency": "USD",
    "cik": "0000033213",
    "fillingDate": "2008-05-01",
    "acceptedDate": "2008-05-01 17:13:44",
    "calendarYear": "2008",
    "period": "Q1",
    "revenue": 535774000,
    "costOfRevenue": 313845000,
    "grossProfit": 221929000,
    "grossProfitRatio": 0.4142212948,
    "researchAndDevelopmentExpenses": 0,
    "generalAndAdministrativeExpenses": 0,
    "sellingAndMarketingExpenses": 0,
    "sellingGeneralAndAdministrativeExpenses": 71741000,
    "otherExpenses": 30765000,
    "operatingExpenses": 102506000,
    "costAndExpenses": 416351000,
    "interestIncome": 0,
    "interestExpense": 0,
    "depreciationAndAmortization": 30765000,
    "ebitda": 150188000,
    "ebitdaratio": 0.280319687,
    "operatingIncome": 119423000,
    "operatingIncomeRatio": 0.2228980876,
    "totalOtherIncomeExpensesNet": -8835000,
    "incomeBeforeTax": 110588000,
    "incomeBeforeTaxRatio": 0.2064079257,
    "incomeTaxExpense": 40068000,
    "netIncome": 70520000,
    "netIncomeRatio": 0.1316226618,
    "eps": 0.58,
    "epsdiluted": 0.57,
    "weightedAverageShsOut": 121891000,
    "weightedAverageShsOutDil": 122927000,
    "link": "https://www.sec.gov/Archives/edgar/data/33213/000110465908029126/0001104659-08-029126-index.htm",
    "finalLink": "https://www.sec.gov/Archives/edgar/data/33213/000110465908029126/a08-13069_110q.htm"
  },
  {
    "date": "2007-12-31",
    "symbol": "EQT",
    "reportedCurrency": "USD",
    "cik": "0000033213",
    "fillingDate": "2008-02-22",
    "acceptedDate": "2008-02-22 09:19:45",
    "calendarYear": "2007",
    "period": "Q4",
    "revenue": 384814000,
    "costOfRevenue": 211619000,
    "grossProfit": 173195000,
    "grossProfitRatio": 0.4500745815,
    "researchAndDevelopmentExpenses": 0,
    "generalAndAdministrativeExpenses": 0,
    "sellingAndMarketingExpenses": 0,
    "sellingGeneralAndAdministrativeExpenses": 51387000,
    "otherExpenses": 27876000,
    "operatingExpenses": 79263000,
    "costAndExpenses": 290882000,
    "interestIncome": 0,
    "interestExpense": 0,
    "depreciationAndAmortization": 27876000,
    "ebitda": 121808000,
    "ebitdaratio": 0.3165373401,
    "operatingIncome": 93932000,
    "operatingIncomeRatio": 0.2440971482,
    "totalOtherIncomeExpensesNet": -1320000,
    "incomeBeforeTax": 92612000,
    "incomeBeforeTaxRatio": 0.2406669196,
    "incomeTaxExpense": 32015000,
    "netIncome": 60597000,
    "netIncomeRatio": 0.157470882,
    "eps": 0.5,
    "epsdiluted": 0.5,
    "weightedAverageShsOut": 121380000,
    "weightedAverageShsOutDil": 121380000,
    "link": "https://www.sec.gov/Archives/edgar/data/33213/000110465908012255/0001104659-08-012255-index.htm",
    "finalLink": "https://www.sec.gov/Archives/edgar/data/33213/000110465908012255/a08-2449_110k.htm"
  },
  {
    "date": "2007-09-30",
    "symbol": "EQT",
    "reportedCurrency": "USD",
    "cik": "0000033213",
    "fillingDate": "2007-10-25",
    "acceptedDate": "2007-10-25 16:30:13",
    "calendarYear": "2007",
    "period": "Q3",
    "revenue": 226806000,
    "costOfRevenue": 110333000,
    "grossProfit": 116473000,
    "grossProfitRatio": 0.5135357971,
    "researchAndDevelopmentExpenses": 0,
    "generalAndAdministrativeExpenses": 0,
    "sellingAndMarketingExpenses": 0,
    "sellingGeneralAndAdministrativeExpenses": 32198000,
    "otherExpenses": 26907000,
    "operatingExpenses": 59105000,
    "costAndExpenses": 169438000,
    "interestIncome": 0,
    "interestExpense": 0,
    "depreciationAndAmortization": 26907000,
    "ebitda": 84275000,
    "ebitdaratio": 0.3715730624,
    "operatingIncome": 57368000,
    "operatingIncomeRatio": 0.2529386348,
    "totalOtherIncomeExpensesNet": -7930000,
    "incomeBeforeTax": 49438000,
    "incomeBeforeTaxRatio": 0.2179748331,
    "incomeTaxExpense": 16513000,
    "netIncome": 32925000,
    "netIncomeRatio": 0.1451681172,
    "eps": 0.27,
    "epsdiluted": 0.27,
    "weightedAverageShsOut": 121380000,
    "weightedAverageShsOutDil": 122838000,
    "link": "https://www.sec.gov/Archives/edgar/data/33213/000110465907077046/0001104659-07-077046-index.htm",
    "finalLink": "https://www.sec.gov/Archives/edgar/data/33213/000110465907077046/a07-27196_310q.htm"
  },
  {
    "date": "2007-06-30",
    "symbol": "EQT",
    "reportedCurrency": "USD",
    "cik": "0000033213",
    "fillingDate": "2007-07-26",
    "acceptedDate": "2007-07-26 17:01:53",
    "calendarYear": "2007",
    "period": "Q2",
    "revenue": 293240000,
    "costOfRevenue": 158646000,
    "grossProfit": 134594000,
    "grossProfitRatio": 0.4589892238,
    "researchAndDevelopmentExpenses": 0,
    "generalAndAdministrativeExpenses": 0,
    "sellingAndMarketingExpenses": 0,
    "sellingGeneralAndAdministrativeExpenses": 45483000,
    "otherExpenses": 27592000,
    "operatingExpenses": 73075000,
    "costAndExpenses": 231721000,
    "interestIncome": 0,
    "interestExpense": 0,
    "depreciationAndAmortization": 27592000,
    "ebitda": 89111000,
    "ebitdaratio": 0.3038841904,
    "operatingIncome": 61519000,
    "operatingIncomeRatio": 0.2097906152,
    "totalOtherIncomeExpensesNet": 110584000,
    "incomeBeforeTax": 172103000,
    "incomeBeforeTaxRatio": 0.5869015141,
    "incomeTaxExpense": 64760000,
    "netIncome": 107343000,
    "netIncomeRatio": 0.3660585186,
    "eps": 0.88,
    "epsdiluted": 0.87,
    "weightedAverageShsOut": 121356000,
    "weightedAverageShsOutDil": 122837000,
    "link": "https://www.sec.gov/Archives/edgar/data/33213/000110465907056576/0001104659-07-056576-index.htm",
    "finalLink": "https://www.sec.gov/Archives/edgar/data/33213/000110465907056576/a07-17940_410q.htm"
  },
  {
    "date": "2007-03-31",
    "symbol": "EQT",
    "reportedCurrency": "USD",
    "cik": "0000033213",
    "fillingDate": "2007-04-27",
    "acceptedDate": "2007-04-27 08:22:08",
    "calendarYear": "2007",
    "period": "Q1",
    "revenue": 456546000,
    "costOfRevenue": 263968000,
    "grossProfit": 192578000,
    "grossProfitRatio": 0.4218151073,
    "researchAndDevelopmentExpenses": 0,
    "generalAndAdministrativeExpenses": 0,
    "sellingAndMarketingExpenses": 0,
    "sellingGeneralAndAdministrativeExpenses": 66297000,
    "otherExpenses": 27427000,
    "operatingExpenses": 93724000,
    "costAndExpenses": 357692000,
    "interestIncome": 0,
    "interestExpense": 0,
    "depreciationAndAmortization": 27427000,
    "ebitda": 126281000,
    "ebitdaratio": 0.2766008245,
    "operatingIncome": 98854000,
    "operatingIncomeRatio": 0.2165258265,
    "totalOtherIncomeExpensesNet": -11129000,
    "incomeBeforeTax": 87725000,
    "incomeBeforeTaxRatio": 0.1921493124,
    "incomeTaxExpense": 31107000,
    "netIncome": 56618000,
    "netIncomeRatio": 0.1240137905,
    "eps": 0.47,
    "epsdiluted": 0.46,
    "weightedAverageShsOut": 121217000,
    "weightedAverageShsOutDil": 122757000,
    "link": "https://www.sec.gov/Archives/edgar/data/33213/000110465907032139/0001104659-07-032139-index.htm",
    "finalLink": "https://www.sec.gov/Archives/edgar/data/33213/000110465907032139/a07-10990_110q.htm"
  },
  {
    "date": "2006-12-31",
    "symbol": "EQT",
    "reportedCurrency": "USD",
    "cik": "0000033213",
    "fillingDate": "2007-02-23",
    "acceptedDate": "2007-02-23 08:47:45",
    "calendarYear": "2006",
    "period": "Q4",
    "revenue": 353783000,
    "costOfRevenue": 182920000,
    "grossProfit": 170863000,
    "grossProfitRatio": 0.4829598935,
    "researchAndDevelopmentExpenses": 0,
    "generalAndAdministrativeExpenses": 0,
    "sellingAndMarketingExpenses": 0,
    "sellingGeneralAndAdministrativeExpenses": 35292000,
    "otherExpenses": 25959000,
    "operatingExpenses": 61251000,
    "costAndExpenses": 244171000,
    "interestIncome": 0,
    "interestExpense": 0,
    "depreciationAndAmortization": 25959000,
    "ebitda": 135571000,
    "ebitdaratio": 0.3832038283,
    "operatingIncome": 109612000,
    "operatingIncomeRatio": 0.3098283411,
    "totalOtherIncomeExpensesNet": -11670000,
    "incomeBeforeTax": 97942000,
    "incomeBeforeTaxRatio": 0.276842019,
    "incomeTaxExpense": 29980000,
    "netIncome": 72223000,
    "netIncomeRatio": 0.2041449137,
    "eps": 0.6,
    "epsdiluted": 0.6,
    "weightedAverageShsOut": 120172000,
    "weightedAverageShsOutDil": 120172000,
    "link": "https://www.sec.gov/Archives/edgar/data/33213/000110465907013316/0001104659-07-013316-index.htm",
    "finalLink": "https://www.sec.gov/Archives/edgar/data/33213/000110465907013316/a07-5127_110k.htm"
  },
  {
    "date": "2006-09-30",
    "symbol": "EQT",
    "reportedCurrency": "USD",
    "cik": "0000033213",
    "fillingDate": "2006-10-26",
    "acceptedDate": "2006-10-26 16:10:54",
    "calendarYear": "2006",
    "period": "Q3",
    "revenue": 232801000,
    "costOfRevenue": 113613000,
    "grossProfit": 119188000,
    "grossProfitRatio": 0.5119737458,
    "researchAndDevelopmentExpenses": 0,
    "generalAndAdministrativeExpenses": 0,
    "sellingAndMarketingExpenses": 0,
    "sellingGeneralAndAdministrativeExpenses": 32904000,
    "otherExpenses": 25149000,
    "operatingExpenses": 58053000,
    "costAndExpenses": 171666000,
    "interestIncome": 0,
    "interestExpense": 0,
    "depreciationAndAmortization": 25149000,
    "ebitda": 86284000,
    "ebitdaratio": 0.3706341468,
    "operatingIncome": 61135000,
    "operatingIncomeRatio": 0.2626062603,
    "totalOtherIncomeExpensesNet": -12220000,
    "incomeBeforeTax": 48915000,
    "incomeBeforeTaxRatio": 0.2101150768,
    "incomeTaxExpense": 17120000,
    "netIncome": 31795000,
    "netIncomeRatio": 0.1365758738,
    "eps": 0.26,
    "epsdiluted": 0.26,
    "weightedAverageShsOut": 120172000,
    "weightedAverageShsOutDil": 122103000,
    "link": "https://www.sec.gov/Archives/edgar/data/33213/000110465906068896/0001104659-06-068896-index.htm",
    "finalLink": "https://www.sec.gov/Archives/edgar/data/33213/000110465906068896/a06-21869_110q.htm"
  },
  {
    "date": "2006-06-30",
    "symbol": "EQT",
    "reportedCurrency": "USD",
    "cik": "0000033213",
    "fillingDate": "2006-07-27",
    "acceptedDate": "2006-07-27 17:27:54",
    "calendarYear": "2006",
    "period": "Q2",
    "revenue": 251207000,
    "costOfRevenue": 127149000,
    "grossProfit": 124058000,
    "grossProfitRatio": 0.4938477033,
    "researchAndDevelopmentExpenses": 0,
    "generalAndAdministrativeExpenses": 0,
    "sellingAndMarketingExpenses": 0,
    "sellingGeneralAndAdministrativeExpenses": 28050000,
    "otherExpenses": 21889000,
    "operatingExpenses": 49939000,
    "costAndExpenses": 177088000,
    "interestIncome": 0,
    "interestExpense": 0,
    "depreciationAndAmortization": 24797000,
    "ebitda": 96008000,
    "ebitdaratio": 0.3821868021,
    "operatingIncome": 74119000,
    "operatingIncomeRatio": 0.2950514914,
    "totalOtherIncomeExpensesNet": -10119000,
    "incomeBeforeTax": 64000000,
    "incomeBeforeTaxRatio": 0.2547699706,
    "incomeTaxExpense": 20091000,
    "netIncome": 43909000,
    "netIncomeRatio": 0.1747921037,
    "eps": 0.37,
    "epsdiluted": 0.36,
    "weightedAverageShsOut": 120128000,
    "weightedAverageShsOutDil": 122044000,
    "link": "https://www.sec.gov/Archives/edgar/data/33213/000110465906049365/0001104659-06-049365-index.htm",
    "finalLink": "https://www.sec.gov/Archives/edgar/data/33213/000110465906049365/a06-15553_110q.htm"
  },
  {
    "date": "2006-03-31",
    "symbol": "EQT",
    "reportedCurrency": "USD",
    "cik": "0000033213",
    "fillingDate": "2006-04-27",
    "acceptedDate": "2006-04-27 16:55:21",
    "calendarYear": "2006",
    "period": "Q1",
    "revenue": 430119000,
    "costOfRevenue": 248540000,
    "grossProfit": 181579000,
    "grossProfitRatio": 0.4221599139,
    "researchAndDevelopmentExpenses": 0,
    "generalAndAdministrativeExpenses": 0,
    "sellingAndMarketingExpenses": 0,
    "sellingGeneralAndAdministrativeExpenses": 29705000,
    "otherExpenses": 24217000,
    "operatingExpenses": 53922000,
    "costAndExpenses": 302462000,
    "interestIncome": 0,
    "interestExpense": 0,
    "depreciationAndAmortization": 24217000,
    "ebitda": 151874000,
    "ebitdaratio": 0.3530976311,
    "operatingIncome": 127657000,
    "operatingIncomeRatio": 0.296794608,
    "totalOtherIncomeExpensesNet": -12783000,
    "incomeBeforeTax": 114874000,
    "incomeBeforeTaxRatio": 0.2670749258,
    "incomeTaxExpense": 42515000,
    "netIncome": 72359000,
    "netIncomeRatio": 0.1682301875,
    "eps": 0.61,
    "epsdiluted": 0.59,
    "weightedAverageShsOut": 119579000,
    "weightedAverageShsOutDil": 121789000,
    "link": "https://www.sec.gov/Archives/edgar/data/33213/000110465906028419/0001104659-06-028419-index.htm",
    "finalLink": "https://www.sec.gov/Archives/edgar/data/33213/000110465906028419/a06-9687_110q.htm"
  },
  {
    "date": "2005-12-31",
    "symbol": "EQT",
    "reportedCurrency": "USD",
    "cik": "0000033213",
    "fillingDate": "2006-02-24",
    "acceptedDate": "2006-02-24 17:38:14",
    "calendarYear": "2005",
    "period": "Q4",
    "revenue": 280398000,
    "costOfRevenue": 137429000,
    "grossProfit": 142969000,
    "grossProfitRatio": 0.5098788151,
    "researchAndDevelopmentExpenses": 0,
    "generalAndAdministrativeExpenses": 0,
    "sellingAndMarketingExpenses": 0,
    "sellingGeneralAndAdministrativeExpenses": 21175000,
    "otherExpenses": 23207000,
    "operatingExpenses": 44382000,
    "costAndExpenses": 181811000,
    "interestIncome": 0,
    "interestExpense": 0,
    "depreciationAndAmortization": 23207000,
    "ebitda": 121794000,
    "ebitdaratio": 0.4343611581,
    "operatingIncome": 98587000,
    "operatingIncomeRatio": 0.351596659,
    "totalOtherIncomeExpensesNet": 14806000,
    "incomeBeforeTax": 113393000,
    "incomeBeforeTaxRatio": 0.404400174,
    "incomeTaxExpense": 42035000,
    "netIncome": 72839000,
    "netIncomeRatio": 0.2597700412,
    "eps": 0.6,
    "epsdiluted": 0.6,
    "weightedAverageShsOut": 119746256,
    "weightedAverageShsOutDil": 121181000,
    "link": "https://www.sec.gov/Archives/edgar/data/33213/000110465906011976/0001104659-06-011976-index.htm",
    "finalLink": "https://www.sec.gov/Archives/edgar/data/33213/000110465906011976/a06-1876_110k.htm"
  },
  {
    "date": "2005-09-30",
    "symbol": "EQT",
    "reportedCurrency": "USD",
    "cik": "0000033213",
    "fillingDate": "2005-10-27",
    "acceptedDate": "2005-10-27 17:19:13",
    "calendarYear": "2005",
    "period": "Q3",
    "revenue": 264528000,
    "costOfRevenue": 104174000,
    "grossProfit": 125198000,
    "grossProfitRatio": 0.4732882719,
    "researchAndDevelopmentExpenses": 0,
    "generalAndAdministrativeExpenses": 0,
    "sellingAndMarketingExpenses": 0,
    "sellingGeneralAndAdministrativeExpenses": 47245000,
    "otherExpenses": 23264000,
    "operatingExpenses": 70509000,
    "costAndExpenses": 174683000,
    "interestIncome": 0,
    "interestExpense": 0,
    "depreciationAndAmortization": 23264000,
    "ebitda": 77953000,
    "ebitdaratio": 0.2946871409,
    "operatingIncome": 54689000,
    "operatingIncomeRatio": 0.2067418194,
    "totalOtherIncomeExpensesNet": 8722000,
    "incomeBeforeTax": 63411000,
    "incomeBeforeTaxRatio": 0.2397137543,
    "incomeTaxExpense": 17600000,
    "netIncome": 46491000,
    "netIncomeRatio": 0.1757507712,
    "eps": 0.38,
    "epsdiluted": 0.38,
    "weightedAverageShsOut": 121181000,
    "weightedAverageShsOutDil": 123576000,
    "link": "https://www.sec.gov/Archives/edgar/data/33213/000110465905050689/0001104659-05-050689-index.htm",
    "finalLink": "https://www.sec.gov/Archives/edgar/data/33213/000110465905050689/a05-18463_110q.htm"
  },
  {
    "date": "2005-06-30",
    "symbol": "EQT",
    "reportedCurrency": "USD",
    "cik": "0000033213",
    "fillingDate": "2005-07-28",
    "acceptedDate": "2005-07-28 15:59:30",
    "calendarYear": "2005",
    "period": "Q2",
    "revenue": 269031000,
    "costOfRevenue": 115808000,
    "grossProfit": 114386000,
    "grossProfitRatio": 0.4251777676,
    "researchAndDevelopmentExpenses": 0,
    "generalAndAdministrativeExpenses": 0,
    "sellingAndMarketingExpenses": 0,
    "sellingGeneralAndAdministrativeExpenses": 30492000,
    "otherExpenses": 30435000,
    "operatingExpenses": 60927000,
    "costAndExpenses": 176735000,
    "interestIncome": 0,
    "interestExpense": 0,
    "depreciationAndAmortization": 23119000,
    "ebitda": 83894000,
    "ebitdaratio": 0.3118376693,
    "operatingIncome": 53459000,
    "operatingIncomeRatio": 0.1987094424,
    "totalOtherIncomeExpensesNet": 50996000,
    "incomeBeforeTax": 104455000,
    "incomeBeforeTaxRatio": 0.388263806,
    "incomeTaxExpense": 46502000,
    "netIncome": 64319000,
    "netIncomeRatio": 0.2390765376,
    "eps": 0.53,
    "epsdiluted": 0.52,
    "weightedAverageShsOut": 121472000,
    "weightedAverageShsOutDil": 123990000,
    "link": "https://www.sec.gov/Archives/edgar/data/33213/000110465905034752/0001104659-05-034752-index.htm",
    "finalLink": "https://www.sec.gov/Archives/edgar/data/33213/000110465905034752/a05-13597_210q.htm"
  },
  {
    "date": "2005-03-31",
    "symbol": "EQT",
    "reportedCurrency": "USD",
    "cik": "0000033213",
    "fillingDate": "2005-04-28",
    "acceptedDate": "2005-04-28 15:48:35",
    "calendarYear": "2005",
    "period": "Q1",
    "revenue": 439767000,
    "costOfRevenue": 226744000,
    "grossProfit": 174532000,
    "grossProfitRatio": 0.3968737991,
    "researchAndDevelopmentExpenses": 0,
    "generalAndAdministrativeExpenses": 0,
    "sellingAndMarketingExpenses": 0,
    "sellingGeneralAndAdministrativeExpenses": 23627000,
    "otherExpenses": 23709000,
    "operatingExpenses": 47336000,
    "costAndExpenses": 274080000,
    "interestIncome": 0,
    "interestExpense": 0,
    "depreciationAndAmortization": 23190000,
    "ebitda": 150905000,
    "ebitdaratio": 0.3431476214,
    "operatingIncome": 127196000,
    "operatingIncomeRatio": 0.2892349813,
    "totalOtherIncomeExpensesNet": -10960000,
    "incomeBeforeTax": 116236000,
    "incomeBeforeTaxRatio": 0.2643126929,
    "incomeTaxExpense": 41445000,
    "netIncome": 76406000,
    "netIncomeRatio": 0.1737420043,
    "eps": 0.63,
    "epsdiluted": 0.61,
    "weightedAverageShsOut": 121424000,
    "weightedAverageShsOutDil": 124350000,
    "link": "https://www.sec.gov/Archives/edgar/data/33213/000110465905018829/0001104659-05-018829-index.htm",
    "finalLink": "https://www.sec.gov/Archives/edgar/data/33213/000110465905018829/a05-7371_110q.htm"
  },
  {
    "date": "2004-12-31",
    "symbol": "EQT",
    "reportedCurrency": "USD",
    "cik": "0000033213",
    "fillingDate": "2005-02-25",
    "acceptedDate": "2005-02-25 08:50:05",
    "calendarYear": "2004",
    "period": "Q4",
    "revenue": 344695000,
    "costOfRevenue": 203445000,
    "grossProfit": 141250000,
    "grossProfitRatio": 0.4097825614,
    "researchAndDevelopmentExpenses": 0,
    "generalAndAdministrativeExpenses": 0,
    "sellingAndMarketingExpenses": 0,
    "sellingGeneralAndAdministrativeExpenses": 49933000,
    "otherExpenses": -22374000,
    "operatingExpenses": 27559000,
    "costAndExpenses": 231004000,
    "interestIncome": 0,
    "interestExpense": 0,
    "depreciationAndAmortization": 19552000,
    "ebitda": 92992000,
    "ebitdaratio": 0.2697805306,
    "operatingIncome": 113691000,
    "operatingIncomeRatio": 0.3298307199,
    "totalOtherIncomeExpensesNet": -51231000,
    "incomeBeforeTax": 62460000,
    "incomeBeforeTaxRatio": 0.1812036728,
    "incomeTaxExpense": 19186000,
    "netIncome": 43274000,
    "netIncomeRatio": 0.1255428712,
    "eps": 0.35,
    "epsdiluted": 0.35,
    "weightedAverageShsOut": 121686802,
    "weightedAverageShsOutDil": 122838000,
    "link": "https://www.sec.gov/Archives/edgar/data/33213/000110465905008241/0001104659-05-008241-index.htm",
    "finalLink": "https://www.sec.gov/Archives/edgar/data/33213/000110465905008241/a05-4033_110k.htm"
  },
  {
    "date": "2004-09-30",
    "symbol": "EQT",
    "reportedCurrency": "USD",
    "cik": "0000033213",
    "fillingDate": "2004-11-09",
    "acceptedDate": "2004-11-09 12:52:56",
    "calendarYear": "2004",
    "period": "Q3",
    "revenue": 205847000,
    "costOfRevenue": 95334000,
    "grossProfit": 110513000,
    "grossProfitRatio": 0.5368696168,
    "researchAndDevelopmentExpenses": 0,
    "generalAndAdministrativeExpenses": 0,
    "sellingAndMarketingExpenses": 0,
    "sellingGeneralAndAdministrativeExpenses": 24177000,
    "otherExpenses": 21809000,
    "operatingExpenses": 45986000,
    "costAndExpenses": 141320000,
    "interestIncome": 0,
    "interestExpense": 0,
    "depreciationAndAmortization": 21809000,
    "ebitda": 86336000,
    "ebitdaratio": 0.4194183058,
    "operatingIncome": 64527000,
    "operatingIncomeRatio": 0.3134706845,
    "totalOtherIncomeExpensesNet": -10462000,
    "incomeBeforeTax": 54065000,
    "incomeBeforeTaxRatio": 0.2626465287,
    "incomeTaxExpense": 18382000,
    "netIncome": 35683000,
    "netIncomeRatio": 0.1733471948,
    "eps": 0.29,
    "epsdiluted": 0.28,
    "weightedAverageShsOut": 122838000,
    "weightedAverageShsOutDil": 125660000,
    "link": "https://www.sec.gov/Archives/edgar/data/33213/000110465904034585/0001104659-04-034585-index.htm",
    "finalLink": "https://www.sec.gov/Archives/edgar/data/33213/000110465904034585/a04-12767_110q.htm"
  },
  {
    "date": "2004-06-30",
    "symbol": "EQT",
    "reportedCurrency": "USD",
    "cik": "0000033213",
    "fillingDate": "2004-08-06",
    "acceptedDate": "2004-08-06 13:44:13",
    "calendarYear": "2004",
    "period": "Q2",
    "revenue": 240640000,
    "costOfRevenue": 125242000,
    "grossProfit": 115398000,
    "grossProfitRatio": 0.4795462101,
    "researchAndDevelopmentExpenses": 0,
    "generalAndAdministrativeExpenses": 0,
    "sellingAndMarketingExpenses": 0,
    "sellingGeneralAndAdministrativeExpenses": 46631000,
    "otherExpenses": 80087000,
    "operatingExpenses": 126718000,
    "costAndExpenses": 251960000,
    "interestIncome": 0,
    "interestExpense": 0,
    "depreciationAndAmortization": 21610000,
    "ebitda": 68767000,
    "ebitdaratio": 0.285767121,
    "operatingIncome": -11320000,
    "operatingIncomeRatio": -0.0470412234,
    "totalOtherIncomeExpensesNet": 209544000,
    "incomeBeforeTax": 198224000,
    "incomeBeforeTaxRatio": 0.8237367021,
    "incomeTaxExpense": 67397000,
    "netIncome": 130827000,
    "netIncomeRatio": 0.5436627327,
    "eps": 1.06,
    "epsdiluted": 1.03,
    "weightedAverageShsOut": 124038000,
    "weightedAverageShsOutDil": 126760000,
    "link": "https://www.sec.gov/Archives/edgar/data/33213/000110465904022934/0001104659-04-022934-index.htm",
    "finalLink": "https://www.sec.gov/Archives/edgar/data/33213/000110465904022934/a04-8798_110q.htm"
  },
  {
    "date": "2004-03-31",
    "symbol": "EQT",
    "reportedCurrency": "USD",
    "cik": "0000033213",
    "fillingDate": "2004-05-06",
    "acceptedDate": "2004-05-06 14:52:56",
    "calendarYear": "2004",
    "period": "Q1",
    "revenue": 400427000,
    "costOfRevenue": 226381000,
    "grossProfit": 174046000,
    "grossProfitRatio": 0.43465101,
    "researchAndDevelopmentExpenses": 0,
    "generalAndAdministrativeExpenses": 0,
    "sellingAndMarketingExpenses": 0,
    "sellingGeneralAndAdministrativeExpenses": 32752000,
    "otherExpenses": 21767000,
    "operatingExpenses": 54519000,
    "costAndExpenses": 280900000,
    "interestIncome": 0,
    "interestExpense": 0,
    "depreciationAndAmortization": 21767000,
    "ebitda": 141294000,
    "ebitdaratio": 0.3528583237,
    "operatingIncome": 119527000,
    "operatingIncomeRatio": 0.2984988525,
    "totalOtherIncomeExpensesNet": -11728000,
    "incomeBeforeTax": 107799000,
    "incomeBeforeTaxRatio": 0.2692101182,
    "incomeTaxExpense": 37729000,
    "netIncome": 70070000,
    "netIncomeRatio": 0.1749882001,
    "eps": 0.56,
    "epsdiluted": 0.55,
    "weightedAverageShsOut": 124512000,
    "weightedAverageShsOutDil": 127062000,
    "link": "https://www.sec.gov/Archives/edgar/data/33213/000110465904012929/0001104659-04-012929-index.htm",
    "finalLink": "https://www.sec.gov/Archives/edgar/data/33213/000110465904012929/a04-5324_110q.htm"
  },
  {
    "date": "2003-12-31",
    "symbol": "EQT",
    "reportedCurrency": "USD",
    "cik": "0000033213",
    "fillingDate": "2004-03-01",
    "acceptedDate": "2004-03-01 15:11:13",
    "calendarYear": "2003",
    "period": "Q4",
    "revenue": 300944000,
    "costOfRevenue": 160707000,
    "grossProfit": 140237000,
    "grossProfitRatio": 0.4659903504,
    "researchAndDevelopmentExpenses": 0,
    "generalAndAdministrativeExpenses": 0,
    "sellingAndMarketingExpenses": 0,
    "sellingGeneralAndAdministrativeExpenses": 37830000,
    "otherExpenses": 31563000,
    "operatingExpenses": 69393000,
    "costAndExpenses": 230100000,
    "interestIncome": 0,
    "interestExpense": 0,
    "depreciationAndAmortization": 22184000,
    "ebitda": 104087000,
    "ebitdaratio": 0.3458683343,
    "operatingIncome": 70844000,
    "operatingIncomeRatio": 0.2354059227,
    "totalOtherIncomeExpensesNet": 2508000,
    "incomeBeforeTax": 73352000,
    "incomeBeforeTaxRatio": 0.2437396991,
    "incomeTaxExpense": 23881000,
    "netIncome": 49471000,
    "netIncomeRatio": 0.1643860652,
    "eps": 0.4,
    "epsdiluted": 0.4,
    "weightedAverageShsOut": 124047285,
    "weightedAverageShsOutDil": 124106000,
    "link": "https://www.sec.gov/Archives/edgar/data/33213/000110465904006053/0001104659-04-006053-index.htm",
    "finalLink": "https://www.sec.gov/Archives/edgar/data/33213/000110465904006053/a04-2703_110k.htm"
  },
  {
    "date": "2003-09-30",
    "symbol": "EQT",
    "reportedCurrency": "USD",
    "cik": "0000033213",
    "fillingDate": "2003-11-06",
    "acceptedDate": "2003-11-06 08:35:41",
    "calendarYear": "2003",
    "period": "Q3",
    "revenue": 185515000,
    "costOfRevenue": 84367000,
    "grossProfit": 101148000,
    "grossProfitRatio": 0.5452281487,
    "researchAndDevelopmentExpenses": 0,
    "generalAndAdministrativeExpenses": 0,
    "sellingAndMarketingExpenses": 0,
    "sellingGeneralAndAdministrativeExpenses": 27315000,
    "otherExpenses": 19656000,
    "operatingExpenses": 46971000,
    "costAndExpenses": 131338000,
    "interestIncome": 0,
    "interestExpense": 0,
    "depreciationAndAmortization": 19656000,
    "ebitda": 73833000,
    "ebitdaratio": 0.3979893809,
    "operatingIncome": 54177000,
    "operatingIncomeRatio": 0.2920356844,
    "totalOtherIncomeExpensesNet": -11429000,
    "incomeBeforeTax": 42748000,
    "incomeBeforeTaxRatio": 0.2304288063,
    "incomeTaxExpense": 14536000,
    "netIncome": 28212000,
    "netIncomeRatio": 0.1520739563,
    "eps": 0.23,
    "epsdiluted": 0.23,
    "weightedAverageShsOut": 124106000,
    "weightedAverageShsOutDil": 126672000,
    "link": "https://www.sec.gov/Archives/edgar/data/33213/000110465903024874/0001104659-03-024874-index.htm",
    "finalLink": "https://www.sec.gov/Archives/edgar/data/33213/000110465903024874/a03-4773_110q.htm"
  },
  {
    "date": "2003-06-30",
    "symbol": "EQT",
    "reportedCurrency": "USD",
    "cik": "0000033213",
    "fillingDate": "2003-08-14",
    "acceptedDate": "2003-08-13 21:38:09",
    "calendarYear": "2003",
    "period": "Q2",
    "revenue": 218496000,
    "costOfRevenue": 113651000,
    "grossProfit": 104845000,
    "grossProfitRatio": 0.4798486013,
    "researchAndDevelopmentExpenses": 0,
    "generalAndAdministrativeExpenses": 0,
    "sellingAndMarketingExpenses": 0,
    "sellingGeneralAndAdministrativeExpenses": 28803000,
    "otherExpenses": 19225000,
    "operatingExpenses": 48028000,
    "costAndExpenses": 161679000,
    "interestIncome": 0,
    "interestExpense": 0,
    "depreciationAndAmortization": 19225000,
    "ebitda": 76042000,
    "ebitdaratio": 0.3480246778,
    "operatingIncome": 56817000,
    "operatingIncomeRatio": 0.260036797,
    "totalOtherIncomeExpensesNet": -9263000,
    "incomeBeforeTax": 47554000,
    "incomeBeforeTaxRatio": 0.2176424282,
    "incomeTaxExpense": 16159000,
    "netIncome": 31395000,
    "netIncomeRatio": 0.1436868409,
    "eps": 0.26,
    "epsdiluted": 0.25,
    "weightedAverageShsOut": 124116000,
    "weightedAverageShsOutDil": 126840000,
    "link": "https://www.sec.gov/Archives/edgar/data/33213/000110465903018318/0001104659-03-018318-index.htm",
    "finalLink": "https://www.sec.gov/Archives/edgar/data/33213/000110465903018318/a03-1155_110q.htm"
  },
  {
    "date": "2003-03-31",
    "symbol": "EQT",
    "reportedCurrency": "USD",
    "cik": "0000033213",
    "fillingDate": "2003-05-08",
    "acceptedDate": "2003-05-08 09:29:28",
    "calendarYear": "2003",
    "period": "Q1",
    "revenue": 342322000,
    "costOfRevenue": 181987000,
    "grossProfit": 160335000,
    "grossProfitRatio": 0.468374805,
    "researchAndDevelopmentExpenses": 0,
    "generalAndAdministrativeExpenses": 0,
    "sellingAndMarketingExpenses": 0,
    "sellingGeneralAndAdministrativeExpenses": 32262000,
    "otherExpenses": 18753000,
    "operatingExpenses": 51015000,
    "costAndExpenses": 233002000,
    "interestIncome": 0,
    "interestExpense": 0,
    "depreciationAndAmortization": 18753000,
    "ebitda": 128073000,
    "ebitdaratio": 0.3741302049,
    "operatingIncome": 109320000,
    "operatingIncomeRatio": 0.3193484497,
    "totalOtherIncomeExpensesNet": -17625000,
    "incomeBeforeTax": 91695000,
    "incomeBeforeTaxRatio": 0.2678618377,
    "incomeTaxExpense": 27216000,
    "netIncome": 60923000,
    "netIncomeRatio": 0.1779698646,
    "eps": 0.49,
    "epsdiluted": 0.48,
    "weightedAverageShsOut": 124126000,
    "weightedAverageShsOutDil": 126666000,
    "link": "https://www.sec.gov/Archives/edgar/data/33213/000110465903008533/0001104659-03-008533-index.htm",
    "finalLink": "https://www.sec.gov/Archives/edgar/data/33213/000110465903008533/j0408_10q.htm"
  },
  {
    "date": "2002-12-31",
    "symbol": "EQT",
    "reportedCurrency": "USD",
    "cik": "0000033213",
    "fillingDate": "2003-03-05",
    "acceptedDate": "2003-03-05 09:48:54",
    "calendarYear": "2002",
    "period": "Q4",
    "revenue": 483362000,
    "costOfRevenue": 350043000,
    "grossProfit": 133319000,
    "grossProfitRatio": 0.275816055,
    "researchAndDevelopmentExpenses": 0,
    "generalAndAdministrativeExpenses": 0,
    "sellingAndMarketingExpenses": 0,
    "sellingGeneralAndAdministrativeExpenses": 36577000,
    "otherExpenses": 18297000,
    "operatingExpenses": 54874000,
    "costAndExpenses": 404917000,
    "interestIncome": 0,
    "interestExpense": 0,
    "depreciationAndAmortization": 18297000,
    "ebitda": 96742000,
    "ebitdaratio": 0.2001439915,
    "operatingIncome": 78445000,
    "operatingIncomeRatio": 0.1622903745,
    "totalOtherIncomeExpensesNet": -14235000,
    "incomeBeforeTax": 64210000,
    "incomeBeforeTaxRatio": 0.1328403971,
    "incomeTaxExpense": 21831000,
    "netIncome": 42379000,
    "netIncomeRatio": 0.0876754896,
    "eps": 0.34,
    "epsdiluted": 0.34,
    "weightedAverageShsOut": 123197024,
    "weightedAverageShsOutDil": 124652000,
    "link": "https://www.sec.gov/Archives/edgar/data/33213/000104746903007695/0001047469-03-007695-index.htm",
    "finalLink": "https://www.sec.gov/Archives/edgar/data/33213/000104746903007695/a2104974z10-ka.htm"
  },
  {
    "date": "2002-09-30",
    "symbol": "EQT",
    "reportedCurrency": "USD",
    "cik": "0000033213",
    "fillingDate": "2002-11-06",
    "acceptedDate": "2002-11-06 16:54:45",
    "calendarYear": "2002",
    "period": "Q3",
    "revenue": 162571000,
    "costOfRevenue": 121630000,
    "grossProfit": 92788000,
    "grossProfitRatio": 0.5707537015,
    "researchAndDevelopmentExpenses": 0,
    "generalAndAdministrativeExpenses": 0,
    "sellingAndMarketingExpenses": 0,
    "sellingGeneralAndAdministrativeExpenses": 24300000,
    "otherExpenses": 17613000,
    "operatingExpenses": 41913000,
    "costAndExpenses": 163543000,
    "interestIncome": 0,
    "interestExpense": 0,
    "depreciationAndAmortization": 17613000,
    "ebitda": 68488000,
    "ebitdaratio": 0.4212805482,
    "operatingIncome": 50875000,
    "operatingIncomeRatio": 0.3129401923,
    "totalOtherIncomeExpensesNet": -10071000,
    "incomeBeforeTax": 40804000,
    "incomeBeforeTaxRatio": 0.2509918743,
    "incomeTaxExpense": 14118000,
    "netIncome": 26686000,
    "netIncomeRatio": 0.1641498176,
    "eps": 0.21,
    "epsdiluted": 0.21,
    "weightedAverageShsOut": 127032995,
    "weightedAverageShsOutDil": 129497682,
    "link": "https://www.sec.gov/Archives/edgar/data/33213/000110465902005276/0001104659-02-005276-index.htm",
    "finalLink": "https://www.sec.gov/Archives/edgar/data/33213/000110465902005276/j5352_10q.htm"
  },
  {
    "date": "2002-06-30",
    "symbol": "EQT",
    "reportedCurrency": "USD",
    "cik": "0000033213",
    "fillingDate": "2002-08-08",
    "acceptedDate": "2002-08-08 12:01:13",
    "calendarYear": "2002",
    "period": "Q2",
    "revenue": 268638000,
    "costOfRevenue": 127456000,
    "grossProfit": 99215000,
    "grossProfitRatio": 0.3693260075,
    "researchAndDevelopmentExpenses": 0,
    "generalAndAdministrativeExpenses": 0,
    "sellingAndMarketingExpenses": 0,
    "sellingGeneralAndAdministrativeExpenses": 23091000,
    "otherExpenses": 22091000,
    "operatingExpenses": 45182000,
    "costAndExpenses": 172638000,
    "interestIncome": 0,
    "interestExpense": 0,
    "depreciationAndAmortization": 16771000,
    "ebitda": 76124000,
    "ebitdaratio": 0.2833701859,
    "operatingIncome": 54033000,
    "operatingIncomeRatio": 0.2011368459,
    "totalOtherIncomeExpensesNet": -11401000,
    "incomeBeforeTax": 42632000,
    "incomeBeforeTaxRatio": 0.1586968337,
    "incomeTaxExpense": 13443000,
    "netIncome": 38189000,
    "netIncomeRatio": 0.1421578481,
    "eps": 0.3,
    "epsdiluted": 0.29,
    "weightedAverageShsOut": 127032995,
    "weightedAverageShsOutDil": 129497682,
    "link": "https://www.sec.gov/Archives/edgar/data/33213/000110465902003258/0001104659-02-003258-index.htm",
    "finalLink": "https://www.sec.gov/Archives/edgar/data/33213/000110465902003258/j4612_10q.htm"
  },
  {
    "date": "2002-03-31",
    "symbol": "EQT",
    "reportedCurrency": "USD",
    "cik": "0000033213",
    "fillingDate": "2002-05-08",
    "acceptedDate": "2002-05-08 15:21:00",
    "calendarYear": "2002",
    "period": "Q1",
    "revenue": 344057000,
    "costOfRevenue": 157201000,
    "grossProfit": 136842000,
    "grossProfitRatio": 0.3977306086,
    "researchAndDevelopmentExpenses": 0,
    "generalAndAdministrativeExpenses": 0,
    "sellingAndMarketingExpenses": 0,
    "sellingGeneralAndAdministrativeExpenses": 25857000,
    "otherExpenses": 16767000,
    "operatingExpenses": 42624000,
    "costAndExpenses": 199825000,
    "interestIncome": 0,
    "interestExpense": 0,
    "depreciationAndAmortization": 16767000,
    "ebitda": 110985000,
    "ebitdaratio": 0.3225773636,
    "operatingIncome": 94218000,
    "operatingIncomeRatio": 0.2738441595,
    "totalOtherIncomeExpensesNet": -13646000,
    "incomeBeforeTax": 80572000,
    "incomeBeforeTaxRatio": 0.2341821268,
    "incomeTaxExpense": 28200000,
    "netIncome": 46853000,
    "netIncomeRatio": 0.136178017,
    "eps": 0.37,
    "epsdiluted": 0.36,
    "weightedAverageShsOut": 127032995,
    "weightedAverageShsOutDil": 129497682,
    "link": "https://www.sec.gov/Archives/edgar/data/33213/000091205702019088/0000912057-02-019088-index.htm",
    "finalLink": "https://www.sec.gov/Archives/edgar/data/33213/000091205702019088/a2079143z10-q.txt"
  },
  {
    "date": "2001-12-31",
    "symbol": "EQT",
    "reportedCurrency": "USD",
    "cik": "0000033213",
    "fillingDate": "2002-03-19",
    "acceptedDate": "2002-03-19 00:00:00",
    "calendarYear": "2001",
    "period": "Q4",
    "revenue": 324022000,
    "costOfRevenue": 210918000,
    "grossProfit": 113104000,
    "grossProfitRatio": 0.349062718,
    "researchAndDevelopmentExpenses": 0,
    "generalAndAdministrativeExpenses": 0,
    "sellingAndMarketingExpenses": 0,
    "sellingGeneralAndAdministrativeExpenses": 38926000,
    "otherExpenses": 20593000,
    "operatingExpenses": 59519000,
    "costAndExpenses": 270437000,
    "interestIncome": 0,
    "interestExpense": 0,
    "depreciationAndAmortization": 22404000,
    "ebitda": 75989000,
    "ebitdaratio": 0.2345180266,
    "operatingIncome": 53585000,
    "operatingIncomeRatio": 0.1653745733,
    "totalOtherIncomeExpensesNet": -10366000,
    "incomeBeforeTax": 43219000,
    "incomeBeforeTaxRatio": 0.1333829184,
    "incomeTaxExpense": 18914000,
    "netIncome": 24305000,
    "netIncomeRatio": 0.0750103388,
    "eps": 0.19,
    "epsdiluted": 0.19,
    "weightedAverageShsOut": 125305816,
    "weightedAverageShsOutDil": 127824000,
    "link": "https://www.sec.gov/Archives/edgar/data/33213/000091205702010471/0000912057-02-010471-index.htm",
    "finalLink": "https://www.sec.gov/Archives/edgar/data/33213/000091205702010471/a2073488z10-k.htm"
  },
  {
    "date": "2001-09-30",
    "symbol": "EQT",
    "reportedCurrency": "USD",
    "cik": "0000033213",
    "fillingDate": "2001-11-09",
    "acceptedDate": "2001-11-09 00:00:00",
    "calendarYear": "2001",
    "period": "Q3",
    "revenue": 243768000,
    "costOfRevenue": 80291000,
    "grossProfit": 85551000,
    "grossProfitRatio": 0.350952545,
    "researchAndDevelopmentExpenses": 0,
    "generalAndAdministrativeExpenses": 0,
    "sellingAndMarketingExpenses": 0,
    "sellingGeneralAndAdministrativeExpenses": 25554000,
    "otherExpenses": 18100000,
    "operatingExpenses": 43654000,
    "costAndExpenses": 123945000,
    "interestIncome": 0,
    "interestExpense": 0,
    "depreciationAndAmortization": 18100000,
    "ebitda": 59997000,
    "ebitdaratio": 0.2461233632,
    "operatingIncome": 41897000,
    "operatingIncomeRatio": 0.1718724361,
    "totalOtherIncomeExpensesNet": -3589000,
    "incomeBeforeTax": 38308000,
    "incomeBeforeTaxRatio": 0.1571494208,
    "incomeTaxExpense": 13508000,
    "netIncome": 24800000,
    "netIncomeRatio": 0.1017360769,
    "eps": 0.39,
    "epsdiluted": 0.38,
    "weightedAverageShsOut": 63912000,
    "weightedAverageShsOutDil": 65562000,
    "link": "https://www.sec.gov/Archives/edgar/data/33213/000095012801500662/0000950128-01-500662-index.htm",
    "finalLink": "https://www.sec.gov/Archives/edgar/data/33213/000095012801500662/j9125501e10-q.txt"
  },
  {
    "date": "2001-06-30",
    "symbol": "EQT",
    "reportedCurrency": "USD",
    "cik": "0000033213",
    "fillingDate": "2001-08-10",
    "acceptedDate": "2001-08-10 00:00:00",
    "calendarYear": "2001",
    "period": "Q2",
    "revenue": 345544000,
    "costOfRevenue": 246962000,
    "grossProfit": 98582000,
    "grossProfitRatio": 0.285295071,
    "researchAndDevelopmentExpenses": 0,
    "generalAndAdministrativeExpenses": 0,
    "sellingAndMarketingExpenses": 0,
    "sellingGeneralAndAdministrativeExpenses": 30405000,
    "otherExpenses": 17404000,
    "operatingExpenses": 47809000,
    "costAndExpenses": 294771000,
    "interestIncome": 0,
    "interestExpense": 0,
    "depreciationAndAmortization": 17404000,
    "ebitda": 68177000,
    "ebitdaratio": 0.1973033825,
    "operatingIncome": 50773000,
    "operatingIncomeRatio": 0.1469364249,
    "totalOtherIncomeExpensesNet": -2506000,
    "incomeBeforeTax": 48267000,
    "incomeBeforeTaxRatio": 0.1396840923,
    "incomeTaxExpense": 16830000,
    "netIncome": 31437000,
    "netIncomeRatio": 0.0909782835,
    "eps": 0.49,
    "epsdiluted": 0.47,
    "weightedAverageShsOut": 64636000,
    "weightedAverageShsOutDil": 66677000,
    "link": "https://www.sec.gov/Archives/edgar/data/33213/000095012801500413/0000950128-01-500413-index.htm",
    "finalLink": "https://www.sec.gov/Archives/edgar/data/33213/000095012801500413/j8981801e10-q.txt"
  },
  {
    "date": "2001-03-31",
    "symbol": "EQT",
    "reportedCurrency": "USD",
    "cik": "0000033213",
    "fillingDate": "2001-05-09",
    "acceptedDate": "2001-05-09 00:00:00",
    "calendarYear": "2001",
    "period": "Q1",
    "revenue": 851157000,
    "costOfRevenue": 695893000,
    "grossProfit": 155264000,
    "grossProfitRatio": 0.1824152301,
    "researchAndDevelopmentExpenses": 0,
    "generalAndAdministrativeExpenses": 0,
    "sellingAndMarketingExpenses": 0,
    "sellingGeneralAndAdministrativeExpenses": 29858000,
    "otherExpenses": 17133000,
    "operatingExpenses": 46991000,
    "costAndExpenses": 742884000,
    "interestIncome": 0,
    "interestExpense": 0,
    "depreciationAndAmortization": 17133000,
    "ebitda": 125406000,
    "ebitdaratio": 0.1473359204,
    "operatingIncome": 108273000,
    "operatingIncomeRatio": 0.127206849,
    "totalOtherIncomeExpensesNet": 1464000,
    "incomeBeforeTax": 109737000,
    "incomeBeforeTaxRatio": 0.1289268607,
    "incomeTaxExpense": 38471000,
    "netIncome": 71266000,
    "netIncomeRatio": 0.0837283838,
    "eps": 1.1,
    "epsdiluted": 1.08,
    "weightedAverageShsOut": 64830000,
    "weightedAverageShsOutDil": 66438000,
    "link": "https://www.sec.gov/Archives/edgar/data/33213/000095012801500051/0000950128-01-500051-index.htm",
    "finalLink": "https://www.sec.gov/Archives/edgar/data/33213/000095012801500051/j8824001e10-q.txt"
  },
  {
    "date": "2000-12-31",
    "symbol": "EQT",
    "reportedCurrency": "USD",
    "cik": "0000033213",
    "fillingDate": "2001-03-15",
    "acceptedDate": "2001-03-15 00:00:00",
    "calendarYear": "2000",
    "period": "Q4",
    "revenue": 590522000,
    "costOfRevenue": 483581000,
    "grossProfit": 106941000,
    "grossProfitRatio": 0.1810957085,
    "researchAndDevelopmentExpenses": 0,
    "generalAndAdministrativeExpenses": 0,
    "sellingAndMarketingExpenses": 0,
    "sellingGeneralAndAdministrativeExpenses": 41727000,
    "otherExpenses": 20025000,
    "operatingExpenses": 61752000,
    "costAndExpenses": 545333000,
    "interestIncome": 0,
    "interestExpense": 0,
    "depreciationAndAmortization": 20025000,
    "ebitda": 65214000,
    "ebitdaratio": 0.1104344969,
    "operatingIncome": 45189000,
    "operatingIncomeRatio": 0.0765238213,
    "totalOtherIncomeExpensesNet": 4136000,
    "incomeBeforeTax": 49325000,
    "incomeBeforeTaxRatio": 0.0835277941,
    "incomeTaxExpense": 17621000,
    "netIncome": 31704000,
    "netIncomeRatio": 0.0536880929,
    "eps": 0.24,
    "epsdiluted": 0.24,
    "weightedAverageShsOut": 129876000,
    "weightedAverageShsOutDil": 129876000,
    "link": "https://www.sec.gov/Archives/edgar/data/33213/000095012801000488/0000950128-01-000488-index.htm",
    "finalLink": "https://www.sec.gov/Archives/edgar/data/33213/000095012801000488/j8699301e10-k.txt"
  },
  {
    "date": "2000-09-30",
    "symbol": "EQT",
    "reportedCurrency": "USD",
    "cik": "0000033213",
    "fillingDate": "2000-11-13",
    "acceptedDate": "2000-11-13 00:00:00",
    "calendarYear": "2000",
    "period": "Q3",
    "revenue": 344161000,
    "costOfRevenue": 246629000,
    "grossProfit": 88655000,
    "grossProfitRatio": 0.2575974617,
    "researchAndDevelopmentExpenses": 0,
    "generalAndAdministrativeExpenses": 0,
    "sellingAndMarketingExpenses": 0,
    "sellingGeneralAndAdministrativeExpenses": 24996000,
    "otherExpenses": 21033000,
    "operatingExpenses": 46029000,
    "costAndExpenses": 292658000,
    "interestIncome": 0,
    "interestExpense": 0,
    "depreciationAndAmortization": 21033000,
    "ebitda": 63659000,
    "ebitdaratio": 0.1849686629,
    "operatingIncome": 42626000,
    "operatingIncomeRatio": 0.1238548238,
    "totalOtherIncomeExpensesNet": -15465000,
    "incomeBeforeTax": 27161000,
    "incomeBeforeTaxRatio": 0.0789194592,
    "incomeTaxExpense": 8020000,
    "netIncome": 19141000,
    "netIncomeRatio": 0.0556164121,
    "eps": 0.15,
    "epsdiluted": 0.15,
    "weightedAverageShsOut": 129423136,
    "weightedAverageShsOutDil": 131996824,
    "link": "https://www.sec.gov/Archives/edgar/data/33213/000095012800001324/0000950128-00-001324-index.htm",
    "finalLink": "https://www.sec.gov/Archives/edgar/data/33213/000095012800001324/j8472901e10-q.txt"
  },
  {
    "date": "2000-06-30",
    "symbol": "EQT",
    "reportedCurrency": "USD",
    "cik": "0000033213",
    "fillingDate": "2000-08-11",
    "acceptedDate": "2000-08-11 00:00:00",
    "calendarYear": "2000",
    "period": "Q2",
    "revenue": 338436000,
    "costOfRevenue": 229861000,
    "grossProfit": 102636000,
    "grossProfitRatio": 0.30326561,
    "researchAndDevelopmentExpenses": 0,
    "generalAndAdministrativeExpenses": 0,
    "sellingAndMarketingExpenses": 0,
    "sellingGeneralAndAdministrativeExpenses": 25030000,
    "otherExpenses": 26935000,
    "operatingExpenses": 51965000,
    "costAndExpenses": 281826000,
    "interestIncome": 0,
    "interestExpense": 0,
    "depreciationAndAmortization": 26935000,
    "ebitda": 77606000,
    "ebitdaratio": 0.2293077569,
    "operatingIncome": 50671000,
    "operatingIncomeRatio": 0.1497210699,
    "totalOtherIncomeExpensesNet": -25200000,
    "incomeBeforeTax": 25471000,
    "incomeBeforeTaxRatio": 0.0752609061,
    "incomeTaxExpense": 9246000,
    "netIncome": 16225000,
    "netIncomeRatio": 0.0479411174,
    "eps": 0.13,
    "epsdiluted": 0.12,
    "weightedAverageShsOut": 129423136,
    "weightedAverageShsOutDil": 131996824,
    "link": "https://www.sec.gov/Archives/edgar/data/33213/000095012800001071/0000950128-00-001071-index.htm",
    "finalLink": "https://www.sec.gov/Archives/edgar/data/33213/000095012800001071/e10-q.txt"
  },
  {
    "date": "2000-03-31",
    "symbol": "EQT",
    "reportedCurrency": "USD",
    "cik": "0000033213",
    "fillingDate": "2000-05-12",
    "acceptedDate": "2000-05-12 00:00:00",
    "calendarYear": "2000",
    "period": "Q1",
    "revenue": 379099000,
    "costOfRevenue": 239032000,
    "grossProfit": 135845000,
    "grossProfitRatio": 0.3583364768,
    "researchAndDevelopmentExpenses": 0,
    "generalAndAdministrativeExpenses": 0,
    "sellingAndMarketingExpenses": 0,
    "sellingGeneralAndAdministrativeExpenses": 30313000,
    "otherExpenses": 29784000,
    "operatingExpenses": 60097000,
    "costAndExpenses": 299129000,
    "interestIncome": 0,
    "interestExpense": 0,
    "depreciationAndAmortization": 29784000,
    "ebitda": 105532000,
    "ebitdaratio": 0.2783758332,
    "operatingIncome": 75748000,
    "operatingIncomeRatio": 0.1998106036,
    "totalOtherIncomeExpensesNet": -14361000,
    "incomeBeforeTax": 61387000,
    "incomeBeforeTaxRatio": 0.1619286783,
    "incomeTaxExpense": 22284000,
    "netIncome": 39103000,
    "netIncomeRatio": 0.103147199,
    "eps": 0.3,
    "epsdiluted": 0.3,
    "weightedAverageShsOut": 129423136,
    "weightedAverageShsOutDil": 131996824,
    "link": "https://www.sec.gov/Archives/edgar/data/33213/000095012800000795/0000950128-00-000795-index.html",
    "finalLink": "https://www.sec.gov/Archives/edgar/data/33213/000095012800000795/"
  },
  {
    "date": "1999-12-31",
    "symbol": "EQT",
    "reportedCurrency": "USD",
    "cik": "0000033213",
    "fillingDate": "2000-03-17",
    "acceptedDate": "2000-03-17 00:00:00",
    "calendarYear": "1999",
    "period": "Q4",
    "revenue": 261400000,
    "costOfRevenue": 143600000,
    "grossProfit": 117800000,
    "grossProfitRatio": 0.4506503443,
    "researchAndDevelopmentExpenses": 0,
    "generalAndAdministrativeExpenses": 0,
    "sellingAndMarketingExpenses": 0,
    "sellingGeneralAndAdministrativeExpenses": 22500000,
    "otherExpenses": 46400000,
    "operatingExpenses": 68900000,
    "costAndExpenses": 212500000,
    "interestIncome": 0,
    "interestExpense": 0,
    "depreciationAndAmortization": 46400000,
    "ebitda": 95300000,
    "ebitdaratio": 0.3645753634,
    "operatingIncome": 48900000,
    "operatingIncomeRatio": 0.1870696251,
    "totalOtherIncomeExpensesNet": -9800000,
    "incomeBeforeTax": 39100000,
    "incomeBeforeTaxRatio": 0.149579189,
    "incomeTaxExpense": 12700000,
    "netIncome": 26400000,
    "netIncomeRatio": 0.1009946442,
    "eps": 0.2,
    "epsdiluted": 0.2,
    "weightedAverageShsOut": 128970272,
    "weightedAverageShsOutDil": 134117647,
    "link": "https://www.sec.gov/Archives/edgar/data/33213/000095012800000541/0000950128-00-000541-index.html",
    "finalLink": "https://www.sec.gov/Archives/edgar/data/33213/000095012800000541/"
  },
  {
    "date": "1999-09-30",
    "symbol": "EQT",
    "reportedCurrency": "USD",
    "cik": "0000033213",
    "fillingDate": "1999-11-12",
    "acceptedDate": "1999-11-12 00:00:00",
    "calendarYear": "1999",
    "period": "Q3",
    "revenue": 191600000,
    "costOfRevenue": 125522000,
    "grossProfit": 67659000,
    "grossProfitRatio": 0.3531263048,
    "researchAndDevelopmentExpenses": 0,
    "generalAndAdministrativeExpenses": 0,
    "sellingAndMarketingExpenses": 0,
    "sellingGeneralAndAdministrativeExpenses": 24767000,
    "otherExpenses": 25585000,
    "operatingExpenses": 50352000,
    "costAndExpenses": 175874000,
    "interestIncome": 0,
    "interestExpense": 0,
    "depreciationAndAmortization": 25400000,
    "ebitda": 42892000,
    "ebitdaratio": 0.2238622129,
    "operatingIncome": 17307000,
    "operatingIncomeRatio": 0.09032881,
    "totalOtherIncomeExpensesNet": -7503000,
    "incomeBeforeTax": 9804000,
    "incomeBeforeTaxRatio": 0.0511691023,
    "incomeTaxExpense": 4074000,
    "netIncome": 5730000,
    "netIncomeRatio": 0.0299060543,
    "eps": 0.0425,
    "epsdiluted": 0.0425,
    "weightedAverageShsOut": 134976000,
    "weightedAverageShsOutDil": 137092000,
    "link": "https://www.sec.gov/Archives/edgar/data/33213/000003321399000016/0000033213-99-000016-index.html",
    "finalLink": "https://www.sec.gov/Archives/edgar/data/33213/000003321399000016/"
  },
  {
    "date": "1999-06-30",
    "symbol": "EQT",
    "reportedCurrency": "USD",
    "cik": "0000033213",
    "fillingDate": "1999-08-16",
    "acceptedDate": "1999-08-16 00:00:00",
    "calendarYear": "1999",
    "period": "Q2",
    "revenue": 189600000,
    "costOfRevenue": 114997000,
    "grossProfit": 75577000,
    "grossProfitRatio": 0.3986128692,
    "researchAndDevelopmentExpenses": 0,
    "generalAndAdministrativeExpenses": 0,
    "sellingAndMarketingExpenses": 0,
    "sellingGeneralAndAdministrativeExpenses": 24383000,
    "otherExpenses": 30825000,
    "operatingExpenses": 55208000,
    "costAndExpenses": 170205000,
    "interestIncome": 0,
    "interestExpense": 0,
    "depreciationAndAmortization": 30200000,
    "ebitda": 51194000,
    "ebitdaratio": 0.2700105485,
    "operatingIncome": 20369000,
    "operatingIncomeRatio": 0.1074314346,
    "totalOtherIncomeExpensesNet": -8388000,
    "incomeBeforeTax": 11981000,
    "incomeBeforeTaxRatio": 0.0631909283,
    "incomeTaxExpense": 4743000,
    "netIncome": 7238000,
    "netIncomeRatio": 0.0381751055,
    "eps": 0.0525,
    "epsdiluted": 0.0525,
    "weightedAverageShsOut": 137866667,
    "weightedAverageShsOutDil": 137866667,
    "link": "https://www.sec.gov/Archives/edgar/data/33213/000003321399000014/0000033213-99-000014-index.html",
    "finalLink": "https://www.sec.gov/Archives/edgar/data/33213/000003321399000014/"
  },
  {
    "date": "1999-03-31",
    "symbol": "EQT",
    "reportedCurrency": "USD",
    "cik": "0000033213",
    "fillingDate": "1999-05-14",
    "acceptedDate": "1999-05-14 00:00:00",
    "calendarYear": "1999",
    "period": "Q1",
    "revenue": 420100000,
    "costOfRevenue": 321400000,
    "grossProfit": 98700000,
    "grossProfitRatio": 0.2349440609,
    "researchAndDevelopmentExpenses": 0,
    "generalAndAdministrativeExpenses": 0,
    "sellingAndMarketingExpenses": 0,
    "sellingGeneralAndAdministrativeExpenses": 20500000,
    "otherExpenses": 21800000,
    "operatingExpenses": 42300000,
    "costAndExpenses": 363700000,
    "interestIncome": 0,
    "interestExpense": 0,
    "depreciationAndAmortization": 21800000,
    "ebitda": 78200000,
    "ebitdaratio": 0.1861461557,
    "operatingIncome": 56400000,
    "operatingIncomeRatio": 0.1342537491,
    "totalOtherIncomeExpensesNet": -8800000,
    "incomeBeforeTax": 47600000,
    "incomeBeforeTaxRatio": 0.1133063556,
    "incomeTaxExpense": 17900000,
    "netIncome": 29700000,
    "netIncomeRatio": 0.070697453,
    "eps": 0.21,
    "epsdiluted": 0.21,
    "weightedAverageShsOut": 141428571,
    "weightedAverageShsOutDil": 141428571,
    "link": "https://www.sec.gov/Archives/edgar/data/33213/000003321399000005/0000033213-99-000005-index.html",
    "finalLink": "https://www.sec.gov/Archives/edgar/data/33213/"
  },
  {
    "date": "1998-12-31",
    "symbol": "EQT",
    "reportedCurrency": "USD",
    "cik": "0000033213",
    "fillingDate": "1999-03-19",
    "acceptedDate": "1999-03-19 00:00:00",
    "calendarYear": "1998",
    "period": "Q4",
    "revenue": 254900000,
    "costOfRevenue": 141900000,
    "grossProfit": 113000000,
    "grossProfitRatio": 0.4433111024,
    "researchAndDevelopmentExpenses": 0,
    "generalAndAdministrativeExpenses": 0,
    "sellingAndMarketingExpenses": 0,
    "sellingGeneralAndAdministrativeExpenses": 0,
    "otherExpenses": 196100000,
    "operatingExpenses": 196100000,
    "costAndExpenses": 338000000,
    "interestIncome": 0,
    "interestExpense": 0,
    "depreciationAndAmortization": 28400000,
    "ebitda": 24500000,
    "ebitdaratio": 0.096116124,
    "operatingIncome": -83100000,
    "operatingIncomeRatio": -0.3260102001,
    "totalOtherIncomeExpensesNet": -12400000,
    "incomeBeforeTax": -95500000,
    "incomeBeforeTaxRatio": -0.3746567281,
    "incomeTaxExpense": -39400000,
    "netIncome": -68600000,
    "netIncomeRatio": -0.2691251471,
    "eps": -0.51,
    "epsdiluted": -0.51,
    "weightedAverageShsOut": 133333333,
    "weightedAverageShsOutDil": 133333333,
    "link": "https://www.sec.gov/Archives/edgar/data/33213/000003321399000003/0000033213-99-000003-index.html",
    "finalLink": "https://www.sec.gov/Archives/edgar/data/33213/"
  },
  {
    "date": "1998-09-30",
    "symbol": "EQT",
    "reportedCurrency": "USD",
    "cik": "0000033213",
    "fillingDate": "1998-11-13",
    "acceptedDate": "1998-11-13 00:00:00",
    "calendarYear": "1998",
    "period": "Q3",
    "revenue": 159300000,
    "costOfRevenue": 99000000,
    "grossProfit": 57700000,
    "grossProfitRatio": 0.3622096673,
    "researchAndDevelopmentExpenses": 0,
    "generalAndAdministrativeExpenses": 0,
    "sellingAndMarketingExpenses": 0,
    "sellingGeneralAndAdministrativeExpenses": 23900000,
    "otherExpenses": 21100000,
    "operatingExpenses": 45000000,
    "costAndExpenses": 144000000,
    "interestIncome": 0,
    "interestExpense": 0,
    "depreciationAndAmortization": 21000000,
    "ebitda": 33800000,
    "ebitdaratio": 0.21217828,
    "operatingIncome": 12700000,
    "operatingIncomeRatio": 0.0797237916,
    "totalOtherIncomeExpensesNet": -8400000,
    "incomeBeforeTax": 4300000,
    "incomeBeforeTaxRatio": 0.0269930948,
    "incomeTaxExpense": 2300000,
    "netIncome": 2000000,
    "netIncomeRatio": 0.0125549278,
    "eps": 0.015,
    "epsdiluted": 0.015,
    "weightedAverageShsOut": 133333333,
    "weightedAverageShsOutDil": 133333333,
    "link": "https://www.sec.gov/Archives/edgar/data/33213/000003321398000026/0000033213-98-000026-index.html",
    "finalLink": "https://www.sec.gov/Archives/edgar/data/33213/"
  },
  {
    "date": "1998-06-30",
    "symbol": "EQT",
    "reportedCurrency": "USD",
    "cik": "0000033213",
    "fillingDate": "1998-09-04",
    "acceptedDate": "1998-09-04 00:00:00",
    "calendarYear": "1998",
    "period": "Q2",
    "revenue": 182100000,
    "costOfRevenue": 124300000,
    "grossProfit": 56500000,
    "grossProfitRatio": 0.3102690829,
    "researchAndDevelopmentExpenses": 0,
    "generalAndAdministrativeExpenses": 0,
    "sellingAndMarketingExpenses": 0,
    "sellingGeneralAndAdministrativeExpenses": 24000000,
    "otherExpenses": 20300000,
    "operatingExpenses": 44300000,
    "costAndExpenses": 168600000,
    "interestIncome": 0,
    "interestExpense": 0,
    "depreciationAndAmortization": 20400000,
    "ebitda": 32600000,
    "ebitdaratio": 0.1790225151,
    "operatingIncome": 12200000,
    "operatingIncomeRatio": 0.066996156,
    "totalOtherIncomeExpensesNet": -8700000,
    "incomeBeforeTax": 3500000,
    "incomeBeforeTaxRatio": 0.0192202087,
    "incomeTaxExpense": 1200000,
    "netIncome": 2300000,
    "netIncomeRatio": 0.0126304228,
    "eps": 0.015,
    "epsdiluted": 0.015,
    "weightedAverageShsOut": 153333333,
    "weightedAverageShsOutDil": 153333333,
    "link": "https://www.sec.gov/Archives/edgar/data/33213/000003321398000023/0000033213-98-000023-index.html",
    "finalLink": "https://www.sec.gov/Archives/edgar/data/33213/"
  },
  {
    "date": "1998-03-31",
    "symbol": "EQT",
    "reportedCurrency": "USD",
    "cik": "0000033213",
    "fillingDate": "1998-05-15",
    "acceptedDate": "1998-05-15 00:00:00",
    "calendarYear": "1998",
    "period": "Q1",
    "revenue": 299400000,
    "costOfRevenue": 186200000,
    "grossProfit": 97200000,
    "grossProfitRatio": 0.3246492986,
    "researchAndDevelopmentExpenses": 0,
    "generalAndAdministrativeExpenses": 0,
    "sellingAndMarketingExpenses": 0,
    "sellingGeneralAndAdministrativeExpenses": 27000000,
    "otherExpenses": 23400000,
    "operatingExpenses": 50400000,
    "costAndExpenses": 236600000,
    "interestIncome": 0,
    "interestExpense": 0,
    "depreciationAndAmortization": 22000000,
    "ebitda": 70200000,
    "ebitdaratio": 0.2344689379,
    "operatingIncome": 46800000,
    "operatingIncomeRatio": 0.1563126253,
    "totalOtherIncomeExpensesNet": -8600000,
    "incomeBeforeTax": 38200000,
    "incomeBeforeTaxRatio": 0.1275885104,
    "incomeTaxExpense": 13500000,
    "netIncome": 20100000,
    "netIncomeRatio": 0.0671342685,
    "eps": 0.14,
    "epsdiluted": 0.14,
    "weightedAverageShsOut": 148888889,
    "weightedAverageShsOutDil": 148888889,
    "link": "https://www.sec.gov/Archives/edgar/data/33213/000003321398000010/0000033213-98-000010-index.html",
    "finalLink": "https://www.sec.gov/Archives/edgar/data/33213/"
  },
  {
    "date": "1997-12-31",
    "symbol": "EQT",
    "reportedCurrency": "USD",
    "cik": "0000033213",
    "fillingDate": "1998-03-23",
    "acceptedDate": "1998-03-23 00:00:00",
    "calendarYear": "1997",
    "period": "Q4",
    "revenue": 689600000,
    "costOfRevenue": 595200000,
    "grossProfit": 94400000,
    "grossProfitRatio": 0.1368909513,
    "researchAndDevelopmentExpenses": 0,
    "generalAndAdministrativeExpenses": 0,
    "sellingAndMarketingExpenses": 0,
    "sellingGeneralAndAdministrativeExpenses": 0,
    "otherExpenses": 39300000,
    "operatingExpenses": 39300000,
    "costAndExpenses": 634500000,
    "interestIncome": 0,
    "interestExpense": 0,
    "depreciationAndAmortization": 31200000,
    "ebitda": 86300000,
    "ebitdaratio": 0.1251450116,
    "operatingIncome": 55100000,
    "operatingIncomeRatio": 0.0799013921,
    "totalOtherIncomeExpensesNet": 14800000,
    "incomeBeforeTax": 69900000,
    "incomeBeforeTaxRatio": 0.101363109,
    "incomeTaxExpense": 27300000,
    "netIncome": 42600000,
    "netIncomeRatio": 0.061774942,
    "eps": 0.29,
    "epsdiluted": 0.29,
    "weightedAverageShsOut": 144680851,
    "weightedAverageShsOutDil": 144680851,
    "link": "https://www.sec.gov/Archives/edgar/data/33213/000003321398000006/0000033213-98-000006-index.html",
    "finalLink": "https://www.sec.gov/Archives/edgar/data/33213/"
  },
  {
    "date": "1997-09-30",
    "symbol": "EQT",
    "reportedCurrency": "USD",
    "cik": "0000033213",
    "fillingDate": "1997-11-14",
    "acceptedDate": "1997-11-14 00:00:00",
    "calendarYear": "1997",
    "period": "Q3",
    "revenue": 508100000,
    "costOfRevenue": 121900000,
    "grossProfit": 43400000,
    "grossProfitRatio": 0.0854162566,
    "researchAndDevelopmentExpenses": 0,
    "generalAndAdministrativeExpenses": 0,
    "sellingAndMarketingExpenses": 0,
    "sellingGeneralAndAdministrativeExpenses": 0,
    "otherExpenses": 35000000,
    "operatingExpenses": 35000000,
    "costAndExpenses": 156900000,
    "interestIncome": 0,
    "interestExpense": 0,
    "depreciationAndAmortization": 18400000,
    "ebitda": 37500000,
    "ebitdaratio": 0.0738043692,
    "operatingIncome": 8400000,
    "operatingIncomeRatio": 0.0165321787,
    "totalOtherIncomeExpensesNet": 16400000,
    "incomeBeforeTax": 24800000,
    "incomeBeforeTaxRatio": 0.0488092895,
    "incomeTaxExpense": 8400000,
    "netIncome": 17000000,
    "netIncomeRatio": 0.0334579807,
    "eps": 0.12,
    "epsdiluted": 0.12,
    "weightedAverageShsOut": 144680851,
    "weightedAverageShsOutDil": 144680851,
    "link": "https://www.sec.gov/Archives/edgar/data/33213/000003321397000028/0000033213-97-000028-index.html",
    "finalLink": "https://www.sec.gov/Archives/edgar/data/33213/"
  },
  {
    "date": "1997-06-30",
    "symbol": "EQT",
    "reportedCurrency": "USD",
    "cik": "0000033213",
    "fillingDate": "1997-08-14",
    "acceptedDate": "1997-08-14 00:00:00",
    "calendarYear": "1997",
    "period": "Q2",
    "revenue": 400800000,
    "costOfRevenue": 144300000,
    "grossProfit": 33600000,
    "grossProfitRatio": 0.0838323353,
    "researchAndDevelopmentExpenses": 0,
    "generalAndAdministrativeExpenses": 0,
    "sellingAndMarketingExpenses": 0,
    "sellingGeneralAndAdministrativeExpenses": 0,
    "otherExpenses": 38100000,
    "operatingExpenses": 38100000,
    "costAndExpenses": 182400000,
    "interestIncome": 0,
    "interestExpense": 0,
    "depreciationAndAmortization": 17300000,
    "ebitda": 25800000,
    "ebitdaratio": 0.0643712575,
    "operatingIncome": -4500000,
    "operatingIncomeRatio": -0.0112275449,
    "totalOtherIncomeExpensesNet": -8700000,
    "incomeBeforeTax": -13200000,
    "incomeBeforeTaxRatio": -0.0329341317,
    "incomeTaxExpense": -5500000,
    "netIncome": -9300000,
    "netIncomeRatio": -0.0232035928,
    "eps": -0.0657,
    "epsdiluted": -0.0657,
    "weightedAverageShsOut": 141538462,
    "weightedAverageShsOutDil": 141538462,
    "link": "https://www.sec.gov/Archives/edgar/data/33213/000003321397000025/0000033213-97-000025-index.html",
    "finalLink": "https://www.sec.gov/Archives/edgar/data/33213/"
  },
  {
    "date": "1997-03-31",
    "symbol": "EQT",
    "reportedCurrency": "USD",
    "cik": "0000033213",
    "fillingDate": "1997-05-12",
    "acceptedDate": "1997-05-12 00:00:00",
    "calendarYear": "1997",
    "period": "Q1",
    "revenue": 552600000,
    "costOfRevenue": 232100000,
    "grossProfit": 80400000,
    "grossProfitRatio": 0.1454940282,
    "researchAndDevelopmentExpenses": 0,
    "generalAndAdministrativeExpenses": 0,
    "sellingAndMarketingExpenses": 0,
    "sellingGeneralAndAdministrativeExpenses": 0,
    "otherExpenses": 31000000,
    "operatingExpenses": 31000000,
    "costAndExpenses": 263100000,
    "interestIncome": 0,
    "interestExpense": 0,
    "depreciationAndAmortization": 17000000,
    "ebitda": 66400000,
    "ebitdaratio": 0.1201592472,
    "operatingIncome": 49400000,
    "operatingIncomeRatio": 0.0893955845,
    "totalOtherIncomeExpensesNet": -9700000,
    "incomeBeforeTax": 39700000,
    "incomeBeforeTaxRatio": 0.0718422005,
    "incomeTaxExpense": 14500000,
    "netIncome": 27800000,
    "netIncomeRatio": 0.0503076366,
    "eps": 0.2,
    "epsdiluted": 0.2,
    "weightedAverageShsOut": 142564103,
    "weightedAverageShsOutDil": 142564103,
    "link": "https://www.sec.gov/Archives/edgar/data/33213/000003321397000012/0000033213-97-000012-index.html",
    "finalLink": "https://www.sec.gov/Archives/edgar/data/33213/"
  },
  {
    "date": "1996-12-31",
    "symbol": "EQT",
    "reportedCurrency": "USD",
    "cik": "0000033213",
    "fillingDate": "1997-03-24",
    "acceptedDate": "1997-03-24 00:00:00",
    "calendarYear": "1996",
    "period": "Q4",
    "revenue": 472700000,
    "costOfRevenue": 395700000,
    "grossProfit": 77000000,
    "grossProfitRatio": 0.1628940131,
    "researchAndDevelopmentExpenses": 0,
    "generalAndAdministrativeExpenses": 0,
    "sellingAndMarketingExpenses": 0,
    "sellingGeneralAndAdministrativeExpenses": 0,
    "otherExpenses": 30600000,
    "operatingExpenses": 30600000,
    "costAndExpenses": 426300000,
    "interestIncome": 0,
    "interestExpense": 0,
    "depreciationAndAmortization": 19900000,
    "ebitda": 66300000,
    "ebitdaratio": 0.1402580918,
    "operatingIncome": 46400000,
    "operatingIncomeRatio": 0.0981595092,
    "totalOtherIncomeExpensesNet": -12100000,
    "incomeBeforeTax": 34300000,
    "incomeBeforeTaxRatio": 0.0725618786,
    "incomeTaxExpense": 10900000,
    "netIncome": 23400000,
    "netIncomeRatio": 0.0495028559,
    "eps": 0.16,
    "epsdiluted": 0.16,
    "weightedAverageShsOut": 148000000,
    "weightedAverageShsOutDil": 148000000,
    "link": "https://www.sec.gov/Archives/edgar/data/33213/000003321397000004/0000033213-97-000004-index.html",
    "finalLink": "https://www.sec.gov/Archives/edgar/data/33213/"
  },
  {
    "date": "1996-09-30",
    "symbol": "EQT",
    "reportedCurrency": "USD",
    "cik": "0000033213",
    "fillingDate": "1996-11-14",
    "acceptedDate": "1996-11-14 00:00:00",
    "calendarYear": "1996",
    "period": "Q3",
    "revenue": 357000000,
    "costOfRevenue": 325100000,
    "grossProfit": 31900000,
    "grossProfitRatio": 0.0893557423,
    "researchAndDevelopmentExpenses": 0,
    "generalAndAdministrativeExpenses": 0,
    "sellingAndMarketingExpenses": 0,
    "sellingGeneralAndAdministrativeExpenses": 0,
    "otherExpenses": 28000000,
    "operatingExpenses": 28000000,
    "costAndExpenses": 353100000,
    "interestIncome": 0,
    "interestExpense": 0,
    "depreciationAndAmortization": 20800000,
    "ebitda": 24700000,
    "ebitdaratio": 0.0691876751,
    "operatingIncome": 3900000,
    "operatingIncomeRatio": 0.0109243697,
    "totalOtherIncomeExpensesNet": -11100000,
    "incomeBeforeTax": -7200000,
    "incomeBeforeTaxRatio": -0.0201680672,
    "incomeTaxExpense": -3500000,
    "netIncome": -3700000,
    "netIncomeRatio": -0.0103641457,
    "eps": -0.025,
    "epsdiluted": -0.025,
    "weightedAverageShsOut": 148000000,
    "weightedAverageShsOutDil": 148000000,
    "link": "https://www.sec.gov/Archives/edgar/data/33213/000003321396000013/0000033213-96-000013-index.html",
    "finalLink": "https://www.sec.gov/Archives/edgar/data/33213/"
  },
  {
    "date": "1996-06-30",
    "symbol": "EQT",
    "reportedCurrency": "USD",
    "cik": "0000033213",
    "fillingDate": "1996-08-14",
    "acceptedDate": "1996-08-14 00:00:00",
    "calendarYear": "1996",
    "period": "Q2",
    "revenue": 391800000,
    "costOfRevenue": 353700000,
    "grossProfit": 38100000,
    "grossProfitRatio": 0.0972434916,
    "researchAndDevelopmentExpenses": 0,
    "generalAndAdministrativeExpenses": 0,
    "sellingAndMarketingExpenses": 0,
    "sellingGeneralAndAdministrativeExpenses": 0,
    "otherExpenses": 29200000,
    "operatingExpenses": 29200000,
    "costAndExpenses": 382900000,
    "interestIncome": 0,
    "interestExpense": 0,
    "depreciationAndAmortization": 20100000,
    "ebitda": 29000000,
    "ebitdaratio": 0.0740173558,
    "operatingIncome": 8900000,
    "operatingIncomeRatio": 0.0227156713,
    "totalOtherIncomeExpensesNet": -7200000,
    "incomeBeforeTax": 1700000,
    "incomeBeforeTaxRatio": 0.0043389484,
    "incomeTaxExpense": 800000,
    "netIncome": 900000,
    "netIncomeRatio": 0.0022970904,
    "eps": 0.0075,
    "epsdiluted": 0.0075,
    "weightedAverageShsOut": 120000000,
    "weightedAverageShsOutDil": 120000000,
    "link": "https://www.sec.gov/Archives/edgar/data/33213/000003321396000012/0000033213-96-000012-index.html",
    "finalLink": "https://www.sec.gov/Archives/edgar/data/33213/"
  },
  {
    "date": "1996-03-31",
    "symbol": "EQT",
    "reportedCurrency": "USD",
    "cik": "0000033213",
    "fillingDate": "1996-05-14",
    "acceptedDate": "1996-05-14 00:00:00",
    "calendarYear": "1996",
    "period": "Q1",
    "revenue": 640300000,
    "costOfRevenue": 534100000,
    "grossProfit": 106200000,
    "grossProfitRatio": 0.1658597532,
    "researchAndDevelopmentExpenses": 0,
    "generalAndAdministrativeExpenses": 0,
    "sellingAndMarketingExpenses": 0,
    "sellingGeneralAndAdministrativeExpenses": 0,
    "otherExpenses": 36900000,
    "operatingExpenses": 36900000,
    "costAndExpenses": 571000000,
    "interestIncome": 0,
    "interestExpense": 0,
    "depreciationAndAmortization": 21600000,
    "ebitda": 90900000,
    "ebitdaratio": 0.141964704,
    "operatingIncome": 69300000,
    "operatingIncomeRatio": 0.1082305169,
    "totalOtherIncomeExpensesNet": -8200000,
    "incomeBeforeTax": 61100000,
    "incomeBeforeTaxRatio": 0.09542402,
    "incomeTaxExpense": 22400000,
    "netIncome": 38700000,
    "netIncomeRatio": 0.0604404186,
    "eps": 0.28,
    "epsdiluted": 0.28,
    "weightedAverageShsOut": 139459459,
    "weightedAverageShsOutDil": 140727273,
    "link": "https://www.sec.gov/Archives/edgar/data/33213/000003321396000008/0000033213-96-000008-index.html",
    "finalLink": "https://www.sec.gov/Archives/edgar/data/33213/"
  },
  {
    "date": "1995-12-31",
    "symbol": "EQT",
    "reportedCurrency": "USD",
    "cik": "0000033213",
    "fillingDate": "1996-04-26",
    "acceptedDate": "1996-04-26 00:00:00",
    "calendarYear": "1995",
    "period": "Q4",
    "revenue": 433800000,
    "costOfRevenue": 324700000,
    "grossProfit": 109100000,
    "grossProfitRatio": 0.2514983864,
    "researchAndDevelopmentExpenses": 0,
    "generalAndAdministrativeExpenses": 0,
    "sellingAndMarketingExpenses": 0,
    "sellingGeneralAndAdministrativeExpenses": 0,
    "otherExpenses": 154900000,
    "operatingExpenses": 154900000,
    "costAndExpenses": 479600000,
    "interestIncome": 0,
    "interestExpense": 0,
    "depreciationAndAmortization": 20400000,
    "ebitda": 95700000,
    "ebitdaratio": 0.2206085754,
    "operatingIncome": -45800000,
    "operatingIncomeRatio": -0.1055786077,
    "totalOtherIncomeExpensesNet": -10000000,
    "incomeBeforeTax": -55800000,
    "incomeBeforeTaxRatio": -0.1286307054,
    "incomeTaxExpense": -29000000,
    "netIncome": -26800000,
    "netIncomeRatio": -0.0617796219,
    "eps": -0.2,
    "epsdiluted": -0.2,
    "weightedAverageShsOut": 136000000,
    "weightedAverageShsOutDil": 136000000,
    "link": "https://www.sec.gov/Archives/edgar/data/33213/000003321396000006/0000033213-96-000006-index.html",
    "finalLink": "https://www.sec.gov/Archives/edgar/data/33213/"
  },
  {
    "date": "1995-09-30",
    "symbol": "EQT",
    "reportedCurrency": "USD",
    "cik": "0000033213",
    "fillingDate": "1995-11-14",
    "acceptedDate": "1995-11-14 00:00:00",
    "calendarYear": "1995",
    "period": "Q3",
    "revenue": 271000000,
    "costOfRevenue": 223400000,
    "grossProfit": 47600000,
    "grossProfitRatio": 0.1756457565,
    "researchAndDevelopmentExpenses": 0,
    "generalAndAdministrativeExpenses": 0,
    "sellingAndMarketingExpenses": 0,
    "sellingGeneralAndAdministrativeExpenses": 0,
    "otherExpenses": 33100000,
    "operatingExpenses": 33100000,
    "costAndExpenses": 256500000,
    "interestIncome": 0,
    "interestExpense": 0,
    "depreciationAndAmortization": 26800000,
    "ebitda": 41300000,
    "ebitdaratio": 0.152398524,
    "operatingIncome": 14500000,
    "operatingIncomeRatio": 0.0535055351,
    "totalOtherIncomeExpensesNet": -14100000,
    "incomeBeforeTax": 400000,
    "incomeBeforeTaxRatio": 0.0014760148,
    "incomeTaxExpense": -1300000,
    "netIncome": 1700000,
    "netIncomeRatio": 0.0062730627,
    "eps": 0.0125,
    "epsdiluted": 0.0125,
    "weightedAverageShsOut": 136000000,
    "weightedAverageShsOutDil": 136000000,
    "link": "https://www.sec.gov/Archives/edgar/data/33213/000003321395000012/0000033213-95-000012-index.html",
    "finalLink": "https://www.sec.gov/Archives/edgar/data/33213/"
  }
]