[
  {
    "date": "2024-12-31",
    "symbol": "EQT",
    "reportedCurrency": "USD",
    "cik": "0000033213",
    "fillingDate": "2025-02-19",
    "acceptedDate": "2025-02-19 16:16:15",
    "calendarYear": "2024",
    "period": "FY",
    "revenue": 5222192000,
    "costOfRevenue": 4454973000,
    "grossProfit": 767219000,
    "grossProfitRatio": 0.1469151268,
    "researchAndDevelopmentExpenses": 0,
    "generalAndAdministrativeExpenses": 0,
    "sellingAndMarketingExpenses": 0,
    "sellingGeneralAndAdministrativeExpenses": 336724000,
    "otherExpenses": -254801000,
    "operatingExpenses": 81923000,
    "costAndExpenses": 4536896000,
    "interestIncome": 0,
    "interestExpense": 454825000,
    "depreciationAndAmortization": 2162350000,
    "ebitda": 2881369000,
    "ebitdaratio": 0.5517547038,
    "operatingIncome": 685296000,
    "operatingIncomeRatio": 0.1312276531,
    "totalOtherIncomeExpensesNet": -421102000,
    "incomeBeforeTax": 264194000,
    "incomeBeforeTaxRatio": 0.0505906332,
    "incomeTaxExpense": 22079000,
    "netIncome": 230577000,
    "netIncomeRatio": 0.0441532981,
    "eps": 0.45,
    "epsdiluted": 0.41,
    "weightedAverageShsOut": 509597000,
    "weightedAverageShsOutDil": 559603000,
    "link": "https://www.sec.gov/Archives/edgar/data/33213/000003321325000011/0000033213-25-000011-index.htm",
    "finalLink": "https://www.sec.gov/Archives/edgar/data/33213/000003321325000011/eqt-20241231.htm"
  },
  {
    "date": "2023-12-31",
    "symbol": "EQT",
    "reportedCurrency": "USD",
    "cik": "0000033213",
    "fillingDate": "2024-02-14",
    "acceptedDate": "2024-02-14 16:16:52",
    "calendarYear": "2023",
    "period": "FY",
    "revenue": 5069982000,
    "costOfRevenue": 4128403000,
    "grossProfit": 941579000,
    "grossProfitRatio": 0.1857164384,
    "researchAndDevelopmentExpenses": 0,
    "generalAndAdministrativeExpenses": 0,
    "sellingAndMarketingExpenses": 0,
    "sellingGeneralAndAdministrativeExpenses": 236171000,
    "otherExpenses": -1609003000,
    "operatingExpenses": -1372832000,
    "costAndExpenses": 2755571000,
    "interestIncome": 0,
    "interestExpense": 219660000,
    "depreciationAndAmortization": 1732142000,
    "ebitda": 4055300000,
    "ebitdaratio": 0.7998647727,
    "operatingIncome": 2314411000,
    "operatingIncomeRatio": 0.4564929422,
    "totalOtherIncomeExpensesNet": -210913000,
    "incomeBeforeTax": 2103498000,
    "incomeBeforeTaxRatio": 0.4148925973,
    "incomeTaxExpense": 368954000,
    "netIncome": 1735232000,
    "netIncomeRatio": 0.3422560475,
    "eps": 4.56,
    "epsdiluted": 4.2,
    "weightedAverageShsOut": 380902000,
    "weightedAverageShsOutDil": 413224000,
    "link": "https://www.sec.gov/Archives/edgar/data/33213/000003321324000008/0000033213-24-000008-index.htm",
    "finalLink": "https://www.sec.gov/Archives/edgar/data/33213/000003321324000008/eqt-20231231.htm"
  },
  {
    "date": "2022-12-31",
    "symbol": "EQT",
    "reportedCurrency": "USD",
    "cik": "0000033213",
    "fillingDate": "2023-02-16",
    "acceptedDate": "2023-02-16 16:18:29",
    "calendarYear": "2022",
    "period": "FY",
    "revenue": 12140621000,
    "costOfRevenue": 4081326000,
    "grossProfit": 8059295000,
    "grossProfitRatio": 0.6638288931,
    "researchAndDevelopmentExpenses": 0,
    "generalAndAdministrativeExpenses": 0,
    "sellingAndMarketingExpenses": 0,
    "sellingGeneralAndAdministrativeExpenses": 252645000,
    "otherExpenses": 5088653000,
    "operatingExpenses": 5341298000,
    "costAndExpenses": 9422624000,
    "interestIncome": 0,
    "interestExpense": 249655000,
    "depreciationAndAmortization": 1665962000,
    "ebitda": 4250279000,
    "ebitdaratio": 0.3500874461,
    "operatingIncome": 2717997000,
    "operatingIncomeRatio": 0.2238762745,
    "totalOtherIncomeExpensesNet": -383335000,
    "incomeBeforeTax": 2334662000,
    "incomeBeforeTaxRatio": 0.1923016953,
    "incomeTaxExpense": 553720000,
    "netIncome": 1770965000,
    "netIncomeRatio": 0.1458710391,
    "eps": 4.79,
    "epsdiluted": 4.38,
    "weightedAverageShsOut": 370048000,
    "weightedAverageShsOutDil": 406495000,
    "link": "https://www.sec.gov/Archives/edgar/data/33213/000003321323000008/0000033213-23-000008-index.htm",
    "finalLink": "https://www.sec.gov/Archives/edgar/data/33213/000003321323000008/eqt-20221231.htm"
  },
  {
    "date": "2021-12-31",
    "symbol": "EQT",
    "reportedCurrency": "USD",
    "cik": "0000033213",
    "fillingDate": "2022-02-10",
    "acceptedDate": "2022-02-10 16:16:42",
    "calendarYear": "2021",
    "period": "FY",
    "revenue": 6839705000,
    "costOfRevenue": 3844146000,
    "grossProfit": 2995559000,
    "grossProfitRatio": 0.4379661111,
    "researchAndDevelopmentExpenses": 0,
    "generalAndAdministrativeExpenses": 0,
    "sellingAndMarketingExpenses": 0,
    "sellingGeneralAndAdministrativeExpenses": 196315000,
    "otherExpenses": 4160219000,
    "operatingExpenses": 4356534000,
    "costAndExpenses": 8200680000,
    "interestIncome": 0,
    "interestExpense": 289753000,
    "depreciationAndAmortization": 1708877000,
    "ebitda": 429092000,
    "ebitdaratio": 0.0627354542,
    "operatingIncome": -1360975000,
    "operatingIncomeRatio": -0.198981535,
    "totalOtherIncomeExpensesNet": -208563000,
    "incomeBeforeTax": -1569538000,
    "incomeBeforeTaxRatio": -0.2294745168,
    "incomeTaxExpense": -428037000,
    "netIncome": -1142747000,
    "netIncomeRatio": -0.1670754806,
    "eps": -3.57,
    "epsdiluted": -3.57,
    "weightedAverageShsOut": 323196000,
    "weightedAverageShsOutDil": 323196000,
    "link": "https://www.sec.gov/Archives/edgar/data/33213/000003321322000007/0000033213-22-000007-index.htm",
    "finalLink": "https://www.sec.gov/Archives/edgar/data/33213/000003321322000007/eqt-20211231.htm"
  },
  {
    "date": "2020-12-31",
    "symbol": "EQT",
    "reportedCurrency": "USD",
    "cik": "0000033213",
    "fillingDate": "2021-02-17",
    "acceptedDate": "2021-02-17 16:16:35",
    "calendarYear": "2020",
    "period": "FY",
    "revenue": 2658629000,
    "costOfRevenue": 1574874000,
    "grossProfit": 1083755000,
    "grossProfitRatio": 0.4076367932,
    "researchAndDevelopmentExpenses": 0,
    "generalAndAdministrativeExpenses": 0,
    "sellingAndMarketingExpenses": 0,
    "sellingGeneralAndAdministrativeExpenses": 174769000,
    "otherExpenses": 1786652000,
    "operatingExpenses": 1961421000,
    "costAndExpenses": 3536295000,
    "interestIncome": 0,
    "interestExpense": 259268000,
    "depreciationAndAmortization": 1444953000,
    "ebitda": 450119000,
    "ebitdaratio": 0.1693049312,
    "operatingIncome": -877666000,
    "operatingIncomeRatio": -0.3301197723,
    "totalOtherIncomeExpensesNet": -376436000,
    "incomeBeforeTax": -1254102000,
    "incomeBeforeTaxRatio": -0.471710043,
    "incomeTaxExpense": -295293000,
    "netIncome": -958799000,
    "netIncomeRatio": -0.3606366289,
    "eps": -3.71,
    "epsdiluted": -3.71,
    "weightedAverageShsOut": 260613000,
    "weightedAverageShsOutDil": 260613000,
    "link": "https://www.sec.gov/Archives/edgar/data/33213/000003321321000006/0000033213-21-000006-index.htm",
    "finalLink": "https://www.sec.gov/Archives/edgar/data/33213/000003321321000006/eqt-20201231.htm"
  },
  {
    "date": "2019-12-31",
    "symbol": "EQT",
    "reportedCurrency": "USD",
    "cik": "0000033213",
    "fillingDate": "2020-02-27",
    "acceptedDate": "2020-02-27 16:18:27",
    "calendarYear": "2019",
    "period": "FY",
    "revenue": 3799850000,
    "costOfRevenue": 1728446000,
    "grossProfit": 2071404000,
    "grossProfitRatio": 0.545127834,
    "researchAndDevelopmentExpenses": 0,
    "generalAndAdministrativeExpenses": 0,
    "sellingAndMarketingExpenses": 0,
    "sellingGeneralAndAdministrativeExpenses": 170611000,
    "otherExpenses": 3052903000,
    "operatingExpenses": 3223514000,
    "costAndExpenses": 4951960000,
    "interestIncome": 0,
    "interestExpense": 199851000,
    "depreciationAndAmortization": 1597957000,
    "ebitda": 200337000,
    "ebitdaratio": 0.0527223443,
    "operatingIncome": -1152110000,
    "operatingIncomeRatio": -0.3031988105,
    "totalOtherIncomeExpensesNet": -445361000,
    "incomeBeforeTax": -1597471000,
    "incomeBeforeTaxRatio": -0.4204037001,
    "incomeTaxExpense": -375776000,
    "netIncome": -1221695000,
    "netIncomeRatio": -0.3215113754,
    "eps": -4.79,
    "epsdiluted": -4.79,
    "weightedAverageShsOut": 255141000,
    "weightedAverageShsOutDil": 255141000,
    "link": "https://www.sec.gov/Archives/edgar/data/33213/000003321320000008/0000033213-20-000008-index.htm",
    "finalLink": "https://www.sec.gov/Archives/edgar/data/33213/000003321320000008/a1231201910k.htm"
  },
  {
    "date": "2018-12-31",
    "symbol": "EQT",
    "reportedCurrency": "USD",
    "cik": "0000033213",
    "fillingDate": "2019-04-29",
    "acceptedDate": "2019-04-29 17:12:31",
    "calendarYear": "2018",
    "period": "FY",
    "revenue": 4736459000,
    "costOfRevenue": 1806180000,
    "grossProfit": 2930279000,
    "grossProfitRatio": 0.6186644918,
    "researchAndDevelopmentExpenses": 0,
    "generalAndAdministrativeExpenses": 0,
    "sellingAndMarketingExpenses": 0,
    "sellingGeneralAndAdministrativeExpenses": 232543000,
    "otherExpenses": 5480860000,
    "operatingExpenses": 5713403000,
    "costAndExpenses": 7519583000,
    "interestIncome": 0,
    "interestExpense": 228958000,
    "depreciationAndAmortization": 1774074000,
    "ebitda": -1074399000,
    "ebitdaratio": -0.2268359127,
    "operatingIncome": -2783124000,
    "operatingIncomeRatio": -0.5875959235,
    "totalOtherIncomeExpensesNet": -294307000,
    "incomeBeforeTax": -3077431000,
    "incomeBeforeTaxRatio": -0.6497324267,
    "incomeTaxExpense": -696511000,
    "netIncome": -2244568000,
    "netIncomeRatio": -0.4738915717,
    "eps": -8.6,
    "epsdiluted": -8.6,
    "weightedAverageShsOut": 260932000,
    "weightedAverageShsOutDil": 260932000,
    "link": "https://www.sec.gov/Archives/edgar/data/33213/000110465919024617/0001104659-19-024617-index.htm",
    "finalLink": "https://www.sec.gov/Archives/edgar/data/33213/000110465919024617/a19-8685_110ka.htm"
  },
  {
    "date": "2017-12-31",
    "symbol": "EQT",
    "reportedCurrency": "USD",
    "cik": "0000033213",
    "fillingDate": "2018-02-15",
    "acceptedDate": "2018-02-15 16:22:51",
    "calendarYear": "2017",
    "period": "FY",
    "revenue": 2987994000,
    "costOfRevenue": 1157734000,
    "grossProfit": 1543265000,
    "grossProfitRatio": 0.5164886543,
    "researchAndDevelopmentExpenses": 0,
    "generalAndAdministrativeExpenses": 0,
    "sellingAndMarketingExpenses": 0,
    "sellingGeneralAndAdministrativeExpenses": 208986000,
    "otherExpenses": 952067000,
    "operatingExpenses": 1161053000,
    "costAndExpenses": 2318787000,
    "interestIncome": 0,
    "interestExpense": 167971000,
    "depreciationAndAmortization": 1062565000,
    "ebitda": 1429149000,
    "ebitdaratio": 0.4782971452,
    "operatingIncome": 382212000,
    "operatingIncomeRatio": 0.1279159195,
    "totalOtherIncomeExpensesNet": -183599000,
    "incomeBeforeTax": 198613000,
    "incomeBeforeTaxRatio": 0.0664703477,
    "incomeTaxExpense": -1188416000,
    "netIncome": 1508529000,
    "netIncomeRatio": 0.5048634636,
    "eps": 8.05,
    "epsdiluted": 8.04,
    "weightedAverageShsOut": 187380000,
    "weightedAverageShsOutDil": 187727000,
    "link": "https://www.sec.gov/Archives/edgar/data/33213/000003321318000003/0000033213-18-000003-index.htm",
    "finalLink": "https://www.sec.gov/Archives/edgar/data/33213/000003321318000003/eqt-12312017x10k.htm"
  },
  {
    "date": "2016-12-31",
    "symbol": "EQT",
    "reportedCurrency": "USD",
    "cik": "0000033213",
    "fillingDate": "2017-02-09",
    "acceptedDate": "2017-02-09 16:19:42",
    "calendarYear": "2016",
    "period": "FY",
    "revenue": 1857339000,
    "costOfRevenue": 1030621000,
    "grossProfit": 605424000,
    "grossProfitRatio": 0.3259631117,
    "researchAndDevelopmentExpenses": 0,
    "generalAndAdministrativeExpenses": 0,
    "sellingAndMarketingExpenses": 0,
    "sellingGeneralAndAdministrativeExpenses": 218946000,
    "otherExpenses": 1141506000,
    "operatingExpenses": 1360452000,
    "costAndExpenses": 2391073000,
    "interestIncome": 0,
    "interestExpense": 131159000,
    "depreciationAndAmortization": 927920000,
    "ebitda": 164817000,
    "ebitdaratio": 0.0887382433,
    "operatingIncome": -755028000,
    "operatingIncomeRatio": -0.4065106047,
    "totalOtherIncomeExpensesNet": -139234000,
    "incomeBeforeTax": -894262000,
    "incomeBeforeTaxRatio": -0.4814748412,
    "incomeTaxExpense": -362769000,
    "netIncome": -452983000,
    "netIncomeRatio": -0.2438881647,
    "eps": -2.71,
    "epsdiluted": -2.71,
    "weightedAverageShsOut": 166978000,
    "weightedAverageShsOutDil": 166978000,
    "link": "https://www.sec.gov/Archives/edgar/data/33213/000003321317000003/0000033213-17-000003-index.htm",
    "finalLink": "https://www.sec.gov/Archives/edgar/data/33213/000003321317000003/eqt-12312016x10k.htm"
  },
  {
    "date": "2015-12-31",
    "symbol": "EQT",
    "reportedCurrency": "USD",
    "cik": "0000033213",
    "fillingDate": "2016-02-11",
    "acceptedDate": "2016-02-11 16:33:15",
    "calendarYear": "2015",
    "period": "FY",
    "revenue": 1954000000,
    "costOfRevenue": 997151000,
    "grossProfit": 956849000,
    "grossProfitRatio": 0.4896873081,
    "researchAndDevelopmentExpenses": 0,
    "generalAndAdministrativeExpenses": 0,
    "sellingAndMarketingExpenses": 0,
    "sellingGeneralAndAdministrativeExpenses": 249925000,
    "otherExpenses": 143785000,
    "operatingExpenses": 393710000,
    "costAndExpenses": 1390861000,
    "interestIncome": 0,
    "interestExpense": 146531000,
    "depreciationAndAmortization": 819216000,
    "ebitda": 1392308000,
    "ebitdaratio": 0.712542477,
    "operatingIncome": 563139000,
    "operatingIncomeRatio": 0.2881980553,
    "totalOtherIncomeExpensesNet": -136578000,
    "incomeBeforeTax": 426561000,
    "incomeBeforeTaxRatio": 0.218301433,
    "incomeTaxExpense": 104675000,
    "netIncome": 85171000,
    "netIncomeRatio": 0.0435880246,
    "eps": 0.56,
    "epsdiluted": 0.56,
    "weightedAverageShsOut": 152398000,
    "weightedAverageShsOutDil": 152939000,
    "link": "https://www.sec.gov/Archives/edgar/data/33213/000003321316000018/0000033213-16-000018-index.htm",
    "finalLink": "https://www.sec.gov/Archives/edgar/data/33213/000003321316000018/eqt-12312015x10k.htm"
  },
  {
    "date": "2014-12-31",
    "symbol": "EQT",
    "reportedCurrency": "USD",
    "cik": "0000033213",
    "fillingDate": "2015-02-12",
    "acceptedDate": "2015-02-12 16:02:14",
    "calendarYear": "2014",
    "period": "FY",
    "revenue": 2469710000,
    "costOfRevenue": 866541000,
    "grossProfit": 1522227000,
    "grossProfitRatio": 0.6163586008,
    "researchAndDevelopmentExpenses": 0,
    "generalAndAdministrativeExpenses": 0,
    "sellingAndMarketingExpenses": 0,
    "sellingGeneralAndAdministrativeExpenses": 238134000,
    "otherExpenses": 430698000,
    "operatingExpenses": 668832000,
    "costAndExpenses": 1535373000,
    "interestIncome": 0,
    "interestExpense": 136537000,
    "depreciationAndAmortization": 679298000,
    "ebitda": 1539546000,
    "ebitdaratio": 0.623371165,
    "operatingIncome": 853395000,
    "operatingIncomeRatio": 0.3455446186,
    "totalOtherIncomeExpensesNet": -129684000,
    "incomeBeforeTax": 723711000,
    "incomeBeforeTaxRatio": 0.2930348098,
    "incomeTaxExpense": 214092000,
    "netIncome": 386965000,
    "netIncomeRatio": 0.156684388,
    "eps": 2.55,
    "epsdiluted": 2.54,
    "weightedAverageShsOut": 151553000,
    "weightedAverageShsOutDil": 152513000,
    "link": "https://www.sec.gov/Archives/edgar/data/33213/000003321315000004/0000033213-15-000004-index.htm",
    "finalLink": "https://www.sec.gov/Archives/edgar/data/33213/000003321315000004/eqt-12312014x10k.htm"
  },
  {
    "date": "2013-12-31",
    "symbol": "EQT",
    "reportedCurrency": "USD",
    "cik": "0000033213",
    "fillingDate": "2014-02-20",
    "acceptedDate": "2014-02-20 16:04:10",
    "calendarYear": "2013",
    "period": "FY",
    "revenue": 1862011000,
    "costOfRevenue": 761223000,
    "grossProfit": 1097954000,
    "grossProfitRatio": 0.5896603189,
    "researchAndDevelopmentExpenses": 0,
    "generalAndAdministrativeExpenses": 0,
    "sellingAndMarketingExpenses": 0,
    "sellingGeneralAndAdministrativeExpenses": 200849000,
    "otherExpenses": 242501000,
    "operatingExpenses": 443350000,
    "costAndExpenses": 1204573000,
    "interestIncome": 0,
    "interestExpense": 142688000,
    "depreciationAndAmortization": 676570000,
    "ebitda": 1340416000,
    "ebitdaratio": 0.7198754465,
    "operatingIncome": 654604000,
    "operatingIncomeRatio": 0.3515575364,
    "totalOtherIncomeExpensesNet": -133446000,
    "incomeBeforeTax": 521158000,
    "incomeBeforeTaxRatio": 0.279889861,
    "incomeTaxExpense": 175186000,
    "netIncome": 390572000,
    "netIncomeRatio": 0.2097581593,
    "eps": 2.59,
    "epsdiluted": 2.57,
    "weightedAverageShsOut": 150574000,
    "weightedAverageShsOutDil": 151787000,
    "link": "https://www.sec.gov/Archives/edgar/data/33213/000110465914011816/0001104659-14-011816-index.htm",
    "finalLink": "https://www.sec.gov/Archives/edgar/data/33213/000110465914011816/a13-25494_110k.htm"
  },
  {
    "date": "2012-12-31",
    "symbol": "EQT",
    "reportedCurrency": "USD",
    "cik": "0000033213",
    "fillingDate": "2013-02-21",
    "acceptedDate": "2013-02-21 16:04:04",
    "calendarYear": "2012",
    "period": "FY",
    "revenue": 1641608000,
    "costOfRevenue": 570772000,
    "grossProfit": 806450000,
    "grossProfitRatio": 0.4912561342,
    "researchAndDevelopmentExpenses": 0,
    "generalAndAdministrativeExpenses": 0,
    "sellingAndMarketingExpenses": 0,
    "sellingGeneralAndAdministrativeExpenses": 172243000,
    "otherExpenses": 244578000,
    "operatingExpenses": 416821000,
    "costAndExpenses": 987593000,
    "interestIncome": 0,
    "interestExpense": 184786000,
    "depreciationAndAmortization": 499118000,
    "ebitda": 904283000,
    "ebitdaratio": 0.5508519695,
    "operatingIncome": 389629000,
    "operatingIncomeRatio": 0.2373459437,
    "totalOtherIncomeExpensesNet": -169250000,
    "incomeBeforeTax": 220379000,
    "incomeBeforeTaxRatio": 0.1342458126,
    "incomeTaxExpense": 71461000,
    "netIncome": 183395000,
    "netIncomeRatio": 0.1117166827,
    "eps": 1.23,
    "epsdiluted": 1.22,
    "weightedAverageShsOut": 149619000,
    "weightedAverageShsOutDil": 150506000,
    "link": "https://www.sec.gov/Archives/edgar/data/33213/000110465913012699/0001104659-13-012699-index.htm",
    "finalLink": "https://www.sec.gov/Archives/edgar/data/33213/000110465913012699/a12-27781_110k.htm"
  },
  {
    "date": "2011-12-31",
    "symbol": "EQT",
    "reportedCurrency": "USD",
    "cik": "0000033213",
    "fillingDate": "2012-02-16",
    "acceptedDate": "2012-02-16 16:05:57",
    "calendarYear": "2011",
    "period": "FY",
    "revenue": 1639934000,
    "costOfRevenue": 522682000,
    "grossProfit": 801147000,
    "grossProfitRatio": 0.4885239284,
    "researchAndDevelopmentExpenses": 0,
    "generalAndAdministrativeExpenses": 0,
    "sellingAndMarketingExpenses": 0,
    "sellingGeneralAndAdministrativeExpenses": 153624000,
    "otherExpenses": -113648000,
    "operatingExpenses": 39976000,
    "costAndExpenses": 562658000,
    "interestIncome": 0,
    "interestExpense": 136328000,
    "depreciationAndAmortization": 339297000,
    "ebitda": 1133744000,
    "ebitdaratio": 0.6913351391,
    "operatingIncome": 761171000,
    "operatingIncomeRatio": 0.4641473376,
    "totalOtherIncomeExpensesNet": -103052000,
    "incomeBeforeTax": 658119000,
    "incomeBeforeTaxRatio": 0.4013082234,
    "incomeTaxExpense": 238537000,
    "netIncome": 479769000,
    "netIncomeRatio": 0.2925538467,
    "eps": 3.21,
    "epsdiluted": 3.19,
    "weightedAverageShsOut": 149392000,
    "weightedAverageShsOutDil": 150209000,
    "link": "https://www.sec.gov/Archives/edgar/data/33213/000110465912010579/0001104659-12-010579-index.htm",
    "finalLink": "https://www.sec.gov/Archives/edgar/data/33213/000110465912010579/a11-30993_110k.htm"
  },
  {
    "date": "2010-12-31",
    "symbol": "EQT",
    "reportedCurrency": "USD",
    "cik": "0000033213",
    "fillingDate": "2011-02-24",
    "acceptedDate": "2011-02-24 16:10:00",
    "calendarYear": "2010",
    "period": "FY",
    "revenue": 1322708000,
    "costOfRevenue": 590583000,
    "grossProfit": 783812000,
    "grossProfitRatio": 0.5925812802,
    "researchAndDevelopmentExpenses": 0,
    "generalAndAdministrativeExpenses": 0,
    "sellingAndMarketingExpenses": 0,
    "sellingGeneralAndAdministrativeExpenses": 155551000,
    "otherExpenses": 157782000,
    "operatingExpenses": 313333000,
    "costAndExpenses": 903916000,
    "interestIncome": 0,
    "interestExpense": 128157000,
    "depreciationAndAmortization": 270285000,
    "ebitda": 753662000,
    "ebitdaratio": 0.5697871337,
    "operatingIncome": 470479000,
    "operatingIncomeRatio": 0.3556937737,
    "totalOtherIncomeExpensesNet": -115259000,
    "incomeBeforeTax": 355220000,
    "incomeBeforeTaxRatio": 0.2685551157,
    "incomeTaxExpense": 127520000,
    "netIncome": 227700000,
    "netIncomeRatio": 0.1721468382,
    "eps": 1.58,
    "epsdiluted": 1.57,
    "weightedAverageShsOut": 144458000,
    "weightedAverageShsOutDil": 144458000,
    "link": "https://www.sec.gov/Archives/edgar/data/33213/000110465911009751/0001104659-11-009751-index.htm",
    "finalLink": "https://www.sec.gov/Archives/edgar/data/33213/000110465911009751/a10-24368_110k.htm"
  },
  {
    "date": "2009-12-31",
    "symbol": "EQT",
    "reportedCurrency": "USD",
    "cik": "0000033213",
    "fillingDate": "2010-02-18",
    "acceptedDate": "2010-02-18 16:12:29",
    "calendarYear": "2009",
    "period": "FY",
    "revenue": 1269827000,
    "costOfRevenue": 563879000,
    "grossProfit": 747477000,
    "grossProfitRatio": 0.5886447524,
    "researchAndDevelopmentExpenses": 0,
    "generalAndAdministrativeExpenses": 0,
    "sellingAndMarketingExpenses": 0,
    "sellingGeneralAndAdministrativeExpenses": 176703000,
    "otherExpenses": 213983000,
    "operatingExpenses": 390686000,
    "costAndExpenses": 954565000,
    "interestIncome": 0,
    "interestExpense": 111779000,
    "depreciationAndAmortization": 196078000,
    "ebitda": 561454000,
    "ebitdaratio": 0.4421499937,
    "operatingIncome": 356791000,
    "operatingIncomeRatio": 0.28097607,
    "totalOtherIncomeExpensesNet": -103194000,
    "incomeBeforeTax": 253597000,
    "incomeBeforeTaxRatio": 0.1997098817,
    "incomeTaxExpense": 96668000,
    "netIncome": 156929000,
    "netIncomeRatio": 0.1235829763,
    "eps": 1.2,
    "epsdiluted": 1.19,
    "weightedAverageShsOut": 130820000,
    "weightedAverageShsOutDil": 130820000,
    "link": "https://www.sec.gov/Archives/edgar/data/33213/000110465910007860/0001104659-10-007860-index.htm",
    "finalLink": "https://www.sec.gov/Archives/edgar/data/33213/000110465910007860/a09-35780_110k.htm"
  },
  {
    "date": "2008-12-31",
    "symbol": "EQT",
    "reportedCurrency": "USD",
    "cik": "0000033213",
    "fillingDate": "2009-02-20",
    "acceptedDate": "2009-02-20 08:15:49",
    "calendarYear": "2008",
    "period": "FY",
    "revenue": 1576488000,
    "costOfRevenue": 861810000,
    "grossProfit": 714678000,
    "grossProfitRatio": 0.4533355154,
    "researchAndDevelopmentExpenses": 9064000,
    "generalAndAdministrativeExpenses": 0,
    "sellingAndMarketingExpenses": 0,
    "sellingGeneralAndAdministrativeExpenses": 111096000,
    "otherExpenses": 138776000,
    "operatingExpenses": 249872000,
    "costAndExpenses": 1111682000,
    "interestIncome": 0,
    "interestExpense": 58394000,
    "depreciationAndAmortization": 136816000,
    "ebitda": 605734000,
    "ebitdaratio": 0.38423001,
    "operatingIncome": 464806000,
    "operatingIncomeRatio": 0.2948363705,
    "totalOtherIncomeExpensesNet": -54282000,
    "incomeBeforeTax": 410524000,
    "incomeBeforeTaxRatio": 0.2604041388,
    "incomeTaxExpense": 154920000,
    "netIncome": 255604000,
    "netIncomeRatio": 0.1621350749,
    "eps": 2.01,
    "epsdiluted": 2,
    "weightedAverageShsOut": 127234000,
    "weightedAverageShsOutDil": 128106000,
    "link": "https://www.sec.gov/Archives/edgar/data/33213/000110465909010903/0001104659-09-010903-index.htm",
    "finalLink": "https://www.sec.gov/Archives/edgar/data/33213/000110465909010903/a09-1278_110k.htm"
  },
  {
    "date": "2007-12-31",
    "symbol": "EQT",
    "reportedCurrency": "USD",
    "cik": "0000033213",
    "fillingDate": "2008-02-22",
    "acceptedDate": "2008-02-22 09:19:45",
    "calendarYear": "2007",
    "period": "FY",
    "revenue": 1361406000,
    "costOfRevenue": 744566000,
    "grossProfit": 616840000,
    "grossProfitRatio": 0.453090408,
    "researchAndDevelopmentExpenses": 0,
    "generalAndAdministrativeExpenses": 0,
    "sellingAndMarketingExpenses": 0,
    "sellingGeneralAndAdministrativeExpenses": 195365000,
    "otherExpenses": 109802000,
    "operatingExpenses": 305167000,
    "costAndExpenses": 1049733000,
    "interestIncome": 0,
    "interestExpense": 0,
    "depreciationAndAmortization": 109802000,
    "ebitda": 421475000,
    "ebitdaratio": 0.3095880288,
    "operatingIncome": 311673000,
    "operatingIncomeRatio": 0.2289346455,
    "totalOtherIncomeExpensesNet": 90205000,
    "incomeBeforeTax": 401878000,
    "incomeBeforeTaxRatio": 0.2951933516,
    "incomeTaxExpense": 144395000,
    "netIncome": 257483000,
    "netIncomeRatio": 0.189130208,
    "eps": 2.12,
    "epsdiluted": 2.1,
    "weightedAverageShsOut": 121454245,
    "weightedAverageShsOutDil": 122610952,
    "link": "https://www.sec.gov/Archives/edgar/data/33213/000110465908012255/0001104659-08-012255-index.htm",
    "finalLink": "https://www.sec.gov/Archives/edgar/data/33213/000110465908012255/a08-2449_110k.htm"
  },
  {
    "date": "2006-12-31",
    "symbol": "EQT",
    "reportedCurrency": "USD",
    "cik": "0000033213",
    "fillingDate": "2007-02-23",
    "acceptedDate": "2007-02-23 08:47:45",
    "calendarYear": "2006",
    "period": "FY",
    "revenue": 1267910000,
    "costOfRevenue": 672222000,
    "grossProfit": 595688000,
    "grossProfitRatio": 0.4698188357,
    "researchAndDevelopmentExpenses": 0,
    "generalAndAdministrativeExpenses": 0,
    "sellingAndMarketingExpenses": 0,
    "sellingGeneralAndAdministrativeExpenses": 125951000,
    "otherExpenses": 97214000,
    "operatingExpenses": 223165000,
    "costAndExpenses": 895387000,
    "interestIncome": 0,
    "interestExpense": 47052000,
    "depreciationAndAmortization": 100122000,
    "ebitda": 469737000,
    "ebitdaratio": 0.3704813433,
    "operatingIncome": 372523000,
    "operatingIncomeRatio": 0.2938087088,
    "totalOtherIncomeExpensesNet": -46792000,
    "incomeBeforeTax": 325731000,
    "incomeBeforeTaxRatio": 0.2569038812,
    "incomeTaxExpense": 109706000,
    "netIncome": 220286000,
    "netIncomeRatio": 0.173739461,
    "eps": 1.83,
    "epsdiluted": 1.8,
    "weightedAverageShsOut": 120374863,
    "weightedAverageShsOutDil": 122381111,
    "link": "https://www.sec.gov/Archives/edgar/data/33213/000110465907013316/0001104659-07-013316-index.htm",
    "finalLink": "https://www.sec.gov/Archives/edgar/data/33213/000110465907013316/a07-5127_110k.htm"
  },
  {
    "date": "2005-12-31",
    "symbol": "EQT",
    "reportedCurrency": "USD",
    "cik": "0000033213",
    "fillingDate": "2006-02-24",
    "acceptedDate": "2006-02-24 17:38:14",
    "calendarYear": "2005",
    "period": "FY",
    "revenue": 1253724000,
    "costOfRevenue": 668021000,
    "grossProfit": 585703000,
    "grossProfitRatio": 0.4671706053,
    "researchAndDevelopmentExpenses": 0,
    "generalAndAdministrativeExpenses": 0,
    "sellingAndMarketingExpenses": 0,
    "sellingGeneralAndAdministrativeExpenses": 140529000,
    "otherExpenses": 101362000,
    "operatingExpenses": 241891000,
    "costAndExpenses": 909912000,
    "interestIncome": 0,
    "interestExpense": 44437000,
    "depreciationAndAmortization": 93527000,
    "ebitda": 445174000,
    "ebitdaratio": 0.3550813417,
    "operatingIncome": 343812000,
    "operatingIncomeRatio": 0.2742326062,
    "totalOtherIncomeExpensesNet": 67800000,
    "incomeBeforeTax": 411612000,
    "incomeBeforeTaxRatio": 0.3283114944,
    "incomeTaxExpense": 153038000,
    "netIncome": 260055000,
    "netIncomeRatio": 0.2074260364,
    "eps": 2.15,
    "epsdiluted": 2.1,
    "weightedAverageShsOut": 120955814,
    "weightedAverageShsOutDil": 123835714,
    "link": "https://www.sec.gov/Archives/edgar/data/33213/000110465906011976/0001104659-06-011976-index.htm",
    "finalLink": "https://www.sec.gov/Archives/edgar/data/33213/000110465906011976/a06-1876_110k.htm"
  },
  {
    "date": "2004-12-31",
    "symbol": "EQT",
    "reportedCurrency": "USD",
    "cik": "0000033213",
    "fillingDate": "2005-02-25",
    "acceptedDate": "2005-02-25 08:50:05",
    "calendarYear": "2004",
    "period": "FY",
    "revenue": 1191609000,
    "costOfRevenue": 543312000,
    "grossProfit": 501871000,
    "grossProfitRatio": 0.4211708706,
    "researchAndDevelopmentExpenses": 0,
    "generalAndAdministrativeExpenses": 0,
    "sellingAndMarketingExpenses": 0,
    "sellingGeneralAndAdministrativeExpenses": 130090000,
    "otherExpenses": 100302000,
    "operatingExpenses": 230392000,
    "costAndExpenses": 773704000,
    "interestIncome": 0,
    "interestExpense": 0,
    "depreciationAndAmortization": 82076000,
    "ebitda": 371781000,
    "ebitdaratio": 0.3119991541,
    "operatingIncome": 271479000,
    "operatingIncomeRatio": 0.2278255703,
    "totalOtherIncomeExpensesNet": 182264000,
    "incomeBeforeTax": 453743000,
    "incomeBeforeTaxRatio": 0.3807817833,
    "incomeTaxExpense": 154953000,
    "netIncome": 279854000,
    "netIncomeRatio": 0.2348538824,
    "eps": 2.27,
    "epsdiluted": 2.22,
    "weightedAverageShsOut": 123283700,
    "weightedAverageShsOutDil": 126060360,
    "link": "https://www.sec.gov/Archives/edgar/data/33213/000110465905008241/0001104659-05-008241-index.htm",
    "finalLink": "https://www.sec.gov/Archives/edgar/data/33213/000110465905008241/a05-4033_110k.htm"
  },
  {
    "date": "2003-12-31",
    "symbol": "EQT",
    "reportedCurrency": "USD",
    "cik": "0000033213",
    "fillingDate": "2004-03-01",
    "acceptedDate": "2004-03-01 15:11:13",
    "calendarYear": "2003",
    "period": "FY",
    "revenue": 1047277000,
    "costOfRevenue": 411023000,
    "grossProfit": 465551000,
    "grossProfitRatio": 0.4445347315,
    "researchAndDevelopmentExpenses": 0,
    "generalAndAdministrativeExpenses": 0,
    "sellingAndMarketingExpenses": 0,
    "sellingGeneralAndAdministrativeExpenses": 103543000,
    "otherExpenses": 86001000,
    "operatingExpenses": 189544000,
    "costAndExpenses": 600567000,
    "interestIncome": 0,
    "interestExpense": 45766000,
    "depreciationAndAmortization": 79818000,
    "ebitda": 365104000,
    "ebitdaratio": 0.3486221888,
    "operatingIncome": 276007000,
    "operatingIncomeRatio": 0.2635472755,
    "totalOtherIncomeExpensesNet": -24222000,
    "incomeBeforeTax": 251785000,
    "incomeBeforeTaxRatio": 0.240418724,
    "incomeTaxExpense": 86035000,
    "netIncome": 170001000,
    "netIncomeRatio": 0.1623266815,
    "eps": 1.37,
    "epsdiluted": 1.34,
    "weightedAverageShsOut": 124088321,
    "weightedAverageShsOutDil": 126866418,
    "link": "https://www.sec.gov/Archives/edgar/data/33213/000110465904006053/0001104659-04-006053-index.htm",
    "finalLink": "https://www.sec.gov/Archives/edgar/data/33213/000110465904006053/a04-2703_110k.htm"
  },
  {
    "date": "2002-12-31",
    "symbol": "EQT",
    "reportedCurrency": "USD",
    "cik": "0000033213",
    "fillingDate": "2003-03-05",
    "acceptedDate": "2003-03-05 09:48:54",
    "calendarYear": "2002",
    "period": "FY",
    "revenue": 1069068000,
    "costOfRevenue": 606904000,
    "grossProfit": 462164000,
    "grossProfitRatio": 0.4323055222,
    "researchAndDevelopmentExpenses": 0,
    "generalAndAdministrativeExpenses": 0,
    "sellingAndMarketingExpenses": 0,
    "sellingGeneralAndAdministrativeExpenses": 109825000,
    "otherExpenses": 74768000,
    "operatingExpenses": 184593000,
    "costAndExpenses": 791497000,
    "interestIncome": 0,
    "interestExpense": 0,
    "depreciationAndAmortization": 73029000,
    "ebitda": 355920000,
    "ebitdaratio": 0.3329255015,
    "operatingIncome": 277571000,
    "operatingIncomeRatio": 0.2596383018,
    "totalOtherIncomeExpensesNet": -49353000,
    "incomeBeforeTax": 228218000,
    "incomeBeforeTaxRatio": 0.2134737921,
    "incomeTaxExpense": 77592000,
    "netIncome": 154107000,
    "netIncomeRatio": 0.144150793,
    "eps": 1.16,
    "epsdiluted": 1.14,
    "weightedAverageShsOut": 132850862,
    "weightedAverageShsOutDil": 135181579,
    "link": "https://www.sec.gov/Archives/edgar/data/33213/000104746903007695/0001047469-03-007695-index.htm",
    "finalLink": "https://www.sec.gov/Archives/edgar/data/33213/000104746903007695/a2104974z10-ka.htm"
  },
  {
    "date": "2001-12-31",
    "symbol": "EQT",
    "reportedCurrency": "USD",
    "cik": "0000033213",
    "fillingDate": "2002-03-19",
    "acceptedDate": "2002-03-19 00:00:00",
    "calendarYear": "2001",
    "period": "FY",
    "revenue": 1764491000,
    "costOfRevenue": 656833000,
    "grossProfit": 452501000,
    "grossProfitRatio": 0.2564484602,
    "researchAndDevelopmentExpenses": 0,
    "generalAndAdministrativeExpenses": 0,
    "sellingAndMarketingExpenses": 0,
    "sellingGeneralAndAdministrativeExpenses": 124743000,
    "otherExpenses": 73230000,
    "operatingExpenses": 197973000,
    "costAndExpenses": 854806000,
    "interestIncome": 0,
    "interestExpense": 0,
    "depreciationAndAmortization": 73230000,
    "ebitda": 327758000,
    "ebitdaratio": 0.1857521518,
    "operatingIncome": 254528000,
    "operatingIncomeRatio": 0.1442500982,
    "totalOtherIncomeExpensesNet": -14997000,
    "incomeBeforeTax": 239531000,
    "incomeBeforeTaxRatio": 0.1357507633,
    "incomeTaxExpense": 87723000,
    "netIncome": 151808000,
    "netIncomeRatio": 0.0860350095,
    "eps": 1.16,
    "epsdiluted": 1.13,
    "weightedAverageShsOut": 130868966,
    "weightedAverageShsOutDil": 134343363,
    "link": "https://www.sec.gov/Archives/edgar/data/33213/000091205702010471/0000912057-02-010471-index.htm",
    "finalLink": "https://www.sec.gov/Archives/edgar/data/33213/000091205702010471/a2073488z10-k.htm"
  },
  {
    "date": "2000-12-31",
    "symbol": "EQT",
    "reportedCurrency": "USD",
    "cik": "0000033213",
    "fillingDate": "2001-03-15",
    "acceptedDate": "2001-03-15 00:00:00",
    "calendarYear": "2000",
    "period": "FY",
    "revenue": 1652218000,
    "costOfRevenue": 608470000,
    "grossProfit": 428061000,
    "grossProfitRatio": 0.2590826392,
    "researchAndDevelopmentExpenses": 0,
    "generalAndAdministrativeExpenses": 0,
    "sellingAndMarketingExpenses": 0,
    "sellingGeneralAndAdministrativeExpenses": 116050000,
    "otherExpenses": 97777000,
    "operatingExpenses": 213827000,
    "costAndExpenses": 822297000,
    "interestIncome": 0,
    "interestExpense": 75661000,
    "depreciationAndAmortization": 99006000,
    "ebitda": 313240000,
    "ebitdaratio": 0.1895875726,
    "operatingIncome": 214234000,
    "operatingIncomeRatio": 0.1296644874,
    "totalOtherIncomeExpensesNet": -50890000,
    "incomeBeforeTax": 163344000,
    "incomeBeforeTaxRatio": 0.0988634672,
    "incomeTaxExpense": 57171000,
    "netIncome": 106173000,
    "netIncomeRatio": 0.0642608905,
    "eps": 0.82,
    "epsdiluted": 0.8,
    "weightedAverageShsOut": 130273620,
    "weightedAverageShsOutDil": 132716250,
    "link": "https://www.sec.gov/Archives/edgar/data/33213/000095012801000488/0000950128-01-000488-index.htm",
    "finalLink": "https://www.sec.gov/Archives/edgar/data/33213/000095012801000488/j8699301e10-k.txt"
  },
  {
    "date": "1999-12-31",
    "symbol": "EQT",
    "reportedCurrency": "USD",
    "cik": "0000033213",
    "fillingDate": "2000-03-17",
    "acceptedDate": "2000-03-17 00:00:00",
    "calendarYear": "1999",
    "period": "FY",
    "revenue": 1062700000,
    "costOfRevenue": 696229000,
    "grossProfit": 345784000,
    "grossProfitRatio": 0.3253825162,
    "researchAndDevelopmentExpenses": 0,
    "generalAndAdministrativeExpenses": 0,
    "sellingAndMarketingExpenses": 0,
    "sellingGeneralAndAdministrativeExpenses": 102307000,
    "otherExpenses": 100722000,
    "operatingExpenses": 203029000,
    "costAndExpenses": 899258000,
    "interestIncome": 0,
    "interestExpense": 0,
    "depreciationAndAmortization": 100722000,
    "ebitda": 243477000,
    "ebitdaratio": 0.2291116966,
    "operatingIncome": 142755000,
    "operatingIncomeRatio": 0.134332361,
    "totalOtherIncomeExpensesNet": -34269000,
    "incomeBeforeTax": 108486000,
    "incomeBeforeTaxRatio": 0.1020852545,
    "incomeTaxExpense": 39356000,
    "netIncome": 69100000,
    "netIncomeRatio": 0.0650230545,
    "eps": 0.51,
    "epsdiluted": 0.51,
    "weightedAverageShsOut": 135549020,
    "weightedAverageShsOutDil": 136891089,
    "link": "https://www.sec.gov/Archives/edgar/data/33213/000095012800000541/0000950128-00-000541-index.html",
    "finalLink": "https://www.sec.gov/Archives/edgar/data/33213/000095012800000541/"
  },
  {
    "date": "1998-12-31",
    "symbol": "EQT",
    "reportedCurrency": "USD",
    "cik": "0000033213",
    "fillingDate": "1999-03-19",
    "acceptedDate": "1999-03-19 00:00:00",
    "calendarYear": "1998",
    "period": "FY",
    "revenue": 882600000,
    "costOfRevenue": 581753000,
    "grossProfit": 270058000,
    "grossProfitRatio": 0.3059800589,
    "researchAndDevelopmentExpenses": 0,
    "generalAndAdministrativeExpenses": 0,
    "sellingAndMarketingExpenses": 0,
    "sellingGeneralAndAdministrativeExpenses": 114846000,
    "otherExpenses": 167010000,
    "operatingExpenses": 281856000,
    "costAndExpenses": 863609000,
    "interestIncome": 0,
    "interestExpense": 0,
    "depreciationAndAmortization": 85170000,
    "ebitda": 155212000,
    "ebitdaratio": 0.1758576932,
    "operatingIncome": -11798000,
    "operatingIncomeRatio": -0.0133673238,
    "totalOtherIncomeExpensesNet": -37635000,
    "incomeBeforeTax": -49433000,
    "incomeBeforeTaxRatio": -0.0560083843,
    "incomeTaxExpense": -22381000,
    "netIncome": -44200000,
    "netIncomeRatio": -0.0500793111,
    "eps": -0.3,
    "epsdiluted": -0.3,
    "weightedAverageShsOut": 147878788,
    "weightedAverageShsOutDil": 147878788,
    "link": "https://www.sec.gov/Archives/edgar/data/33213/000003321399000003/0000033213-99-000003-index.html",
    "finalLink": "https://www.sec.gov/Archives/edgar/data/33213/"
  },
  {
    "date": "1997-12-31",
    "symbol": "EQT",
    "reportedCurrency": "USD",
    "cik": "0000033213",
    "fillingDate": "1998-03-23",
    "acceptedDate": "1998-03-23 00:00:00",
    "calendarYear": "1997",
    "period": "FY",
    "revenue": 2151000000,
    "costOfRevenue": 602700000,
    "grossProfit": 310400000,
    "grossProfitRatio": 0.1443049744,
    "researchAndDevelopmentExpenses": 0,
    "generalAndAdministrativeExpenses": 0,
    "sellingAndMarketingExpenses": 0,
    "sellingGeneralAndAdministrativeExpenses": 100300000,
    "otherExpenses": 108000000,
    "operatingExpenses": 208300000,
    "costAndExpenses": 811000000,
    "interestIncome": 0,
    "interestExpense": 0,
    "depreciationAndAmortization": 83900000,
    "ebitda": 210100000,
    "ebitdaratio": 0.0976754998,
    "operatingIncome": 102100000,
    "operatingIncomeRatio": 0.0474662947,
    "totalOtherIncomeExpensesNet": 15300000,
    "incomeBeforeTax": 117400000,
    "incomeBeforeTaxRatio": 0.0545792655,
    "incomeTaxExpense": 43200000,
    "netIncome": 78100000,
    "netIncomeRatio": 0.0363086936,
    "eps": 0.52,
    "epsdiluted": 0.51,
    "weightedAverageShsOut": 151650485,
    "weightedAverageShsOutDil": 152390244,
    "link": "https://www.sec.gov/Archives/edgar/data/33213/000003321398000006/0000033213-98-000006-index.html",
    "finalLink": "https://www.sec.gov/Archives/edgar/data/33213/"
  },
  {
    "date": "1996-12-31",
    "symbol": "EQT",
    "reportedCurrency": "USD",
    "cik": "0000033213",
    "fillingDate": "1997-03-24",
    "acceptedDate": "1997-03-24 00:00:00",
    "calendarYear": "1996",
    "period": "FY",
    "revenue": 1861800000,
    "costOfRevenue": 581100000,
    "grossProfit": 275300000,
    "grossProfitRatio": 0.147867655,
    "researchAndDevelopmentExpenses": 0,
    "generalAndAdministrativeExpenses": 0,
    "sellingAndMarketingExpenses": 0,
    "sellingGeneralAndAdministrativeExpenses": 101800000,
    "otherExpenses": 63900000,
    "operatingExpenses": 165700000,
    "costAndExpenses": 746800000,
    "interestIncome": 0,
    "interestExpense": 0,
    "depreciationAndAmortization": 68300000,
    "ebitda": 173500000,
    "ebitdaratio": 0.0931893866,
    "operatingIncome": 109600000,
    "operatingIncomeRatio": 0.0588677624,
    "totalOtherIncomeExpensesNet": -29100000,
    "incomeBeforeTax": 80500000,
    "incomeBeforeTaxRatio": 0.0432377269,
    "incomeTaxExpense": 27000000,
    "netIncome": 59400000,
    "netIncomeRatio": 0.0319046084,
    "eps": 0.38,
    "epsdiluted": 0.38,
    "weightedAverageShsOut": 156315789,
    "weightedAverageShsOutDil": 156315789,
    "link": "https://www.sec.gov/Archives/edgar/data/33213/000003321397000004/0000033213-97-000004-index.html",
    "finalLink": "https://www.sec.gov/Archives/edgar/data/33213/"
  },
  {
    "date": "1995-12-31",
    "symbol": "EQT",
    "reportedCurrency": "USD",
    "cik": "0000033213",
    "fillingDate": "1996-04-26",
    "acceptedDate": "1996-04-26 00:00:00",
    "calendarYear": "1995",
    "period": "FY",
    "revenue": 1426000000,
    "costOfRevenue": 1136500000,
    "grossProfit": 289500000,
    "grossProfitRatio": 0.2030154278,
    "researchAndDevelopmentExpenses": 0,
    "generalAndAdministrativeExpenses": 0,
    "sellingAndMarketingExpenses": 0,
    "sellingGeneralAndAdministrativeExpenses": 0,
    "otherExpenses": 267500000,
    "operatingExpenses": 267500000,
    "costAndExpenses": 1404000000,
    "interestIncome": 0,
    "interestExpense": 0,
    "depreciationAndAmortization": 104600000,
    "ebitda": 247700000,
    "ebitdaratio": 0.1737026648,
    "operatingIncome": 22000000,
    "operatingIncomeRatio": 0.01542777,
    "totalOtherIncomeExpensesNet": -49800000,
    "incomeBeforeTax": -27800000,
    "incomeBeforeTaxRatio": -0.0194950912,
    "incomeTaxExpense": -29300000,
    "netIncome": 1500000,
    "netIncomeRatio": 0.0010518934,
    "eps": 0.13,
    "epsdiluted": 0.13,
    "weightedAverageShsOut": 139753086,
    "weightedAverageShsOutDil": 139753086,
    "link": "https://www.sec.gov/Archives/edgar/data/33213/000003321396000006/0000033213-96-000006-index.html",
    "finalLink": "https://www.sec.gov/Archives/edgar/data/33213/"
  },
  {
    "date": "1994-12-31",
    "symbol": "EQT",
    "reportedCurrency": "USD",
    "cik": "0000033213",
    "fillingDate": "1995-03-22",
    "acceptedDate": "1995-03-22 00:00:00",
    "calendarYear": "1994",
    "period": "FY",
    "revenue": 1397300000,
    "costOfRevenue": 1151400000,
    "grossProfit": 245900000,
    "grossProfitRatio": 0.1759822515,
    "researchAndDevelopmentExpenses": 0,
    "generalAndAdministrativeExpenses": 0,
    "sellingAndMarketingExpenses": 0,
    "sellingGeneralAndAdministrativeExpenses": 0,
    "otherExpenses": 135500000,
    "operatingExpenses": 135500000,
    "costAndExpenses": 1286900000,
    "interestIncome": 0,
    "interestExpense": 0,
    "depreciationAndAmortization": 93300000,
    "ebitda": 203700000,
    "ebitdaratio": 0.1457811494,
    "operatingIncome": 110400000,
    "operatingIncomeRatio": 0.0790095184,
    "totalOtherIncomeExpensesNet": -40900000,
    "incomeBeforeTax": 69500000,
    "incomeBeforeTaxRatio": 0.0497387819,
    "incomeTaxExpense": 8800000,
    "netIncome": 60700000,
    "netIncomeRatio": 0.0434409218,
    "eps": 0.45,
    "epsdiluted": 0.45,
    "weightedAverageShsOut": 134143646,
    "weightedAverageShsOutDil": 137846154,
    "link": "https://www.sec.gov/Archives/edgar/data/33213/000003321395000002/0000033213-95-000002-index.html",
    "finalLink": "https://www.sec.gov/Archives/edgar/data/33213/"
  },
  {
    "date": "1993-12-31",
    "symbol": "EQT",
    "reportedCurrency": "USD",
    "cik": "0000033213",
    "fillingDate": "1994-03-24",
    "acceptedDate": "1994-03-24 00:00:00",
    "calendarYear": "1993",
    "period": "FY",
    "revenue": 1094800000,
    "costOfRevenue": 847600000,
    "grossProfit": 247200000,
    "grossProfitRatio": 0.2257946657,
    "researchAndDevelopmentExpenses": 0,
    "generalAndAdministrativeExpenses": 0,
    "sellingAndMarketingExpenses": 0,
    "sellingGeneralAndAdministrativeExpenses": 0,
    "otherExpenses": 116700000,
    "operatingExpenses": 116700000,
    "costAndExpenses": 964300000,
    "interestIncome": 0,
    "interestExpense": 0,
    "depreciationAndAmortization": 76900000,
    "ebitda": 207400000,
    "ebitdaratio": 0.1894409938,
    "operatingIncome": 130500000,
    "operatingIncomeRatio": 0.1191998539,
    "totalOtherIncomeExpensesNet": -37000000,
    "incomeBeforeTax": 93500000,
    "incomeBeforeTaxRatio": 0.0854037267,
    "incomeTaxExpense": 20000000,
    "netIncome": 73500000,
    "netIncomeRatio": 0.0671355499,
    "eps": 0.57,
    "epsdiluted": 0.56,
    "weightedAverageShsOut": 129515419,
    "weightedAverageShsOutDil": 130666667,
    "link": "https://www.sec.gov/Archives/edgar/data/33213/000003321394000007/0000033213-94-000007-index.html",
    "finalLink": "https://www.sec.gov/Archives/edgar/data/33213/"
  },
  {
    "date": "1992-12-31",
    "symbol": "EQT",
    "reportedCurrency": "USD",
    "cik": "0000033213",
    "fillingDate": "1992-12-31",
    "acceptedDate": "1992-12-31 00:00:00",
    "calendarYear": "1992",
    "period": "FY",
    "revenue": 812400000,
    "costOfRevenue": 595400000,
    "grossProfit": 217000000,
    "grossProfitRatio": 0.2671097981,
    "researchAndDevelopmentExpenses": 0,
    "generalAndAdministrativeExpenses": 0,
    "sellingAndMarketingExpenses": 0,
    "sellingGeneralAndAdministrativeExpenses": 0,
    "otherExpenses": 102600000,
    "operatingExpenses": 102600000,
    "costAndExpenses": 698000000,
    "interestIncome": 0,
    "interestExpense": 0,
    "depreciationAndAmortization": 65900000,
    "ebitda": 180300000,
    "ebitdaratio": 0.2219350074,
    "operatingIncome": 114400000,
    "operatingIncomeRatio": 0.1408173314,
    "totalOtherIncomeExpensesNet": -35600000,
    "incomeBeforeTax": 78800000,
    "incomeBeforeTaxRatio": 0.0969965534,
    "incomeTaxExpense": 18800000,
    "netIncome": 60000000,
    "netIncomeRatio": 0.0738552437,
    "eps": 0.48,
    "epsdiluted": 0.48,
    "weightedAverageShsOut": 125000000,
    "weightedAverageShsOutDil": 125000000,
    "link": null,
    "finalLink": null
  },
  {
    "date": "1991-12-31",
    "symbol": "EQT",
    "reportedCurrency": "USD",
    "cik": "0000033213",
    "fillingDate": "1991-12-31",
    "acceptedDate": "1991-12-31 00:00:00",
    "calendarYear": "1991",
    "period": "FY",
    "revenue": 679600000,
    "costOfRevenue": 474300000,
    "grossProfit": 205300000,
    "grossProfitRatio": 0.3020894644,
    "researchAndDevelopmentExpenses": 0,
    "generalAndAdministrativeExpenses": 0,
    "sellingAndMarketingExpenses": 0,
    "sellingGeneralAndAdministrativeExpenses": 0,
    "otherExpenses": 88800000,
    "operatingExpenses": 88800000,
    "costAndExpenses": 563100000,
    "interestIncome": 0,
    "interestExpense": 0,
    "depreciationAndAmortization": 54600000,
    "ebitda": 171100000,
    "ebitdaratio": 0.2517657446,
    "operatingIncome": 116500000,
    "operatingIncomeRatio": 0.1714243673,
    "totalOtherIncomeExpensesNet": -31900000,
    "incomeBeforeTax": 84600000,
    "incomeBeforeTaxRatio": 0.1244849912,
    "incomeTaxExpense": 20400000,
    "netIncome": 64200000,
    "netIncomeRatio": 0.0944673337,
    "eps": 0.51,
    "epsdiluted": 0.51,
    "weightedAverageShsOut": 125268293,
    "weightedAverageShsOutDil": 125268293,
    "link": null,
    "finalLink": null
  },
  {
    "date": "1990-12-31",
    "symbol": "EQT",
    "reportedCurrency": "USD",
    "cik": "0000033213",
    "fillingDate": "1990-12-31",
    "acceptedDate": "1990-12-31 00:00:00",
    "calendarYear": "1990",
    "period": "FY",
    "revenue": 659200000,
    "costOfRevenue": 476500000,
    "grossProfit": 182700000,
    "grossProfitRatio": 0.2771541262,
    "researchAndDevelopmentExpenses": 0,
    "generalAndAdministrativeExpenses": 0,
    "sellingAndMarketingExpenses": 0,
    "sellingGeneralAndAdministrativeExpenses": 0,
    "otherExpenses": 77700000,
    "operatingExpenses": 77700000,
    "costAndExpenses": 554200000,
    "interestIncome": 0,
    "interestExpense": 0,
    "depreciationAndAmortization": 47200000,
    "ebitda": 152200000,
    "ebitdaratio": 0.2308859223,
    "operatingIncome": 105000000,
    "operatingIncomeRatio": 0.1592839806,
    "totalOtherIncomeExpensesNet": -27000000,
    "incomeBeforeTax": 78000000,
    "incomeBeforeTaxRatio": 0.1183252427,
    "incomeTaxExpense": 19100000,
    "netIncome": 58900000,
    "netIncomeRatio": 0.0893507282,
    "eps": 0.47,
    "epsdiluted": 0.47,
    "weightedAverageShsOut": 125319149,
    "weightedAverageShsOutDil": 125319149,
    "link": null,
    "finalLink": null
  },
  {
    "date": "1989-12-31",
    "symbol": "EQT",
    "reportedCurrency": "USD",
    "cik": "0000033213",
    "fillingDate": "1989-12-31",
    "acceptedDate": "1989-12-31 00:00:00",
    "calendarYear": "1989",
    "period": "FY",
    "revenue": 511500000,
    "costOfRevenue": 343500000,
    "grossProfit": 168000000,
    "grossProfitRatio": 0.3284457478,
    "researchAndDevelopmentExpenses": 0,
    "generalAndAdministrativeExpenses": 0,
    "sellingAndMarketingExpenses": 0,
    "sellingGeneralAndAdministrativeExpenses": 0,
    "otherExpenses": 73700000,
    "operatingExpenses": 73700000,
    "costAndExpenses": 417200000,
    "interestIncome": 0,
    "interestExpense": 0,
    "depreciationAndAmortization": 42500000,
    "ebitda": 136800000,
    "ebitdaratio": 0.2674486804,
    "operatingIncome": 94300000,
    "operatingIncomeRatio": 0.1843597263,
    "totalOtherIncomeExpensesNet": -25900000,
    "incomeBeforeTax": 68400000,
    "incomeBeforeTaxRatio": 0.1337243402,
    "incomeTaxExpense": 17500000,
    "netIncome": 50900000,
    "netIncomeRatio": 0.0995112414,
    "eps": 0.41,
    "epsdiluted": 0.41,
    "weightedAverageShsOut": 125679012,
    "weightedAverageShsOutDil": 125679012,
    "link": null,
    "finalLink": null
  },
  {
    "date": "1988-12-31",
    "symbol": "EQT",
    "reportedCurrency": "USD",
    "cik": "0000033213",
    "fillingDate": "1988-12-31",
    "acceptedDate": "1988-12-30 19:00:00",
    "calendarYear": "1988",
    "period": "FY",
    "revenue": 406300000,
    "costOfRevenue": 254000000,
    "grossProfit": 152300000,
    "grossProfitRatio": 0.3748461728,
    "researchAndDevelopmentExpenses": 0,
    "generalAndAdministrativeExpenses": 0,
    "sellingAndMarketingExpenses": 0,
    "sellingGeneralAndAdministrativeExpenses": 0,
    "otherExpenses": 65200000,
    "operatingExpenses": 65200000,
    "costAndExpenses": 319200000,
    "interestIncome": 0,
    "interestExpense": 0,
    "depreciationAndAmortization": 37300000,
    "ebitda": 124400000,
    "ebitdaratio": 0.3061777012,
    "operatingIncome": 87100000,
    "operatingIncomeRatio": 0.2143736156,
    "totalOtherIncomeExpensesNet": -23500000,
    "incomeBeforeTax": 63600000,
    "incomeBeforeTaxRatio": 0.1565345804,
    "incomeTaxExpense": 16500000,
    "netIncome": 47100000,
    "netIncomeRatio": 0.1159241939,
    "eps": 0.38,
    "epsdiluted": 0.37,
    "weightedAverageShsOut": 124768212,
    "weightedAverageShsOutDil": 126442953,
    "link": "",
    "finalLink": ""
  },
  {
    "date": "1987-12-31",
    "symbol": "EQT",
    "reportedCurrency": "USD",
    "cik": "0000033213",
    "fillingDate": "1987-12-31",
    "acceptedDate": "1987-12-30 19:00:00",
    "calendarYear": "1987",
    "period": "FY",
    "revenue": 407400000,
    "costOfRevenue": 268300000,
    "grossProfit": 139100000,
    "grossProfitRatio": 0.3414334806,
    "researchAndDevelopmentExpenses": 0,
    "generalAndAdministrativeExpenses": 0,
    "sellingAndMarketingExpenses": 0,
    "sellingGeneralAndAdministrativeExpenses": 0,
    "otherExpenses": 60400000,
    "operatingExpenses": 60400000,
    "costAndExpenses": 328700000,
    "interestIncome": 0,
    "interestExpense": 0,
    "depreciationAndAmortization": 33200000,
    "ebitda": 111900000,
    "ebitdaratio": 0.2746686303,
    "operatingIncome": 78700000,
    "operatingIncomeRatio": 0.1931762396,
    "totalOtherIncomeExpensesNet": -32900000,
    "incomeBeforeTax": 45800000,
    "incomeBeforeTaxRatio": 0.1124202258,
    "incomeTaxExpense": 11200000,
    "netIncome": 34600000,
    "netIncomeRatio": 0.0849288169,
    "eps": 0.28,
    "epsdiluted": 0.28,
    "weightedAverageShsOut": 122477876,
    "weightedAverageShsOutDil": 125818182,
    "link": "",
    "finalLink": ""
  },
  {
    "date": "1986-12-31",
    "symbol": "EQT",
    "reportedCurrency": "USD",
    "cik": "0000033213",
    "fillingDate": "1986-12-31",
    "acceptedDate": "1986-12-30 19:00:00",
    "calendarYear": "1986",
    "period": "FY",
    "revenue": 454900000,
    "costOfRevenue": 295300000,
    "grossProfit": 159600000,
    "grossProfitRatio": 0.3508463399,
    "researchAndDevelopmentExpenses": 0,
    "generalAndAdministrativeExpenses": 0,
    "sellingAndMarketingExpenses": 0,
    "sellingGeneralAndAdministrativeExpenses": 0,
    "otherExpenses": 53900000,
    "operatingExpenses": 53900000,
    "costAndExpenses": 349200000,
    "interestIncome": 0,
    "interestExpense": 0,
    "depreciationAndAmortization": 25400000,
    "ebitda": 131100000,
    "ebitdaratio": 0.2881952077,
    "operatingIncome": 105700000,
    "operatingIncomeRatio": 0.2323587602,
    "totalOtherIncomeExpensesNet": -16200000,
    "incomeBeforeTax": 89500000,
    "incomeBeforeTaxRatio": 0.1967465377,
    "incomeTaxExpense": 35400000,
    "netIncome": 54100000,
    "netIncomeRatio": 0.1189272368,
    "eps": 0.45,
    "epsdiluted": 0.43,
    "weightedAverageShsOut": 121573034,
    "weightedAverageShsOutDil": 125813953,
    "link": "",
    "finalLink": ""
  },
  {
    "date": "1985-12-31",
    "symbol": "EQT",
    "reportedCurrency": "USD",
    "cik": "0000033213",
    "fillingDate": "1985-12-31",
    "acceptedDate": "1985-12-30 19:00:00",
    "calendarYear": "1985",
    "period": "FY",
    "revenue": 473000000,
    "costOfRevenue": 316000000,
    "grossProfit": 157000000,
    "grossProfitRatio": 0.3319238901,
    "researchAndDevelopmentExpenses": 0,
    "generalAndAdministrativeExpenses": 0,
    "sellingAndMarketingExpenses": 0,
    "sellingGeneralAndAdministrativeExpenses": 0,
    "otherExpenses": 51500000,
    "operatingExpenses": 51500000,
    "costAndExpenses": 367500000,
    "interestIncome": 0,
    "interestExpense": 0,
    "depreciationAndAmortization": 19600000,
    "ebitda": 125100000,
    "ebitdaratio": 0.2644820296,
    "operatingIncome": 105500000,
    "operatingIncomeRatio": 0.2230443975,
    "totalOtherIncomeExpensesNet": -13000000,
    "incomeBeforeTax": 92500000,
    "incomeBeforeTaxRatio": 0.1955602537,
    "incomeTaxExpense": 37500000,
    "netIncome": 55000000,
    "netIncomeRatio": 0.1162790698,
    "eps": 0.48,
    "epsdiluted": 0.44,
    "weightedAverageShsOut": 115789474,
    "weightedAverageShsOutDil": 125714286,
    "link": "",
    "finalLink": ""
  }
]