[
  {
    "date": "2025-06-30",
    "symbol": "ERIE",
    "reportedCurrency": "USD",
    "cik": "0000922621",
    "fillingDate": "2025-08-07",
    "acceptedDate": "2025-08-07 16:28:17",
    "calendarYear": "2025",
    "period": "Q2",
    "revenue": 1292446000,
    "costOfRevenue": 69059000,
    "grossProfit": 1223387000,
    "grossProfitRatio": 0.9465672067,
    "researchAndDevelopmentExpenses": 0,
    "generalAndAdministrativeExpenses": 256735000,
    "sellingAndMarketingExpenses": 19781000,
    "sellingGeneralAndAdministrativeExpenses": 276516000,
    "otherExpenses": 726124000,
    "operatingExpenses": 1002640000,
    "costAndExpenses": 1071699000,
    "interestIncome": 19596000,
    "interestExpense": 0,
    "depreciationAndAmortization": 0,
    "ebitda": 220747000,
    "ebitdaratio": 0.1707978515,
    "operatingIncome": 220747000,
    "operatingIncomeRatio": 0.1707978515,
    "totalOtherIncomeExpensesNet": 0,
    "incomeBeforeTax": 220747000,
    "incomeBeforeTaxRatio": 0.1707978515,
    "incomeTaxExpense": 46062000,
    "netIncome": 174685000,
    "netIncomeRatio": 0.1351584515,
    "eps": 3.75,
    "epsdiluted": 3.34,
    "weightedAverageShsOut": 46191605,
    "weightedAverageShsOutDil": 52306949,
    "link": "https://www.sec.gov/Archives/edgar/data/922621/000162828025038926/0001628280-25-038926-index.htm",
    "finalLink": "https://www.sec.gov/Archives/edgar/data/922621/000162828025038926/erie-20250630.htm"
  },
  {
    "date": "2025-03-31",
    "symbol": "ERIE",
    "reportedCurrency": "USD",
    "cik": "0000922621",
    "fillingDate": "2025-04-24",
    "acceptedDate": "2025-04-24 16:32:18",
    "calendarYear": "2025",
    "period": "Q1",
    "revenue": 989399000,
    "costOfRevenue": 838023000,
    "grossProfit": 989399000,
    "grossProfitRatio": 1,
    "researchAndDevelopmentExpenses": 0,
    "generalAndAdministrativeExpenses": 17645000,
    "sellingAndMarketingExpenses": 0,
    "sellingGeneralAndAdministrativeExpenses": 17645000,
    "otherExpenses": 820378000,
    "operatingExpenses": 838023000,
    "costAndExpenses": 838023000,
    "interestIncome": 18114000,
    "interestExpense": 0,
    "depreciationAndAmortization": 0,
    "ebitda": 151878000,
    "ebitdaratio": 0.1535053098,
    "operatingIncome": 151376000,
    "operatingIncomeRatio": 0.1529979311,
    "totalOtherIncomeExpensesNet": 23370000,
    "incomeBeforeTax": 174746000,
    "incomeBeforeTaxRatio": 0.1766183309,
    "incomeTaxExpense": 36329000,
    "netIncome": 138417000,
    "netIncomeRatio": 0.1399000808,
    "eps": 2.97,
    "epsdiluted": 2.65,
    "weightedAverageShsOut": 52289703,
    "weightedAverageShsOutDil": 58405184,
    "link": "https://www.sec.gov/Archives/edgar/data/922621/000092262125000016/0000922621-25-000016-index.htm",
    "finalLink": "https://www.sec.gov/Archives/edgar/data/922621/000092262125000016/erie-20250331.htm"
  },
  {
    "date": "2024-12-31",
    "symbol": "ERIE",
    "reportedCurrency": "USD",
    "cik": "0000922621",
    "fillingDate": "2025-02-27",
    "acceptedDate": "2025-02-27 16:25:43",
    "calendarYear": "2024",
    "period": "Q4",
    "revenue": 338709000,
    "costOfRevenue": 134000,
    "grossProfit": 338575000,
    "grossProfitRatio": 0.9996043802,
    "researchAndDevelopmentExpenses": 0,
    "generalAndAdministrativeExpenses": 201987000,
    "sellingAndMarketingExpenses": 0,
    "sellingGeneralAndAdministrativeExpenses": 201987000,
    "otherExpenses": -55086000,
    "operatingExpenses": 146901000,
    "costAndExpenses": 146901000,
    "interestIncome": 18108000,
    "interestExpense": 0,
    "depreciationAndAmortization": 0,
    "ebitda": 167556000,
    "ebitdaratio": 0.4946901322,
    "operatingIncome": 191808000,
    "operatingIncomeRatio": 0.5662914183,
    "totalOtherIncomeExpensesNet": 0,
    "incomeBeforeTax": 191808000,
    "incomeBeforeTaxRatio": 0.5662914183,
    "incomeTaxExpense": 39779000,
    "netIncome": 152029000,
    "netIncomeRatio": 0.4488484215,
    "eps": 3.26,
    "epsdiluted": 2.91,
    "weightedAverageShsOut": 46191602,
    "weightedAverageShsOutDil": 52313436,
    "link": "https://www.sec.gov/Archives/edgar/data/922621/000092262125000004/0000922621-25-000004-index.htm",
    "finalLink": "https://www.sec.gov/Archives/edgar/data/922621/000092262125000004/erie-20241231.htm"
  },
  {
    "date": "2024-09-30",
    "symbol": "ERIE",
    "reportedCurrency": "USD",
    "cik": "0000922621",
    "fillingDate": "2024-10-31",
    "acceptedDate": "2024-10-31 16:25:35",
    "calendarYear": "2024",
    "period": "Q3",
    "revenue": 999886000,
    "costOfRevenue": 819761000,
    "grossProfit": 180125000,
    "grossProfitRatio": 0.1801455366,
    "researchAndDevelopmentExpenses": 0,
    "generalAndAdministrativeExpenses": 17154000,
    "sellingAndMarketingExpenses": 0,
    "sellingGeneralAndAdministrativeExpenses": 17154000,
    "otherExpenses": 802607000,
    "operatingExpenses": 819761000,
    "costAndExpenses": 817125000,
    "interestIncome": 16901000,
    "interestExpense": 0,
    "depreciationAndAmortization": 0,
    "ebitda": 183050000,
    "ebitdaratio": 0.1830708701,
    "operatingIncome": 180125000,
    "operatingIncomeRatio": 0.1801455366,
    "totalOtherIncomeExpensesNet": 20717000,
    "incomeBeforeTax": 200842000,
    "incomeBeforeTaxRatio": 0.2008648986,
    "incomeTaxExpense": 41012000,
    "netIncome": 159830000,
    "netIncomeRatio": 0.1598482227,
    "eps": 3.43,
    "epsdiluted": 3.06,
    "weightedAverageShsOut": 46191601,
    "weightedAverageShsOutDil": 52309056,
    "link": "https://www.sec.gov/Archives/edgar/data/922621/000092262124000023/0000922621-24-000023-index.htm",
    "finalLink": "https://www.sec.gov/Archives/edgar/data/922621/000092262124000023/erie-20240930.htm"
  },
  {
    "date": "2024-06-30",
    "symbol": "ERIE",
    "reportedCurrency": "USD",
    "cik": "0000922621",
    "fillingDate": "2024-07-25",
    "acceptedDate": "2024-07-25 16:25:44",
    "calendarYear": "2024",
    "period": "Q2",
    "revenue": 988179000,
    "costOfRevenue": 800230000,
    "grossProfit": 187949000,
    "grossProfitRatio": 0.1901973225,
    "researchAndDevelopmentExpenses": 0,
    "generalAndAdministrativeExpenses": 206028000,
    "sellingAndMarketingExpenses": -188977000,
    "sellingGeneralAndAdministrativeExpenses": 17051000,
    "otherExpenses": -17515000,
    "operatingExpenses": -464000,
    "costAndExpenses": 800230000,
    "interestIncome": 15496000,
    "interestExpense": 0,
    "depreciationAndAmortization": 1795000,
    "ebitda": 190208000,
    "ebitdaratio": 0.1924833456,
    "operatingIncome": 188413000,
    "operatingIncomeRatio": 0.1906668731,
    "totalOtherIncomeExpensesNet": 18914000,
    "incomeBeforeTax": 207327000,
    "incomeBeforeTaxRatio": 0.2098071301,
    "incomeTaxExpense": 43424000,
    "netIncome": 163903000,
    "netIncomeRatio": 0.1658636745,
    "eps": 3.52,
    "epsdiluted": 3.13,
    "weightedAverageShsOut": 52365175,
    "weightedAverageShsOutDil": 52686599,
    "link": "https://www.sec.gov/Archives/edgar/data/922621/000092262124000019/0000922621-24-000019-index.htm",
    "finalLink": "https://www.sec.gov/Archives/edgar/data/922621/000092262124000019/erie-20240630.htm"
  },
  {
    "date": "2024-03-31",
    "symbol": "ERIE",
    "reportedCurrency": "USD",
    "cik": "0000922621",
    "fillingDate": "2024-04-25",
    "acceptedDate": "2024-04-25 16:25:40",
    "calendarYear": "2024",
    "period": "Q1",
    "revenue": 880506000,
    "costOfRevenue": 741889000,
    "grossProfit": 138617000,
    "grossProfitRatio": 0.1574287966,
    "researchAndDevelopmentExpenses": 0,
    "generalAndAdministrativeExpenses": 16934000,
    "sellingAndMarketingExpenses": 0,
    "sellingGeneralAndAdministrativeExpenses": 16934000,
    "otherExpenses": -18982000,
    "operatingExpenses": -2048000,
    "costAndExpenses": 739841000,
    "interestIncome": 14561000,
    "interestExpense": 0,
    "depreciationAndAmortization": 0,
    "ebitda": 140665000,
    "ebitdaratio": 0.1597547319,
    "operatingIncome": 140665000,
    "operatingIncomeRatio": 0.1597547319,
    "totalOtherIncomeExpensesNet": 16637000,
    "incomeBeforeTax": 157302000,
    "incomeBeforeTaxRatio": 0.1786495492,
    "incomeTaxExpense": 32750000,
    "netIncome": 124552000,
    "netIncomeRatio": 0.141455027,
    "eps": 2.67,
    "epsdiluted": 2.38,
    "weightedAverageShsOut": 46570314,
    "weightedAverageShsOutDil": 52683103,
    "link": "https://www.sec.gov/Archives/edgar/data/922621/000092262124000010/0000922621-24-000010-index.htm",
    "finalLink": "https://www.sec.gov/Archives/edgar/data/922621/000092262124000010/erie-20240331.htm"
  },
  {
    "date": "2023-12-31",
    "symbol": "ERIE",
    "reportedCurrency": "USD",
    "cik": "0000922621",
    "fillingDate": "2024-02-26",
    "acceptedDate": "2024-02-26 16:25:53",
    "calendarYear": "2023",
    "period": "Q4",
    "revenue": 817667000,
    "costOfRevenue": 690583000,
    "grossProfit": 127084000,
    "grossProfitRatio": 0.1554226843,
    "researchAndDevelopmentExpenses": 0,
    "generalAndAdministrativeExpenses": 46976000,
    "sellingAndMarketingExpenses": -38836000,
    "sellingGeneralAndAdministrativeExpenses": 8140000,
    "otherExpenses": -20980000,
    "operatingExpenses": -12840000,
    "costAndExpenses": 688097000,
    "interestIncome": 13624000,
    "interestExpense": 0,
    "depreciationAndAmortization": 0,
    "ebitda": 130492000,
    "ebitdaratio": 0.1595906402,
    "operatingIncome": 139924000,
    "operatingIncomeRatio": 0.1711258984,
    "totalOtherIncomeExpensesNet": 9432000,
    "incomeBeforeTax": 139924000,
    "incomeBeforeTaxRatio": 0.1711258984,
    "incomeTaxExpense": 28996000,
    "netIncome": 110928000,
    "netIncomeRatio": 0.1356640295,
    "eps": 2.38,
    "epsdiluted": 2.11,
    "weightedAverageShsOut": 52349542,
    "weightedAverageShsOutDil": 52682976,
    "link": "https://www.sec.gov/Archives/edgar/data/922621/000092262124000006/0000922621-24-000006-index.htm",
    "finalLink": "https://www.sec.gov/Archives/edgar/data/922621/000092262124000006/erie-20231231.htm"
  },
  {
    "date": "2023-09-30",
    "symbol": "ERIE",
    "reportedCurrency": "USD",
    "cik": "0000922621",
    "fillingDate": "2023-10-26",
    "acceptedDate": "2023-10-26 16:25:35",
    "calendarYear": "2023",
    "period": "Q3",
    "revenue": 858938000,
    "costOfRevenue": 710467000,
    "grossProfit": 148471000,
    "grossProfitRatio": 0.1728541525,
    "researchAndDevelopmentExpenses": 0,
    "generalAndAdministrativeExpenses": 16151000,
    "sellingAndMarketingExpenses": 0,
    "sellingGeneralAndAdministrativeExpenses": 16151000,
    "otherExpenses": -16151000,
    "operatingExpenses": 0,
    "costAndExpenses": 710467000,
    "interestIncome": 13724000,
    "interestExpense": 0,
    "depreciationAndAmortization": 2227000,
    "ebitda": 148471000,
    "ebitdaratio": 0.1728541525,
    "operatingIncome": 146244000,
    "operatingIncomeRatio": 0.1702614158,
    "totalOtherIncomeExpensesNet": 17530000,
    "incomeBeforeTax": 163774000,
    "incomeBeforeTaxRatio": 0.1906703394,
    "incomeTaxExpense": 32734000,
    "netIncome": 131040000,
    "netIncomeRatio": 0.1525604875,
    "eps": 2.81,
    "epsdiluted": 2.51,
    "weightedAverageShsOut": 52289855,
    "weightedAverageShsOutDil": 52680669,
    "link": "https://www.sec.gov/Archives/edgar/data/922621/000092262123000022/0000922621-23-000022-index.htm",
    "finalLink": "https://www.sec.gov/Archives/edgar/data/922621/000092262123000022/erie-20230930.htm"
  },
  {
    "date": "2023-06-30",
    "symbol": "ERIE",
    "reportedCurrency": "USD",
    "cik": "0000922621",
    "fillingDate": "2023-07-27",
    "acceptedDate": "2023-07-27 16:25:50",
    "calendarYear": "2023",
    "period": "Q2",
    "revenue": 851497000,
    "costOfRevenue": 705712000,
    "grossProfit": 145785000,
    "grossProfitRatio": 0.1712102333,
    "researchAndDevelopmentExpenses": 0,
    "generalAndAdministrativeExpenses": 15636000,
    "sellingAndMarketingExpenses": 168830000,
    "sellingGeneralAndAdministrativeExpenses": 184466000,
    "otherExpenses": 0,
    "operatingExpenses": 0,
    "costAndExpenses": 702407000,
    "interestIncome": 0,
    "interestExpense": 0,
    "depreciationAndAmortization": 21418501,
    "ebitda": 153839500,
    "ebitdaratio": 0.1806694563,
    "operatingIncome": 134158000,
    "operatingIncomeRatio": 0.1575554582,
    "totalOtherIncomeExpensesNet": 14932000,
    "incomeBeforeTax": 149090000,
    "incomeBeforeTaxRatio": 0.1750916327,
    "incomeTaxExpense": 31238000,
    "netIncome": 117852000,
    "netIncomeRatio": 0.138405655,
    "eps": 2.53,
    "epsdiluted": 2.25,
    "weightedAverageShsOut": 46570326,
    "weightedAverageShsOutDil": 52681274,
    "link": "https://www.sec.gov/Archives/edgar/data/922621/000092262123000017/0000922621-23-000017-index.htm",
    "finalLink": "https://www.sec.gov/Archives/edgar/data/922621/000092262123000017/erie-20230630.htm"
  },
  {
    "date": "2023-03-31",
    "symbol": "ERIE",
    "reportedCurrency": "USD",
    "cik": "0000922621",
    "fillingDate": "2023-04-27",
    "acceptedDate": "2023-04-27 16:32:16",
    "calendarYear": "2023",
    "period": "Q1",
    "revenue": 747733000,
    "costOfRevenue": 641922000,
    "grossProfit": 105811000,
    "grossProfitRatio": 0.1415090681,
    "researchAndDevelopmentExpenses": 0,
    "generalAndAdministrativeExpenses": 15189000,
    "sellingAndMarketingExpenses": 0,
    "sellingGeneralAndAdministrativeExpenses": 15189000,
    "otherExpenses": 0,
    "operatingExpenses": 641922000,
    "costAndExpenses": 641922000,
    "interestIncome": 0,
    "interestExpense": 0,
    "depreciationAndAmortization": 1395000,
    "ebitda": 110543000,
    "ebitdaratio": 0.1478375302,
    "operatingIncome": 110543000,
    "operatingIncomeRatio": 0.1478375302,
    "totalOtherIncomeExpensesNet": -1395000,
    "incomeBeforeTax": 109148000,
    "incomeBeforeTaxRatio": 0.145971891,
    "incomeTaxExpense": 22907000,
    "netIncome": 86241000,
    "netIncomeRatio": 0.1153366242,
    "eps": 1.85,
    "epsdiluted": 1.65,
    "weightedAverageShsOut": 52289646,
    "weightedAverageShsOutDil": 58397421,
    "link": "https://www.sec.gov/Archives/edgar/data/922621/000092262123000011/0000922621-23-000011-index.htm",
    "finalLink": "https://www.sec.gov/Archives/edgar/data/922621/000092262123000011/erie-20230331.htm"
  },
  {
    "date": "2022-12-31",
    "symbol": "ERIE",
    "reportedCurrency": "USD",
    "cik": "0000922621",
    "fillingDate": "2023-03-01",
    "acceptedDate": "2023-03-01 16:25:32",
    "calendarYear": "2022",
    "period": "Q4",
    "revenue": 700923000,
    "costOfRevenue": 619205000,
    "grossProfit": 81718000,
    "grossProfitRatio": 0.1165862727,
    "researchAndDevelopmentExpenses": 0,
    "generalAndAdministrativeExpenses": 29133000,
    "sellingAndMarketingExpenses": 146480000,
    "sellingGeneralAndAdministrativeExpenses": 175613000,
    "otherExpenses": -1508000,
    "operatingExpenses": 29133000,
    "costAndExpenses": 618962000,
    "interestIncome": 0,
    "interestExpense": 0,
    "depreciationAndAmortization": -2247000,
    "ebitda": 79714000,
    "ebitdaratio": 0.1137271854,
    "operatingIncome": 79714000,
    "operatingIncomeRatio": 0.1137271854,
    "totalOtherIncomeExpensesNet": 2247000,
    "incomeBeforeTax": 81961000,
    "incomeBeforeTaxRatio": 0.1169329584,
    "incomeTaxExpense": 16471000,
    "netIncome": 65490000,
    "netIncomeRatio": 0.0934339435,
    "eps": 1.41,
    "epsdiluted": 1.24,
    "weightedAverageShsOut": 52433988,
    "weightedAverageShsOutDil": 52680203,
    "link": "https://www.sec.gov/Archives/edgar/data/922621/000092262123000007/0000922621-23-000007-index.htm",
    "finalLink": "https://www.sec.gov/Archives/edgar/data/922621/000092262123000007/erie-20221231.htm"
  },
  {
    "date": "2022-09-30",
    "symbol": "ERIE",
    "reportedCurrency": "USD",
    "cik": "0000922621",
    "fillingDate": "2022-10-27",
    "acceptedDate": "2022-10-27 16:24:40",
    "calendarYear": "2022",
    "period": "Q3",
    "revenue": 740665000,
    "costOfRevenue": 634764000,
    "grossProfit": 105901000,
    "grossProfitRatio": 0.1429809698,
    "researchAndDevelopmentExpenses": 0,
    "generalAndAdministrativeExpenses": 14657000,
    "sellingAndMarketingExpenses": 0,
    "sellingGeneralAndAdministrativeExpenses": 14657000,
    "otherExpenses": 0,
    "operatingExpenses": -562000,
    "costAndExpenses": 634764000,
    "interestIncome": 0,
    "interestExpense": 115000,
    "depreciationAndAmortization": 9000,
    "ebitda": 106472000,
    "ebitdaratio": 0.1437518986,
    "operatingIncome": 106463000,
    "operatingIncomeRatio": 0.1437397474,
    "totalOtherIncomeExpensesNet": -115000,
    "incomeBeforeTax": 106348000,
    "incomeBeforeTaxRatio": 0.1435844815,
    "incomeTaxExpense": 22035000,
    "netIncome": 84313000,
    "netIncomeRatio": 0.1138341895,
    "eps": 1.81,
    "epsdiluted": 1.61,
    "weightedAverageShsOut": 46189025,
    "weightedAverageShsOutDil": 52296411,
    "link": "https://www.sec.gov/Archives/edgar/data/922621/000092262122000038/0000922621-22-000038-index.htm",
    "finalLink": "https://www.sec.gov/Archives/edgar/data/922621/000092262122000038/erie-20220930.htm"
  },
  {
    "date": "2022-06-30",
    "symbol": "ERIE",
    "reportedCurrency": "USD",
    "cik": "0000922621",
    "fillingDate": "2022-07-28",
    "acceptedDate": "2022-07-28 16:31:01",
    "calendarYear": "2022",
    "period": "Q2",
    "revenue": 724049000,
    "costOfRevenue": 622143000,
    "grossProfit": 101906000,
    "grossProfitRatio": 0.1407446181,
    "researchAndDevelopmentExpenses": 0,
    "generalAndAdministrativeExpenses": 14476000,
    "sellingAndMarketingExpenses": 0,
    "sellingGeneralAndAdministrativeExpenses": 14476000,
    "otherExpenses": 0,
    "operatingExpenses": -337000,
    "costAndExpenses": 622143000,
    "interestIncome": 0,
    "interestExpense": 895000,
    "depreciationAndAmortization": 1757000,
    "ebitda": 104000000,
    "ebitdaratio": 0.1436366876,
    "operatingIncome": 102243000,
    "operatingIncomeRatio": 0.1412100562,
    "totalOtherIncomeExpensesNet": -895000,
    "incomeBeforeTax": 101348000,
    "incomeBeforeTaxRatio": 0.139973952,
    "incomeTaxExpense": 21201000,
    "netIncome": 80147000,
    "netIncomeRatio": 0.1106927846,
    "eps": 1.37,
    "epsdiluted": 1.53,
    "weightedAverageShsOut": 52289645,
    "weightedAverageShsOutDil": 58396939,
    "link": "https://www.sec.gov/Archives/edgar/data/922621/000092262122000032/0000922621-22-000032-index.htm",
    "finalLink": "https://www.sec.gov/Archives/edgar/data/922621/000092262122000032/erie-20220630.htm"
  },
  {
    "date": "2022-03-31",
    "symbol": "ERIE",
    "reportedCurrency": "USD",
    "cik": "0000922621",
    "fillingDate": "2022-04-28",
    "acceptedDate": "2022-04-28 16:34:20",
    "calendarYear": "2022",
    "period": "Q1",
    "revenue": 675119000,
    "costOfRevenue": 587798000,
    "grossProfit": 87321000,
    "grossProfitRatio": 0.129341642,
    "researchAndDevelopmentExpenses": 0,
    "generalAndAdministrativeExpenses": 14313000,
    "sellingAndMarketingExpenses": 0,
    "sellingGeneralAndAdministrativeExpenses": 14313000,
    "otherExpenses": -1507000,
    "operatingExpenses": -473000,
    "costAndExpenses": 587798000,
    "interestIncome": 0,
    "interestExpense": 999000,
    "depreciationAndAmortization": 7327500,
    "ebitda": 95121500,
    "ebitdaratio": 0.1408959013,
    "operatingIncome": 87794000,
    "operatingIncomeRatio": 0.1300422592,
    "totalOtherIncomeExpensesNet": -999000,
    "incomeBeforeTax": 86795000,
    "incomeBeforeTaxRatio": 0.1285625201,
    "incomeTaxExpense": 18176000,
    "netIncome": 68619000,
    "netIncomeRatio": 0.101639859,
    "eps": 1.17,
    "epsdiluted": 1.31,
    "weightedAverageShsOut": 52289561,
    "weightedAverageShsOutDil": 58401301,
    "link": "https://www.sec.gov/Archives/edgar/data/922621/000092262122000027/0000922621-22-000027-index.htm",
    "finalLink": "https://www.sec.gov/Archives/edgar/data/922621/000092262122000027/erie-20220331.htm"
  },
  {
    "date": "2021-12-31",
    "symbol": "ERIE",
    "reportedCurrency": "USD",
    "cik": "0000922621",
    "fillingDate": "2022-02-24",
    "acceptedDate": "2022-02-24 16:30:25",
    "calendarYear": "2021",
    "period": "Q4",
    "revenue": 648259000,
    "costOfRevenue": 607933000,
    "grossProfit": 40326000,
    "grossProfitRatio": 0.062206618,
    "researchAndDevelopmentExpenses": 0,
    "generalAndAdministrativeExpenses": 43985000,
    "sellingAndMarketingExpenses": 0,
    "sellingGeneralAndAdministrativeExpenses": 43985000,
    "otherExpenses": -1020000,
    "operatingExpenses": 43985000,
    "costAndExpenses": 578432000,
    "interestIncome": 0,
    "interestExpense": 1050000,
    "depreciationAndAmortization": 9302500,
    "ebitda": 70877000,
    "ebitdaratio": 0.1093343864,
    "operatingIncome": 70877000,
    "operatingIncomeRatio": 0.1093343864,
    "totalOtherIncomeExpensesNet": -1050000,
    "incomeBeforeTax": 69827000,
    "incomeBeforeTaxRatio": 0.1077146634,
    "incomeTaxExpense": 14785000,
    "netIncome": 55042000,
    "netIncomeRatio": 0.0849074213,
    "eps": 1.18,
    "epsdiluted": 1.05,
    "weightedAverageShsOut": 52201754,
    "weightedAverageShsOutDil": 52308170,
    "link": "https://www.sec.gov/Archives/edgar/data/922621/000092262122000013/0000922621-22-000013-index.htm",
    "finalLink": "https://www.sec.gov/Archives/edgar/data/922621/000092262122000013/erie-20211231.htm"
  },
  {
    "date": "2021-09-30",
    "symbol": "ERIE",
    "reportedCurrency": "USD",
    "cik": "0000922621",
    "fillingDate": "2021-10-28",
    "acceptedDate": "2021-10-28 16:27:11",
    "calendarYear": "2021",
    "period": "Q3",
    "revenue": 708437000,
    "costOfRevenue": 592736000,
    "grossProfit": 115701000,
    "grossProfitRatio": 0.1633186861,
    "researchAndDevelopmentExpenses": 0,
    "generalAndAdministrativeExpenses": 14471000,
    "sellingAndMarketingExpenses": 0,
    "sellingGeneralAndAdministrativeExpenses": 14471000,
    "otherExpenses": 0,
    "operatingExpenses": 20598000,
    "costAndExpenses": 592736000,
    "interestIncome": 0,
    "interestExpense": 1034000,
    "depreciationAndAmortization": 5298750,
    "ebitda": 96713000,
    "ebitdaratio": 0.1365160205,
    "operatingIncome": 95103000,
    "operatingIncomeRatio": 0.1342434119,
    "totalOtherIncomeExpensesNet": 19023000,
    "incomeBeforeTax": 114126000,
    "incomeBeforeTaxRatio": 0.161095482,
    "incomeTaxExpense": 23903000,
    "netIncome": 90223000,
    "netIncomeRatio": 0.1273550083,
    "eps": 1.94,
    "epsdiluted": 1.72,
    "weightedAverageShsOut": 52305245,
    "weightedAverageShsOutDil": 52305245,
    "link": "https://www.sec.gov/Archives/edgar/data/922621/000092262121000048/0000922621-21-000048-index.htm",
    "finalLink": "https://www.sec.gov/Archives/edgar/data/922621/000092262121000048/erie-20210930.htm"
  },
  {
    "date": "2021-06-30",
    "symbol": "ERIE",
    "reportedCurrency": "USD",
    "cik": "0000922621",
    "fillingDate": "2021-07-29",
    "acceptedDate": "2021-07-29 16:26:35",
    "calendarYear": "2021",
    "period": "Q2",
    "revenue": 696448000,
    "costOfRevenue": 6151000,
    "grossProfit": 690297000,
    "grossProfitRatio": 0.9911680413,
    "researchAndDevelopmentExpenses": 0,
    "generalAndAdministrativeExpenses": 14667000,
    "sellingAndMarketingExpenses": 0,
    "sellingGeneralAndAdministrativeExpenses": 14667000,
    "otherExpenses": 580298000,
    "operatingExpenses": 594965000,
    "costAndExpenses": 594965000,
    "interestIncome": 0,
    "interestExpense": 1039000,
    "depreciationAndAmortization": 5298750,
    "ebitda": 85065000,
    "ebitdaratio": 0.122141208,
    "operatingIncome": 85065000,
    "operatingIncomeRatio": 0.122141208,
    "totalOtherIncomeExpensesNet": 14831000,
    "incomeBeforeTax": 99896000,
    "incomeBeforeTaxRatio": 0.1434364087,
    "incomeTaxExpense": 20867000,
    "netIncome": 79029000,
    "netIncomeRatio": 0.1134743728,
    "eps": 1.7,
    "epsdiluted": 1.51,
    "weightedAverageShsOut": 52337086,
    "weightedAverageShsOutDil": 58403170,
    "link": "https://www.sec.gov/Archives/edgar/data/922621/000092262121000036/0000922621-21-000036-index.htm",
    "finalLink": "https://www.sec.gov/Archives/edgar/data/922621/000092262121000036/erie-20210630.htm"
  },
  {
    "date": "2021-03-31",
    "symbol": "ERIE",
    "reportedCurrency": "USD",
    "cik": "0000922621",
    "fillingDate": "2021-04-29",
    "acceptedDate": "2021-04-29 16:26:12",
    "calendarYear": "2021",
    "period": "Q1",
    "revenue": 648165000,
    "costOfRevenue": 9046000,
    "grossProfit": 639119000,
    "grossProfitRatio": 0.9860436772,
    "researchAndDevelopmentExpenses": 0,
    "generalAndAdministrativeExpenses": 14847000,
    "sellingAndMarketingExpenses": 0,
    "sellingGeneralAndAdministrativeExpenses": 14847000,
    "otherExpenses": 539235000,
    "operatingExpenses": 554082000,
    "costAndExpenses": 554082000,
    "interestIncome": 0,
    "interestExpense": 1009000,
    "depreciationAndAmortization": 5298750,
    "ebitda": 80372750,
    "ebitdaratio": 0.1240004474,
    "operatingIncome": 76095000,
    "operatingIncomeRatio": 0.1174006619,
    "totalOtherIncomeExpensesNet": 16460000,
    "incomeBeforeTax": 92555000,
    "incomeBeforeTaxRatio": 0.1427954302,
    "incomeTaxExpense": 18989000,
    "netIncome": 73566000,
    "netIncomeRatio": 0.1134988776,
    "eps": 1.58,
    "epsdiluted": 1.41,
    "weightedAverageShsOut": 52289690,
    "weightedAverageShsOutDil": 58416758,
    "link": "https://www.sec.gov/Archives/edgar/data/922621/000092262121000022/0000922621-21-000022-index.htm",
    "finalLink": "https://www.sec.gov/Archives/edgar/data/922621/000092262121000022/erie-20210331.htm"
  },
  {
    "date": "2020-12-31",
    "symbol": "ERIE",
    "reportedCurrency": "USD",
    "cik": "0000922621",
    "fillingDate": "2021-02-25",
    "acceptedDate": "2021-02-25 16:27:12",
    "calendarYear": "2020",
    "period": "Q4",
    "revenue": 620904000,
    "costOfRevenue": 544200000,
    "grossProfit": 76704000,
    "grossProfitRatio": 0.1235360056,
    "researchAndDevelopmentExpenses": 0,
    "generalAndAdministrativeExpenses": 44494000,
    "sellingAndMarketingExpenses": 0,
    "sellingGeneralAndAdministrativeExpenses": 44494000,
    "otherExpenses": -410000,
    "operatingExpenses": 44494000,
    "costAndExpenses": 545113000,
    "interestIncome": 0,
    "interestExpense": 723000,
    "depreciationAndAmortization": -12609750,
    "ebitda": 66323250,
    "ebitdaratio": 0.1068172374,
    "operatingIncome": 78933000,
    "operatingIncomeRatio": 0.1271259325,
    "totalOtherIncomeExpensesNet": -723000,
    "incomeBeforeTax": 78210000,
    "incomeBeforeTaxRatio": 0.1259615013,
    "incomeTaxExpense": 15425000,
    "netIncome": 62785000,
    "netIncomeRatio": 0.1011186915,
    "eps": 1.35,
    "epsdiluted": 1.2,
    "weightedAverageShsOut": 52320310,
    "weightedAverageShsOutDil": 52696970,
    "link": "https://www.sec.gov/Archives/edgar/data/922621/000092262121000010/0000922621-21-000010-index.htm",
    "finalLink": "https://www.sec.gov/Archives/edgar/data/922621/000092262121000010/erie-20201231.htm"
  },
  {
    "date": "2020-09-30",
    "symbol": "ERIE",
    "reportedCurrency": "USD",
    "cik": "0000922621",
    "fillingDate": "2020-10-29",
    "acceptedDate": "2020-10-29 16:26:43",
    "calendarYear": "2020",
    "period": "Q3",
    "revenue": 666304000,
    "costOfRevenue": 557256000,
    "grossProfit": 109048000,
    "grossProfitRatio": 0.1636610316,
    "researchAndDevelopmentExpenses": 0,
    "generalAndAdministrativeExpenses": 14910000,
    "sellingAndMarketingExpenses": 0,
    "sellingGeneralAndAdministrativeExpenses": 14910000,
    "otherExpenses": 0,
    "operatingExpenses": 12823000,
    "costAndExpenses": 557256000,
    "interestIncome": 0,
    "interestExpense": 3000,
    "depreciationAndAmortization": 4203250,
    "ebitda": 102140000,
    "ebitdaratio": 0.1532933916,
    "operatingIncome": 96225000,
    "operatingIncomeRatio": 0.1444160623,
    "totalOtherIncomeExpensesNet": 15471000,
    "incomeBeforeTax": 111696000,
    "incomeBeforeTaxRatio": 0.1676351935,
    "incomeTaxExpense": 22480000,
    "netIncome": 89216000,
    "netIncomeRatio": 0.1338968399,
    "eps": 1.92,
    "epsdiluted": 1.71,
    "weightedAverageShsOut": 52289849,
    "weightedAverageShsOutDil": 52310429,
    "link": "https://www.sec.gov/Archives/edgar/data/922621/000092262120000044/0000922621-20-000044-index.htm",
    "finalLink": "https://www.sec.gov/Archives/edgar/data/922621/000092262120000044/erie-20200930.htm"
  },
  {
    "date": "2020-06-30",
    "symbol": "ERIE",
    "reportedCurrency": "USD",
    "cik": "0000922621",
    "fillingDate": "2020-07-30",
    "acceptedDate": "2020-07-30 21:34:28",
    "calendarYear": "2020",
    "period": "Q2",
    "revenue": 670901000,
    "costOfRevenue": 565830000,
    "grossProfit": 105071000,
    "grossProfitRatio": 0.1566117803,
    "researchAndDevelopmentExpenses": 0,
    "generalAndAdministrativeExpenses": 14813000,
    "sellingAndMarketingExpenses": 0,
    "sellingGeneralAndAdministrativeExpenses": 14813000,
    "otherExpenses": 0,
    "operatingExpenses": 13882000,
    "costAndExpenses": 565830000,
    "interestIncome": 0,
    "interestExpense": 2000,
    "depreciationAndAmortization": 4203250,
    "ebitda": 97715000,
    "ebitdaratio": 0.1456474204,
    "operatingIncome": 91189000,
    "operatingIncomeRatio": 0.1359202028,
    "totalOtherIncomeExpensesNet": 11293000,
    "incomeBeforeTax": 102482000,
    "incomeBeforeTaxRatio": 0.1527527907,
    "incomeTaxExpense": 20505000,
    "netIncome": 81977000,
    "netIncomeRatio": 0.1221894139,
    "eps": 1.76,
    "epsdiluted": 1.57,
    "weightedAverageShsOut": 52288619,
    "weightedAverageShsOutDil": 52684281,
    "link": "https://www.sec.gov/Archives/edgar/data/922621/000092262120000030/0000922621-20-000030-index.htm",
    "finalLink": "https://www.sec.gov/Archives/edgar/data/922621/000092262120000030/erie-20200630.htm"
  },
  {
    "date": "2020-03-31",
    "symbol": "ERIE",
    "reportedCurrency": "USD",
    "cik": "0000922621",
    "fillingDate": "2020-05-07",
    "acceptedDate": "2020-05-07 16:32:27",
    "calendarYear": "2020",
    "period": "Q1",
    "revenue": 611247000,
    "costOfRevenue": 531046000,
    "grossProfit": 80201000,
    "grossProfitRatio": 0.1312088239,
    "researchAndDevelopmentExpenses": 0,
    "generalAndAdministrativeExpenses": 14771000,
    "sellingAndMarketingExpenses": 0,
    "sellingGeneralAndAdministrativeExpenses": 14771000,
    "otherExpenses": 0,
    "operatingExpenses": -5490000,
    "costAndExpenses": 531046000,
    "interestIncome": 0,
    "interestExpense": 3000,
    "depreciationAndAmortization": 4203250,
    "ebitda": 85691000,
    "ebitdaratio": 0.1401904631,
    "operatingIncome": 85691000,
    "operatingIncomeRatio": 0.1401904631,
    "totalOtherIncomeExpensesNet": -9564000,
    "incomeBeforeTax": 76127000,
    "incomeBeforeTaxRatio": 0.1245437605,
    "incomeTaxExpense": 16801000,
    "netIncome": 59326000,
    "netIncomeRatio": 0.0970573271,
    "eps": 1.27,
    "epsdiluted": 1.13,
    "weightedAverageShsOut": 52324350,
    "weightedAverageShsOutDil": 52324350,
    "link": "https://www.sec.gov/Archives/edgar/data/922621/000092262120000021/0000922621-20-000021-index.htm",
    "finalLink": "https://www.sec.gov/Archives/edgar/data/922621/000092262120000021/erie10-q03312020.htm"
  },
  {
    "date": "2019-12-31",
    "symbol": "ERIE",
    "reportedCurrency": "USD",
    "cik": "0000922621",
    "fillingDate": "2020-02-27",
    "acceptedDate": "2020-02-27 16:38:14",
    "calendarYear": "2019",
    "period": "Q4",
    "revenue": 605540000,
    "costOfRevenue": 528040000,
    "grossProfit": 77500000,
    "grossProfitRatio": 0.1279849391,
    "researchAndDevelopmentExpenses": 0,
    "generalAndAdministrativeExpenses": 42576000,
    "sellingAndMarketingExpenses": -41323000,
    "sellingGeneralAndAdministrativeExpenses": 1253000,
    "otherExpenses": 0,
    "operatingExpenses": 42576000,
    "costAndExpenses": 529890000,
    "interestIncome": 0,
    "interestExpense": 24000,
    "depreciationAndAmortization": -6372000,
    "ebitda": 69302000,
    "ebitdaratio": 0.1144466096,
    "operatingIncome": 68700000,
    "operatingIncomeRatio": 0.1134524557,
    "totalOtherIncomeExpensesNet": 6950000,
    "incomeBeforeTax": 75650000,
    "incomeBeforeTaxRatio": 0.1249298147,
    "incomeTaxExpense": 16063000,
    "netIncome": 59587000,
    "netIncomeRatio": 0.0984030782,
    "eps": 1.28,
    "epsdiluted": 1.14,
    "weightedAverageShsOut": 52289847,
    "weightedAverageShsOutDil": 58428407,
    "link": "https://www.sec.gov/Archives/edgar/data/922621/000092262120000009/0000922621-20-000009-index.htm",
    "finalLink": "https://www.sec.gov/Archives/edgar/data/922621/000092262120000009/erie10-k12312019.htm"
  },
  {
    "date": "2019-09-30",
    "symbol": "ERIE",
    "reportedCurrency": "USD",
    "cik": "0000922621",
    "fillingDate": "2019-10-24",
    "acceptedDate": "2019-10-24 19:15:41",
    "calendarYear": "2019",
    "period": "Q3",
    "revenue": 649059000,
    "costOfRevenue": 532835000,
    "grossProfit": 116224000,
    "grossProfitRatio": 0.1790653854,
    "researchAndDevelopmentExpenses": 0,
    "generalAndAdministrativeExpenses": 14430000,
    "sellingAndMarketingExpenses": 0,
    "sellingGeneralAndAdministrativeExpenses": 14430000,
    "otherExpenses": 0,
    "operatingExpenses": 10317000,
    "costAndExpenses": 532835000,
    "interestIncome": 0,
    "interestExpense": 111000,
    "depreciationAndAmortization": 3342000,
    "ebitda": 105907000,
    "ebitdaratio": 0.1631700662,
    "operatingIncome": 105907000,
    "operatingIncomeRatio": 0.1631700662,
    "totalOtherIncomeExpensesNet": 13595000,
    "incomeBeforeTax": 119502000,
    "incomeBeforeTaxRatio": 0.1841157738,
    "incomeTaxExpense": 25333000,
    "netIncome": 94169000,
    "netIncomeRatio": 0.1450854237,
    "eps": 2.02,
    "epsdiluted": 1.8,
    "weightedAverageShsOut": 52316111,
    "weightedAverageShsOutDil": 52325125,
    "link": "https://www.sec.gov/Archives/edgar/data/922621/000092262119000038/0000922621-19-000038-index.htm",
    "finalLink": "https://www.sec.gov/Archives/edgar/data/922621/000092262119000038/erie10-q09302019.htm"
  },
  {
    "date": "2019-06-30",
    "symbol": "ERIE",
    "reportedCurrency": "USD",
    "cik": "0000922621",
    "fillingDate": "2019-07-25",
    "acceptedDate": "2019-07-25 16:30:28",
    "calendarYear": "2019",
    "period": "Q2",
    "revenue": 656958000,
    "costOfRevenue": 551100000,
    "grossProfit": 105858000,
    "grossProfitRatio": 0.1611335884,
    "researchAndDevelopmentExpenses": 0,
    "generalAndAdministrativeExpenses": 14195000,
    "sellingAndMarketingExpenses": 0,
    "sellingGeneralAndAdministrativeExpenses": 14195000,
    "otherExpenses": 0,
    "operatingExpenses": 9248000,
    "costAndExpenses": 551100000,
    "interestIncome": 0,
    "interestExpense": 272000,
    "depreciationAndAmortization": 3342000,
    "ebitda": 97912000,
    "ebitdaratio": 0.1490384469,
    "operatingIncome": 96610000,
    "operatingIncomeRatio": 0.147056585,
    "totalOtherIncomeExpensesNet": 9428000,
    "incomeBeforeTax": 106038000,
    "incomeBeforeTaxRatio": 0.1614075786,
    "incomeTaxExpense": 18284000,
    "netIncome": 87754000,
    "netIncomeRatio": 0.1335762712,
    "eps": 1.88,
    "epsdiluted": 1.68,
    "weightedAverageShsOut": 52289801,
    "weightedAverageShsOutDil": 58415500,
    "link": "https://www.sec.gov/Archives/edgar/data/922621/000092262119000023/0000922621-19-000023-index.htm",
    "finalLink": "https://www.sec.gov/Archives/edgar/data/922621/000092262119000023/erie10-q06302019.htm"
  },
  {
    "date": "2019-03-31",
    "symbol": "ERIE",
    "reportedCurrency": "USD",
    "cik": "0000922621",
    "fillingDate": "2019-05-02",
    "acceptedDate": "2019-05-02 16:28:35",
    "calendarYear": "2019",
    "period": "Q1",
    "revenue": 605048000,
    "costOfRevenue": 507984000,
    "grossProfit": 97064000,
    "grossProfitRatio": 0.1604236358,
    "researchAndDevelopmentExpenses": 0,
    "generalAndAdministrativeExpenses": 13951000,
    "sellingAndMarketingExpenses": 0,
    "sellingGeneralAndAdministrativeExpenses": 13951000,
    "otherExpenses": 0,
    "operatingExpenses": 10942000,
    "costAndExpenses": 507984000,
    "interestIncome": 0,
    "interestExpense": 449000,
    "depreciationAndAmortization": 3342000,
    "ebitda": 88625000,
    "ebitdaratio": 0.1464759821,
    "operatingIncome": 86122000,
    "operatingIncomeRatio": 0.1423391202,
    "totalOtherIncomeExpensesNet": 9393000,
    "incomeBeforeTax": 95515000,
    "incomeBeforeTaxRatio": 0.1578635083,
    "incomeTaxExpense": 20204000,
    "netIncome": 75311000,
    "netIncomeRatio": 0.1244711163,
    "eps": 1.62,
    "epsdiluted": 1.44,
    "weightedAverageShsOut": 52299305,
    "weightedAverageShsOutDil": 52312036,
    "link": "https://www.sec.gov/Archives/edgar/data/922621/000092262119000014/0000922621-19-000014-index.htm",
    "finalLink": "https://www.sec.gov/Archives/edgar/data/922621/000092262119000014/erie10-q03312019.htm"
  },
  {
    "date": "2018-12-31",
    "symbol": "ERIE",
    "reportedCurrency": "USD",
    "cik": "0000922621",
    "fillingDate": "2019-02-21",
    "acceptedDate": "2019-02-21 16:34:22",
    "calendarYear": "2018",
    "period": "Q4",
    "revenue": 582646000,
    "costOfRevenue": 501710000,
    "grossProfit": 80936000,
    "grossProfitRatio": 0.1389111055,
    "researchAndDevelopmentExpenses": 0,
    "generalAndAdministrativeExpenses": 39894000,
    "sellingAndMarketingExpenses": -38607000,
    "sellingGeneralAndAdministrativeExpenses": 1287000,
    "otherExpenses": -1287000,
    "operatingExpenses": 39894000,
    "costAndExpenses": 500004000,
    "interestIncome": 0,
    "interestExpense": 596000,
    "depreciationAndAmortization": -6425000,
    "ebitda": 76813000,
    "ebitdaratio": 0.1318347676,
    "operatingIncome": 74758000,
    "operatingIncomeRatio": 0.1283077546,
    "totalOtherIncomeExpensesNet": 7884000,
    "incomeBeforeTax": 82642000,
    "incomeBeforeTaxRatio": 0.141839127,
    "incomeTaxExpense": 20328000,
    "netIncome": 62314000,
    "netIncomeRatio": 0.1069500177,
    "eps": 1.34,
    "epsdiluted": 1.19,
    "weightedAverageShsOut": 52363737,
    "weightedAverageShsOutDil": 58420718,
    "link": "https://www.sec.gov/Archives/edgar/data/922621/000092262119000008/0000922621-19-000008-index.htm",
    "finalLink": "https://www.sec.gov/Archives/edgar/data/922621/000092262119000008/erie10-k12312018.htm"
  },
  {
    "date": "2018-09-30",
    "symbol": "ERIE",
    "reportedCurrency": "USD",
    "cik": "0000922621",
    "fillingDate": "2018-10-25",
    "acceptedDate": "2018-10-25 16:28:57",
    "calendarYear": "2018",
    "period": "Q3",
    "revenue": 619785000,
    "costOfRevenue": 515431000,
    "grossProfit": 104354000,
    "grossProfitRatio": 0.16837129,
    "researchAndDevelopmentExpenses": 0,
    "generalAndAdministrativeExpenses": 13521000,
    "sellingAndMarketingExpenses": 0,
    "sellingGeneralAndAdministrativeExpenses": 13521000,
    "otherExpenses": 0,
    "operatingExpenses": 7659000,
    "costAndExpenses": 515431000,
    "interestIncome": 0,
    "interestExpense": 709000,
    "depreciationAndAmortization": -8485000,
    "ebitda": 96695000,
    "ebitdaratio": 0.156013779,
    "operatingIncome": 96695000,
    "operatingIncomeRatio": 0.156013779,
    "totalOtherIncomeExpensesNet": 7776000,
    "incomeBeforeTax": 104471000,
    "incomeBeforeTaxRatio": 0.1685600652,
    "incomeTaxExpense": 24025000,
    "netIncome": 80446000,
    "netIncomeRatio": 0.129796623,
    "eps": 1.73,
    "epsdiluted": 1.54,
    "weightedAverageShsOut": 52289748,
    "weightedAverageShsOutDil": 52317438,
    "link": "https://www.sec.gov/Archives/edgar/data/922621/000092262118000046/0000922621-18-000046-index.htm",
    "finalLink": "https://www.sec.gov/Archives/edgar/data/922621/000092262118000046/erie10-q09302018.htm"
  },
  {
    "date": "2018-06-30",
    "symbol": "ERIE",
    "reportedCurrency": "USD",
    "cik": "0000922621",
    "fillingDate": "2018-07-26",
    "acceptedDate": "2018-07-26 16:35:51",
    "calendarYear": "2018",
    "period": "Q2",
    "revenue": 627884000,
    "costOfRevenue": 526135000,
    "grossProfit": 101749000,
    "grossProfitRatio": 0.1620506336,
    "researchAndDevelopmentExpenses": 0,
    "generalAndAdministrativeExpenses": 13299000,
    "sellingAndMarketingExpenses": 0,
    "sellingGeneralAndAdministrativeExpenses": 13299000,
    "otherExpenses": 0,
    "operatingExpenses": 6426000,
    "costAndExpenses": 526135000,
    "interestIncome": 0,
    "interestExpense": 602000,
    "depreciationAndAmortization": -2128250,
    "ebitda": 99459750,
    "ebitdaratio": 0.1584046575,
    "operatingIncome": 95323000,
    "operatingIncomeRatio": 0.1518162591,
    "totalOtherIncomeExpensesNet": 5663000,
    "incomeBeforeTax": 100986000,
    "incomeBeforeTaxRatio": 0.1608354409,
    "incomeTaxExpense": 21280000,
    "netIncome": 79706000,
    "netIncomeRatio": 0.1269438304,
    "eps": 1.71,
    "epsdiluted": 1.52,
    "weightedAverageShsOut": 52438192,
    "weightedAverageShsOutDil": 58413649,
    "link": "https://www.sec.gov/Archives/edgar/data/922621/000092262118000033/0000922621-18-000033-index.htm",
    "finalLink": "https://www.sec.gov/Archives/edgar/data/922621/000092262118000033/erie10-q06302018.htm"
  },
  {
    "date": "2018-03-31",
    "symbol": "ERIE",
    "reportedCurrency": "USD",
    "cik": "0000922621",
    "fillingDate": "2018-04-26",
    "acceptedDate": "2018-04-26 16:39:47",
    "calendarYear": "2018",
    "period": "Q1",
    "revenue": 578515000,
    "costOfRevenue": 494593000,
    "grossProfit": 83922000,
    "grossProfitRatio": 0.1450645186,
    "researchAndDevelopmentExpenses": 0,
    "generalAndAdministrativeExpenses": 13074000,
    "sellingAndMarketingExpenses": 0,
    "sellingGeneralAndAdministrativeExpenses": 13074000,
    "otherExpenses": 0,
    "operatingExpenses": 6355000,
    "costAndExpenses": 494593000,
    "interestIncome": 0,
    "interestExpense": 553000,
    "depreciationAndAmortization": -2070250,
    "ebitda": 81703750,
    "ebitdaratio": 0.1412301323,
    "operatingIncome": 77567000,
    "operatingIncomeRatio": 0.1340794966,
    "totalOtherIncomeExpensesNet": 5654000,
    "incomeBeforeTax": 83221000,
    "incomeBeforeTaxRatio": 0.1438527955,
    "incomeTaxExpense": 17463000,
    "netIncome": 65758000,
    "netIncomeRatio": 0.1136668885,
    "eps": 1.41,
    "epsdiluted": 1.26,
    "weightedAverageShsOut": 52288734,
    "weightedAverageShsOutDil": 58411428,
    "link": "https://www.sec.gov/Archives/edgar/data/922621/000092262118000025/0000922621-18-000025-index.htm",
    "finalLink": "https://www.sec.gov/Archives/edgar/data/922621/000092262118000025/erie10-q03312018.htm"
  },
  {
    "date": "2017-12-31",
    "symbol": "ERIE",
    "reportedCurrency": "USD",
    "cik": "0000922621",
    "fillingDate": "2018-02-22",
    "acceptedDate": "2018-02-22 16:37:03",
    "calendarYear": "2017",
    "period": "Q4",
    "revenue": 407621000,
    "costOfRevenue": 339420000,
    "grossProfit": 68201000,
    "grossProfitRatio": 0.167314736,
    "researchAndDevelopmentExpenses": 0,
    "generalAndAdministrativeExpenses": 59168000,
    "sellingAndMarketingExpenses": -58071000,
    "sellingGeneralAndAdministrativeExpenses": 1097000,
    "otherExpenses": -1097000,
    "operatingExpenses": 3122000,
    "costAndExpenses": 407621000,
    "interestIncome": 0,
    "interestExpense": 438000,
    "depreciationAndAmortization": 3707750,
    "ebitda": 57753000,
    "ebitdaratio": 0.1416830831,
    "operatingIncome": 65079000,
    "operatingIncomeRatio": 0.1596556605,
    "totalOtherIncomeExpensesNet": -438000,
    "incomeBeforeTax": 64641000,
    "incomeBeforeTaxRatio": 0.158581133,
    "incomeTaxExpense": 32588000,
    "netIncome": 32053000,
    "netIncomeRatio": 0.0786343196,
    "eps": 0.69,
    "epsdiluted": 0.61,
    "weightedAverageShsOut": 52556755,
    "weightedAverageShsOutDil": 58423278,
    "link": "https://www.sec.gov/Archives/edgar/data/922621/000092262118000016/0000922621-18-000016-index.htm",
    "finalLink": "https://www.sec.gov/Archives/edgar/data/922621/000092262118000016/erie10-k12312017.htm"
  },
  {
    "date": "2017-09-30",
    "symbol": "ERIE",
    "reportedCurrency": "USD",
    "cik": "0000922621",
    "fillingDate": "2017-10-26",
    "acceptedDate": "2017-10-26 16:26:49",
    "calendarYear": "2017",
    "period": "Q3",
    "revenue": 449373000,
    "costOfRevenue": 112991000,
    "grossProfit": 336382000,
    "grossProfitRatio": 0.7485585471,
    "researchAndDevelopmentExpenses": 0,
    "generalAndAdministrativeExpenses": 60499000,
    "sellingAndMarketingExpenses": 0,
    "sellingGeneralAndAdministrativeExpenses": 60499000,
    "otherExpenses": 361656000,
    "operatingExpenses": 361656000,
    "costAndExpenses": 361253000,
    "interestIncome": 0,
    "interestExpense": 377000,
    "depreciationAndAmortization": -8406000,
    "ebitda": 80836000,
    "ebitdaratio": 0.179886197,
    "operatingIncome": 89242000,
    "operatingIncomeRatio": 0.1985922608,
    "totalOtherIncomeExpensesNet": -377000,
    "incomeBeforeTax": 88865000,
    "incomeBeforeTaxRatio": 0.1977533141,
    "incomeTaxExpense": 30322000,
    "netIncome": 58543000,
    "netIncomeRatio": 0.1302770749,
    "eps": 1.26,
    "epsdiluted": 1.12,
    "weightedAverageShsOut": 52289770,
    "weightedAverageShsOutDil": 58417676,
    "link": "https://www.sec.gov/Archives/edgar/data/922621/000092262117000043/0000922621-17-000043-index.htm",
    "finalLink": "https://www.sec.gov/Archives/edgar/data/922621/000092262117000043/erie10-q09302017.htm"
  },
  {
    "date": "2017-06-30",
    "symbol": "ERIE",
    "reportedCurrency": "USD",
    "cik": "0000922621",
    "fillingDate": "2017-07-27",
    "acceptedDate": "2017-07-27 16:49:23",
    "calendarYear": "2017",
    "period": "Q2",
    "revenue": 454866000,
    "costOfRevenue": 114140000,
    "grossProfit": 340726000,
    "grossProfitRatio": 0.7490689566,
    "researchAndDevelopmentExpenses": 0,
    "generalAndAdministrativeExpenses": 60774000,
    "sellingAndMarketingExpenses": 0,
    "sellingGeneralAndAdministrativeExpenses": 60774000,
    "otherExpenses": 365520000,
    "operatingExpenses": 365520000,
    "costAndExpenses": 365116000,
    "interestIncome": 0,
    "interestExpense": 257000,
    "depreciationAndAmortization": 6448000,
    "ebitda": 87236500,
    "ebitdaratio": 0.1917850532,
    "operatingIncome": 83044000,
    "operatingIncomeRatio": 0.182568053,
    "totalOtherIncomeExpensesNet": 6191000,
    "incomeBeforeTax": 89235000,
    "incomeBeforeTaxRatio": 0.1961786548,
    "incomeTaxExpense": 30708000,
    "netIncome": 58527000,
    "netIncomeRatio": 0.1286686629,
    "eps": 1.26,
    "epsdiluted": 1.12,
    "weightedAverageShsOut": 52281690,
    "weightedAverageShsOutDil": 58400195,
    "link": "https://www.sec.gov/Archives/edgar/data/922621/000092262117000033/0000922621-17-000033-index.htm",
    "finalLink": "https://www.sec.gov/Archives/edgar/data/922621/000092262117000033/erie10-q06302017.htm"
  },
  {
    "date": "2017-03-31",
    "symbol": "ERIE",
    "reportedCurrency": "USD",
    "cik": "0000922621",
    "fillingDate": "2017-05-01",
    "acceptedDate": "2017-05-01 16:27:05",
    "calendarYear": "2017",
    "period": "Q1",
    "revenue": 405689000,
    "costOfRevenue": 112304000,
    "grossProfit": 293385000,
    "grossProfitRatio": 0.7231771135,
    "researchAndDevelopmentExpenses": 0,
    "generalAndAdministrativeExpenses": 59740000,
    "sellingAndMarketingExpenses": 0,
    "sellingGeneralAndAdministrativeExpenses": 59740000,
    "otherExpenses": 332782000,
    "operatingExpenses": 332782000,
    "costAndExpenses": 445086000,
    "interestIncome": 0,
    "interestExpense": 166000,
    "depreciationAndAmortization": 0,
    "ebitda": 73120000,
    "ebitdaratio": 0.1802365852,
    "operatingIncome": -45770000,
    "operatingIncomeRatio": -0.1128204117,
    "totalOtherIncomeExpensesNet": 118724000,
    "incomeBeforeTax": 72954000,
    "incomeBeforeTaxRatio": 0.1798274047,
    "incomeTaxExpense": 25078000,
    "netIncome": 47876000,
    "netIncomeRatio": 0.1180115803,
    "eps": 1.03,
    "epsdiluted": 0.91,
    "weightedAverageShsOut": 52289322,
    "weightedAverageShsOutDil": 52289322,
    "link": "https://www.sec.gov/Archives/edgar/data/922621/000092262117000020/0000922621-17-000020-index.htm",
    "finalLink": "https://www.sec.gov/Archives/edgar/data/922621/000092262117000020/erie10-q03312017.htm"
  },
  {
    "date": "2016-12-31",
    "symbol": "ERIE",
    "reportedCurrency": "USD",
    "cik": "0000922621",
    "fillingDate": "2017-02-23",
    "acceptedDate": "2017-02-23 16:49:55",
    "calendarYear": "2016",
    "period": "Q4",
    "revenue": 385848000,
    "costOfRevenue": 268614000,
    "grossProfit": 117234000,
    "grossProfitRatio": 0.3038346706,
    "researchAndDevelopmentExpenses": 0,
    "generalAndAdministrativeExpenses": 51777000,
    "sellingAndMarketingExpenses": 0,
    "sellingGeneralAndAdministrativeExpenses": 51777000,
    "otherExpenses": 0,
    "operatingExpenses": 161579000,
    "costAndExpenses": 315725000,
    "interestIncome": 0,
    "interestExpense": 0,
    "depreciationAndAmortization": 0,
    "ebitda": 57328000,
    "ebitdaratio": 0.1485766416,
    "operatingIncome": 70123000,
    "operatingIncomeRatio": 0.1817373681,
    "totalOtherIncomeExpensesNet": 0,
    "incomeBeforeTax": 70123000,
    "incomeBeforeTaxRatio": 0.1817373681,
    "incomeTaxExpense": 24337000,
    "netIncome": 45786000,
    "netIncomeRatio": 0.1186633078,
    "eps": 0.88,
    "epsdiluted": 0.88,
    "weightedAverageShsOut": 46570195,
    "weightedAverageShsOutDil": 52794419,
    "link": "https://www.sec.gov/Archives/edgar/data/922621/000092262117000008/0000922621-17-000008-index.htm",
    "finalLink": "https://www.sec.gov/Archives/edgar/data/922621/000092262117000008/erie10-k12312016.htm"
  },
  {
    "date": "2016-09-30",
    "symbol": "ERIE",
    "reportedCurrency": "USD",
    "cik": "0000922621",
    "fillingDate": "2016-10-27",
    "acceptedDate": "2016-10-27 16:26:11",
    "calendarYear": "2016",
    "period": "Q3",
    "revenue": 424455000,
    "costOfRevenue": 103696000,
    "grossProfit": 320759000,
    "grossProfitRatio": 0.755696128,
    "researchAndDevelopmentExpenses": 0,
    "generalAndAdministrativeExpenses": 53265000,
    "sellingAndMarketingExpenses": 0,
    "sellingGeneralAndAdministrativeExpenses": 53265000,
    "otherExpenses": 336151000,
    "operatingExpenses": 336151000,
    "costAndExpenses": 439847000,
    "interestIncome": 0,
    "interestExpense": 0,
    "depreciationAndAmortization": 0,
    "ebitda": 86581000,
    "ebitdaratio": 0.2039815764,
    "operatingIncome": -21441000,
    "operatingIncomeRatio": -0.0505141888,
    "totalOtherIncomeExpensesNet": 108022000,
    "incomeBeforeTax": 86581000,
    "incomeBeforeTaxRatio": 0.2039815764,
    "incomeTaxExpense": 29205000,
    "netIncome": 57376000,
    "netIncomeRatio": 0.1351756959,
    "eps": 1.23,
    "epsdiluted": 1.09,
    "weightedAverageShsOut": 52638580,
    "weightedAverageShsOutDil": 58512103,
    "link": "https://www.sec.gov/Archives/edgar/data/922621/000092262116000113/0000922621-16-000113-index.htm",
    "finalLink": "https://www.sec.gov/Archives/edgar/data/922621/000092262116000113/erie10-q09302016.htm"
  },
  {
    "date": "2016-06-30",
    "symbol": "ERIE",
    "reportedCurrency": "USD",
    "cik": "0000922621",
    "fillingDate": "2016-07-28",
    "acceptedDate": "2016-07-28 16:50:05",
    "calendarYear": "2016",
    "period": "Q2",
    "revenue": 429174000,
    "costOfRevenue": 102331000,
    "grossProfit": 326843000,
    "grossProfitRatio": 0.7615629092,
    "researchAndDevelopmentExpenses": 0,
    "generalAndAdministrativeExpenses": 55025000,
    "sellingAndMarketingExpenses": 0,
    "sellingGeneralAndAdministrativeExpenses": 55025000,
    "otherExpenses": 338125000,
    "operatingExpenses": 338125000,
    "costAndExpenses": 440456000,
    "interestIncome": 0,
    "interestExpense": 0,
    "depreciationAndAmortization": 0,
    "ebitda": 93163000,
    "ebitdaratio": 0.2170751257,
    "operatingIncome": -16572000,
    "operatingIncomeRatio": -0.0386137091,
    "totalOtherIncomeExpensesNet": 109735000,
    "incomeBeforeTax": 93163000,
    "incomeBeforeTaxRatio": 0.2170751257,
    "incomeTaxExpense": 31854000,
    "netIncome": 61309000,
    "netIncomeRatio": 0.1428534813,
    "eps": 1.32,
    "epsdiluted": 1.17,
    "weightedAverageShsOut": 52400854,
    "weightedAverageShsOutDil": 58493662,
    "link": "https://www.sec.gov/Archives/edgar/data/922621/000092262116000102/0000922621-16-000102-index.htm",
    "finalLink": "https://www.sec.gov/Archives/edgar/data/922621/000092262116000102/erie10-q06302016.htm"
  },
  {
    "date": "2016-03-31",
    "symbol": "ERIE",
    "reportedCurrency": "USD",
    "cik": "0000922621",
    "fillingDate": "2016-04-28",
    "acceptedDate": "2016-04-28 16:47:54",
    "calendarYear": "2016",
    "period": "Q1",
    "revenue": 377957000,
    "costOfRevenue": 98349000,
    "grossProfit": 279608000,
    "grossProfitRatio": 0.7397878595,
    "researchAndDevelopmentExpenses": 0,
    "generalAndAdministrativeExpenses": 53289000,
    "sellingAndMarketingExpenses": 0,
    "sellingGeneralAndAdministrativeExpenses": 53289000,
    "otherExpenses": 307063000,
    "operatingExpenses": 307063000,
    "costAndExpenses": 405412000,
    "interestIncome": 0,
    "interestExpense": 0,
    "depreciationAndAmortization": 0,
    "ebitda": 70224000,
    "ebitdaratio": 0.1857989136,
    "operatingIncome": -30684000,
    "operatingIncomeRatio": -0.0811838384,
    "totalOtherIncomeExpensesNet": 100908000,
    "incomeBeforeTax": 70224000,
    "incomeBeforeTaxRatio": 0.1857989136,
    "incomeTaxExpense": 24329000,
    "netIncome": 45895000,
    "netIncomeRatio": 0.1214291573,
    "eps": 0.99,
    "epsdiluted": 0.87,
    "weightedAverageShsOut": 52752934,
    "weightedAverageShsOutDil": 58624727,
    "link": "https://www.sec.gov/Archives/edgar/data/922621/000092262116000077/0000922621-16-000077-index.htm",
    "finalLink": "https://www.sec.gov/Archives/edgar/data/922621/000092262116000077/erie10-q03312016.htm"
  },
  {
    "date": "2015-12-31",
    "symbol": "ERIE",
    "reportedCurrency": "USD",
    "cik": "0000922621",
    "fillingDate": "2016-02-25",
    "acceptedDate": "2016-02-25 16:56:40",
    "calendarYear": "2015",
    "period": "Q4",
    "revenue": 360543000,
    "costOfRevenue": 2976407000,
    "grossProfit": -2615864000,
    "grossProfitRatio": -7.2553454096,
    "researchAndDevelopmentExpenses": 0,
    "generalAndAdministrativeExpenses": 55998000,
    "sellingAndMarketingExpenses": 114717000,
    "sellingGeneralAndAdministrativeExpenses": 170715000,
    "otherExpenses": -2917767000,
    "operatingExpenses": -2917767000,
    "costAndExpenses": 314460000,
    "interestIncome": 0,
    "interestExpense": 0,
    "depreciationAndAmortization": 1865250,
    "ebitda": 0,
    "ebitdaratio": 0,
    "operatingIncome": -44751000,
    "operatingIncomeRatio": -0.1241211173,
    "totalOtherIncomeExpensesNet": -221000000,
    "incomeBeforeTax": -265751000,
    "incomeBeforeTaxRatio": -0.7370854517,
    "incomeTaxExpense": -74429000,
    "netIncome": 29678000,
    "netIncomeRatio": 0.0823147308,
    "eps": 0.65,
    "epsdiluted": 0.57,
    "weightedAverageShsOut": 52280374,
    "weightedAverageShsOutDil": 58607400,
    "link": "https://www.sec.gov/Archives/edgar/data/922621/000092262116000067/0000922621-16-000067-index.htm",
    "finalLink": "https://www.sec.gov/Archives/edgar/data/922621/000092262116000067/erie10-k12312015.htm"
  },
  {
    "date": "2015-09-30",
    "symbol": "ERIE",
    "reportedCurrency": "USD",
    "cik": "0000922621",
    "fillingDate": "2015-10-29",
    "acceptedDate": "2015-10-29 16:25:39",
    "calendarYear": "2015",
    "period": "Q3",
    "revenue": 1303000000,
    "costOfRevenue": 1306000000,
    "grossProfit": -3000000,
    "grossProfitRatio": -0.0023023791,
    "researchAndDevelopmentExpenses": 0,
    "generalAndAdministrativeExpenses": 58342000,
    "sellingAndMarketingExpenses": 0,
    "sellingGeneralAndAdministrativeExpenses": 58342000,
    "otherExpenses": 341678000,
    "operatingExpenses": 400020000,
    "costAndExpenses": 1263000000,
    "interestIncome": 0,
    "interestExpense": 0,
    "depreciationAndAmortization": 4000000,
    "ebitda": 44000000,
    "ebitdaratio": 0.0337682272,
    "operatingIncome": 57000000,
    "operatingIncomeRatio": 0.0437452034,
    "totalOtherIncomeExpensesNet": 0,
    "incomeBeforeTax": 57000000,
    "incomeBeforeTaxRatio": 0.0437452034,
    "incomeTaxExpense": 7000000,
    "netIncome": 49562000,
    "netIncomeRatio": 0.0380368381,
    "eps": 1.06,
    "epsdiluted": 0.94,
    "weightedAverageShsOut": 53191545,
    "weightedAverageShsOutDil": 58702883,
    "link": "https://www.sec.gov/Archives/edgar/data/922621/000092262115000048/0000922621-15-000048-index.htm",
    "finalLink": "https://www.sec.gov/Archives/edgar/data/922621/000092262115000048/erie10-q09302015.htm"
  },
  {
    "date": "2015-06-30",
    "symbol": "ERIE",
    "reportedCurrency": "USD",
    "cik": "0000922621",
    "fillingDate": "2015-07-30",
    "acceptedDate": "2015-07-30 16:34:27",
    "calendarYear": "2015",
    "period": "Q2",
    "revenue": 1560000000,
    "costOfRevenue": 1337000000,
    "grossProfit": 223000000,
    "grossProfitRatio": 0.1429487179,
    "researchAndDevelopmentExpenses": 0,
    "generalAndAdministrativeExpenses": 57354000,
    "sellingAndMarketingExpenses": 0,
    "sellingGeneralAndAdministrativeExpenses": 57354000,
    "otherExpenses": 349304000,
    "operatingExpenses": 406658000,
    "costAndExpenses": 406658000,
    "interestIncome": 0,
    "interestExpense": 0,
    "depreciationAndAmortization": 4000000,
    "ebitda": 299000000,
    "ebitdaratio": 0.1916666667,
    "operatingIncome": 295000000,
    "operatingIncomeRatio": 0.1891025641,
    "totalOtherIncomeExpensesNet": -141000000,
    "incomeBeforeTax": 154000000,
    "incomeBeforeTaxRatio": 0.0987179487,
    "incomeTaxExpense": 98000000,
    "netIncome": 56150000,
    "netIncomeRatio": 0.0359935897,
    "eps": 1.21,
    "epsdiluted": 1.07,
    "weightedAverageShsOut": 52336448,
    "weightedAverageShsOutDil": 58663314,
    "link": "https://www.sec.gov/Archives/edgar/data/922621/000092262115000032/0000922621-15-000032-index.htm",
    "finalLink": "https://www.sec.gov/Archives/edgar/data/922621/000092262115000032/erie10-q06302015.htm"
  },
  {
    "date": "2015-03-31",
    "symbol": "ERIE",
    "reportedCurrency": "USD",
    "cik": "0000922621",
    "fillingDate": "2015-04-30",
    "acceptedDate": "2015-04-30 16:41:42",
    "calendarYear": "2015",
    "period": "Q1",
    "revenue": 1577000000,
    "costOfRevenue": 1408000000,
    "grossProfit": 169000000,
    "grossProfitRatio": 0.1071655041,
    "researchAndDevelopmentExpenses": 0,
    "generalAndAdministrativeExpenses": 55019000,
    "sellingAndMarketingExpenses": 0,
    "sellingGeneralAndAdministrativeExpenses": 55019000,
    "otherExpenses": 0,
    "operatingExpenses": 355012000,
    "costAndExpenses": 355012000,
    "interestIncome": 0,
    "interestExpense": 0,
    "depreciationAndAmortization": 4000000,
    "ebitda": 201000000,
    "ebitdaratio": 0.1274571972,
    "operatingIncome": 197000000,
    "operatingIncomeRatio": 0.1249207356,
    "totalOtherIncomeExpensesNet": -97000000,
    "incomeBeforeTax": 100000000,
    "incomeBeforeTaxRatio": 0.0634115409,
    "incomeTaxExpense": 61000000,
    "netIncome": 38833000,
    "netIncomeRatio": 0.0246246037,
    "eps": 0.83,
    "epsdiluted": 0.74,
    "weightedAverageShsOut": 52702773,
    "weightedAverageShsOutDil": 58735552,
    "link": "https://www.sec.gov/Archives/edgar/data/922621/000092262115000019/0000922621-15-000019-index.htm",
    "finalLink": "https://www.sec.gov/Archives/edgar/data/922621/000092262115000019/erie10-q03312015.htm"
  },
  {
    "date": "2014-12-31",
    "symbol": "ERIE",
    "reportedCurrency": "USD",
    "cik": "0000922621",
    "fillingDate": "2015-02-26",
    "acceptedDate": "2015-02-26 16:28:32",
    "calendarYear": "2014",
    "period": "Q4",
    "revenue": 1587000000,
    "costOfRevenue": 1212000000,
    "grossProfit": 375000000,
    "grossProfitRatio": 0.236294896,
    "researchAndDevelopmentExpenses": 0,
    "generalAndAdministrativeExpenses": 0,
    "sellingAndMarketingExpenses": 0,
    "sellingGeneralAndAdministrativeExpenses": 0,
    "otherExpenses": 1587000000,
    "operatingExpenses": 1587000000,
    "costAndExpenses": 1219000000,
    "interestIncome": 0,
    "interestExpense": 0,
    "depreciationAndAmortization": 4000000,
    "ebitda": 0,
    "ebitdaratio": 0,
    "operatingIncome": 370000000,
    "operatingIncomeRatio": 0.2331442974,
    "totalOtherIncomeExpensesNet": 7000000,
    "incomeBeforeTax": 377000000,
    "incomeBeforeTaxRatio": 0.2375551355,
    "incomeTaxExpense": 124000000,
    "netIncome": 26000000,
    "netIncomeRatio": 0.0163831128,
    "eps": 0.54,
    "epsdiluted": 0.48,
    "weightedAverageShsOut": 54406280,
    "weightedAverageShsOutDil": 58701810,
    "link": "https://www.sec.gov/Archives/edgar/data/922621/000092262115000008/0000922621-15-000008-index.htm",
    "finalLink": "https://www.sec.gov/Archives/edgar/data/922621/000092262115000008/erie10-k12312014.htm"
  },
  {
    "date": "2014-09-30",
    "symbol": "ERIE",
    "reportedCurrency": "USD",
    "cik": "0000922621",
    "fillingDate": "2014-10-30",
    "acceptedDate": "2014-10-30 16:28:00",
    "calendarYear": "2014",
    "period": "Q3",
    "revenue": 1392000000,
    "costOfRevenue": 1276000000,
    "grossProfit": 116000000,
    "grossProfitRatio": 0.0833333333,
    "researchAndDevelopmentExpenses": 0,
    "generalAndAdministrativeExpenses": 0,
    "sellingAndMarketingExpenses": 0,
    "sellingGeneralAndAdministrativeExpenses": -34000000,
    "otherExpenses": 0,
    "operatingExpenses": -34000000,
    "costAndExpenses": 1276000000,
    "interestIncome": 0,
    "interestExpense": 0,
    "depreciationAndAmortization": 3500000,
    "ebitda": 153500000,
    "ebitdaratio": 0.1102729885,
    "operatingIncome": 150000000,
    "operatingIncomeRatio": 0.1077586207,
    "totalOtherIncomeExpensesNet": 0,
    "incomeBeforeTax": 150000000,
    "incomeBeforeTaxRatio": 0.1077586207,
    "incomeTaxExpense": 42000000,
    "netIncome": 47000000,
    "netIncomeRatio": 0.0337643678,
    "eps": 1.01,
    "epsdiluted": 0.9,
    "weightedAverageShsOut": 52289908,
    "weightedAverageShsOutDil": 58487964,
    "link": "https://www.sec.gov/Archives/edgar/data/922621/000092262114000037/0000922621-14-000037-index.htm",
    "finalLink": "https://www.sec.gov/Archives/edgar/data/922621/000092262114000037/erie10-q09302014.htm"
  },
  {
    "date": "2014-06-30",
    "symbol": "ERIE",
    "reportedCurrency": "USD",
    "cik": "0000922621",
    "fillingDate": "2014-07-31",
    "acceptedDate": "2014-07-31 16:41:44",
    "calendarYear": "2014",
    "period": "Q2",
    "revenue": 1571000000,
    "costOfRevenue": 1451000000,
    "grossProfit": 120000000,
    "grossProfitRatio": 0.0763844685,
    "researchAndDevelopmentExpenses": 0,
    "generalAndAdministrativeExpenses": 0,
    "sellingAndMarketingExpenses": 0,
    "sellingGeneralAndAdministrativeExpenses": -27000000,
    "otherExpenses": 0,
    "operatingExpenses": -27000000,
    "costAndExpenses": 1451000000,
    "interestIncome": 0,
    "interestExpense": 0,
    "depreciationAndAmortization": 3500000,
    "ebitda": 150500000,
    "ebitdaratio": 0.0957988542,
    "operatingIncome": 147000000,
    "operatingIncomeRatio": 0.0935709739,
    "totalOtherIncomeExpensesNet": 0,
    "incomeBeforeTax": 147000000,
    "incomeBeforeTaxRatio": 0.0935709739,
    "incomeTaxExpense": 44000000,
    "netIncome": 49000000,
    "netIncomeRatio": 0.0311903246,
    "eps": 1.05,
    "epsdiluted": 0.94,
    "weightedAverageShsOut": 52314991,
    "weightedAverageShsOutDil": 58512214,
    "link": "https://www.sec.gov/Archives/edgar/data/922621/000092262114000029/0000922621-14-000029-index.htm",
    "finalLink": "https://www.sec.gov/Archives/edgar/data/922621/000092262114000029/erie10-q06302014.htm"
  },
  {
    "date": "2014-03-31",
    "symbol": "ERIE",
    "reportedCurrency": "USD",
    "cik": "0000922621",
    "fillingDate": "2014-05-01",
    "acceptedDate": "2014-05-01 16:33:03",
    "calendarYear": "2014",
    "period": "Q1",
    "revenue": 1461000000,
    "costOfRevenue": 1355000000,
    "grossProfit": 106000000,
    "grossProfitRatio": 0.0725530459,
    "researchAndDevelopmentExpenses": 0,
    "generalAndAdministrativeExpenses": 0,
    "sellingAndMarketingExpenses": 0,
    "sellingGeneralAndAdministrativeExpenses": -50000000,
    "otherExpenses": 0,
    "operatingExpenses": -50000000,
    "costAndExpenses": 1355000000,
    "interestIncome": 0,
    "interestExpense": 0,
    "depreciationAndAmortization": 3500000,
    "ebitda": 159500000,
    "ebitdaratio": 0.1091718001,
    "operatingIncome": 156000000,
    "operatingIncomeRatio": 0.1067761807,
    "totalOtherIncomeExpensesNet": 0,
    "incomeBeforeTax": 156000000,
    "incomeBeforeTaxRatio": 0.1067761807,
    "incomeTaxExpense": 47000000,
    "netIncome": 46000000,
    "netIncomeRatio": 0.0314852841,
    "eps": 0.99,
    "epsdiluted": 0.88,
    "weightedAverageShsOut": 52503084,
    "weightedAverageShsOutDil": 58699011,
    "link": "https://www.sec.gov/Archives/edgar/data/922621/000092262114000019/0000922621-14-000019-index.htm",
    "finalLink": "https://www.sec.gov/Archives/edgar/data/922621/000092262114000019/erie10-q03312014.htm"
  },
  {
    "date": "2013-12-31",
    "symbol": "ERIE",
    "reportedCurrency": "USD",
    "cik": "0000922621",
    "fillingDate": "2014-02-27",
    "acceptedDate": "2014-02-27 16:36:36",
    "calendarYear": "2013",
    "period": "Q4",
    "revenue": 1648000000,
    "costOfRevenue": 1227000000,
    "grossProfit": 421000000,
    "grossProfitRatio": 0.255461165,
    "researchAndDevelopmentExpenses": 0,
    "generalAndAdministrativeExpenses": 0,
    "sellingAndMarketingExpenses": 0,
    "sellingGeneralAndAdministrativeExpenses": 1648000000,
    "otherExpenses": 0,
    "operatingExpenses": 1648000000,
    "costAndExpenses": 1234000000,
    "interestIncome": 0,
    "interestExpense": 0,
    "depreciationAndAmortization": -278000000,
    "ebitda": 473500000,
    "ebitdaratio": 0.2873179612,
    "operatingIncome": 470000000,
    "operatingIncomeRatio": 0.2851941748,
    "totalOtherIncomeExpensesNet": 0,
    "incomeBeforeTax": 470000000,
    "incomeBeforeTaxRatio": 0.2851941748,
    "incomeTaxExpense": 156000000,
    "netIncome": 36000000,
    "netIncomeRatio": 0.0218446602,
    "eps": 0.68,
    "epsdiluted": 0.68,
    "weightedAverageShsOut": 52715338,
    "weightedAverageShsOutDil": 52715338,
    "link": "https://www.sec.gov/Archives/edgar/data/922621/000092262114000008/0000922621-14-000008-index.htm",
    "finalLink": "https://www.sec.gov/Archives/edgar/data/922621/000092262114000008/erie10-k12312013.htm"
  },
  {
    "date": "2013-09-30",
    "symbol": "ERIE",
    "reportedCurrency": "USD",
    "cik": "0000922621",
    "fillingDate": "2013-10-31",
    "acceptedDate": "2013-10-31 16:37:05",
    "calendarYear": "2013",
    "period": "Q3",
    "revenue": 1540000000,
    "costOfRevenue": 1179000000,
    "grossProfit": 361000000,
    "grossProfitRatio": 0.2344155844,
    "researchAndDevelopmentExpenses": 0,
    "generalAndAdministrativeExpenses": 0,
    "sellingAndMarketingExpenses": 0,
    "sellingGeneralAndAdministrativeExpenses": -1577000000,
    "otherExpenses": 1540000000,
    "operatingExpenses": -37000000,
    "costAndExpenses": 1179000000,
    "interestIncome": 0,
    "interestExpense": 0,
    "depreciationAndAmortization": 2750000,
    "ebitda": 400750000,
    "ebitdaratio": 0.2602272727,
    "operatingIncome": 398000000,
    "operatingIncomeRatio": 0.2584415584,
    "totalOtherIncomeExpensesNet": 0,
    "incomeBeforeTax": 398000000,
    "incomeBeforeTaxRatio": 0.2584415584,
    "incomeTaxExpense": 131000000,
    "netIncome": 46000000,
    "netIncomeRatio": 0.0298701299,
    "eps": 0.98,
    "epsdiluted": 0.87,
    "weightedAverageShsOut": 52873563,
    "weightedAverageShsOutDil": 58952050,
    "link": "https://www.sec.gov/Archives/edgar/data/922621/000092262113000028/0000922621-13-000028-index.htm",
    "finalLink": "https://www.sec.gov/Archives/edgar/data/922621/000092262113000028/erie10-q09302013.htm"
  },
  {
    "date": "2013-06-30",
    "symbol": "ERIE",
    "reportedCurrency": "USD",
    "cik": "0000922621",
    "fillingDate": "2013-08-01",
    "acceptedDate": "2013-08-01 16:27:24",
    "calendarYear": "2013",
    "period": "Q2",
    "revenue": 1387000000,
    "costOfRevenue": 1163000000,
    "grossProfit": 224000000,
    "grossProfitRatio": 0.1614996395,
    "researchAndDevelopmentExpenses": 0,
    "generalAndAdministrativeExpenses": 0,
    "sellingAndMarketingExpenses": 0,
    "sellingGeneralAndAdministrativeExpenses": -1426000000,
    "otherExpenses": 1387000000,
    "operatingExpenses": -39000000,
    "costAndExpenses": 1163000000,
    "interestIncome": 0,
    "interestExpense": 0,
    "depreciationAndAmortization": 2750000,
    "ebitda": 0,
    "ebitdaratio": 0,
    "operatingIncome": 263000000,
    "operatingIncomeRatio": 0.1896178803,
    "totalOtherIncomeExpensesNet": 0,
    "incomeBeforeTax": 263000000,
    "incomeBeforeTaxRatio": 0.1896178803,
    "incomeTaxExpense": 86000000,
    "netIncome": 44000000,
    "netIncomeRatio": 0.0317231435,
    "eps": 0.95,
    "epsdiluted": 0.84,
    "weightedAverageShsOut": 52794192,
    "weightedAverageShsOutDil": 58987059,
    "link": "https://www.sec.gov/Archives/edgar/data/922621/000092262113000018/0000922621-13-000018-index.htm",
    "finalLink": "https://www.sec.gov/Archives/edgar/data/922621/000092262113000018/erie10-q06302013.htm"
  },
  {
    "date": "2013-03-31",
    "symbol": "ERIE",
    "reportedCurrency": "USD",
    "cik": "0000922621",
    "fillingDate": "2013-04-29",
    "acceptedDate": "2013-04-29 16:24:18",
    "calendarYear": "2013",
    "period": "Q1",
    "revenue": 1535000000,
    "costOfRevenue": 1135000000,
    "grossProfit": 400000000,
    "grossProfitRatio": 0.2605863192,
    "researchAndDevelopmentExpenses": 0,
    "generalAndAdministrativeExpenses": 0,
    "sellingAndMarketingExpenses": 0,
    "sellingGeneralAndAdministrativeExpenses": -1571000000,
    "otherExpenses": 1535000000,
    "operatingExpenses": -36000000,
    "costAndExpenses": 1135000000,
    "interestIncome": 0,
    "interestExpense": 0,
    "depreciationAndAmortization": 2750000,
    "ebitda": 0,
    "ebitdaratio": 0,
    "operatingIncome": 436000000,
    "operatingIncomeRatio": 0.2840390879,
    "totalOtherIncomeExpensesNet": 0,
    "incomeBeforeTax": 436000000,
    "incomeBeforeTaxRatio": 0.2840390879,
    "incomeTaxExpense": 146000000,
    "netIncome": 37000000,
    "netIncomeRatio": 0.0241042345,
    "eps": 0.78,
    "epsdiluted": 0.69,
    "weightedAverageShsOut": 53623188,
    "weightedAverageShsOutDil": 59060965,
    "link": "https://www.sec.gov/Archives/edgar/data/922621/000092262113000009/0000922621-13-000009-index.htm",
    "finalLink": "https://www.sec.gov/Archives/edgar/data/922621/000092262113000009/erie10-q03312013.htm"
  },
  {
    "date": "2012-12-31",
    "symbol": "ERIE",
    "reportedCurrency": "USD",
    "cik": "0000922621",
    "fillingDate": "2013-02-26",
    "acceptedDate": "2013-02-26 16:33:58",
    "calendarYear": "2012",
    "period": "Q4",
    "revenue": 1340000000,
    "costOfRevenue": 1207000000,
    "grossProfit": 133000000,
    "grossProfitRatio": 0.0992537313,
    "researchAndDevelopmentExpenses": 0,
    "generalAndAdministrativeExpenses": 0,
    "sellingAndMarketingExpenses": 0,
    "sellingGeneralAndAdministrativeExpenses": 57000000,
    "otherExpenses": 0,
    "operatingExpenses": 57000000,
    "costAndExpenses": 1175000000,
    "interestIncome": 0,
    "interestExpense": 0,
    "depreciationAndAmortization": 2750000,
    "ebitda": 0,
    "ebitdaratio": 0,
    "operatingIncome": 76000000,
    "operatingIncomeRatio": 0.0567164179,
    "totalOtherIncomeExpensesNet": 89000000,
    "incomeBeforeTax": 165000000,
    "incomeBeforeTaxRatio": 0.1231343284,
    "incomeTaxExpense": 46000000,
    "netIncome": 30000000,
    "netIncomeRatio": 0.0223880597,
    "eps": 0.64,
    "epsdiluted": 0.64,
    "weightedAverageShsOut": 53193844,
    "weightedAverageShsOutDil": 53193844,
    "link": "https://www.sec.gov/Archives/edgar/data/922621/000144530513000346/0001445305-13-000346-index.htm",
    "finalLink": "https://www.sec.gov/Archives/edgar/data/922621/000144530513000346/erie10-k12312012.htm"
  },
  {
    "date": "2012-09-30",
    "symbol": "ERIE",
    "reportedCurrency": "USD",
    "cik": "0000922621",
    "fillingDate": "2012-11-01",
    "acceptedDate": "2012-11-01 16:55:39",
    "calendarYear": "2012",
    "period": "Q3",
    "revenue": 1419000000,
    "costOfRevenue": 1190000000,
    "grossProfit": 229000000,
    "grossProfitRatio": 0.1613812544,
    "researchAndDevelopmentExpenses": 0,
    "generalAndAdministrativeExpenses": 0,
    "sellingAndMarketingExpenses": 0,
    "sellingGeneralAndAdministrativeExpenses": -1327000000,
    "otherExpenses": 1419000000,
    "operatingExpenses": 92000000,
    "costAndExpenses": 1190000000,
    "interestIncome": 0,
    "interestExpense": 0,
    "depreciationAndAmortization": -270000000,
    "ebitda": -133000000,
    "ebitdaratio": -0.0937279774,
    "operatingIncome": 137000000,
    "operatingIncomeRatio": 0.096546864,
    "totalOtherIncomeExpensesNet": 133000000,
    "incomeBeforeTax": 270000000,
    "incomeBeforeTaxRatio": 0.1902748414,
    "incomeTaxExpense": 86000000,
    "netIncome": 51000000,
    "netIncomeRatio": 0.0359408034,
    "eps": 1.08,
    "epsdiluted": 0.96,
    "weightedAverageShsOut": 53294376,
    "weightedAverageShsOutDil": 59480446,
    "link": "https://www.sec.gov/Archives/edgar/data/922621/000110465912073242/0001104659-12-073242-index.htm",
    "finalLink": "https://www.sec.gov/Archives/edgar/data/922621/000110465912073242/a12-18467_110q.htm"
  },
  {
    "date": "2012-06-30",
    "symbol": "ERIE",
    "reportedCurrency": "USD",
    "cik": "0000922621",
    "fillingDate": "2012-08-02",
    "acceptedDate": "2012-08-02 16:25:56",
    "calendarYear": "2012",
    "period": "Q2",
    "revenue": 1123000000,
    "costOfRevenue": 0,
    "grossProfit": 1123000000,
    "grossProfitRatio": 1,
    "researchAndDevelopmentExpenses": 0,
    "generalAndAdministrativeExpenses": 0,
    "sellingAndMarketingExpenses": 0,
    "sellingGeneralAndAdministrativeExpenses": 0,
    "otherExpenses": 1123000000,
    "operatingExpenses": 1123000000,
    "costAndExpenses": 1123000000,
    "interestIncome": 0,
    "interestExpense": 0,
    "depreciationAndAmortization": 0,
    "ebitda": 11000000,
    "ebitdaratio": 0.0097951915,
    "operatingIncome": 11000000,
    "operatingIncomeRatio": 0.0097951915,
    "totalOtherIncomeExpensesNet": -81000000,
    "incomeBeforeTax": -70000000,
    "incomeBeforeTaxRatio": -0.0623330365,
    "incomeTaxExpense": -32000000,
    "netIncome": 43000000,
    "netIncomeRatio": 0.0382902939,
    "eps": 0.9,
    "epsdiluted": 0.8,
    "weightedAverageShsOut": 53597905,
    "weightedAverageShsOutDil": 59783448,
    "link": "https://www.sec.gov/Archives/edgar/data/922621/000110465912053745/0001104659-12-053745-index.htm",
    "finalLink": "https://www.sec.gov/Archives/edgar/data/922621/000110465912053745/a12-12463_110q.htm"
  },
  {
    "date": "2012-03-31",
    "symbol": "ERIE",
    "reportedCurrency": "USD",
    "cik": "0000922621",
    "fillingDate": "2012-05-03",
    "acceptedDate": "2012-05-03 16:24:22",
    "calendarYear": "2012",
    "period": "Q1",
    "revenue": 1499000000,
    "costOfRevenue": 0,
    "grossProfit": 1499000000,
    "grossProfitRatio": 1,
    "researchAndDevelopmentExpenses": 0,
    "generalAndAdministrativeExpenses": 0,
    "sellingAndMarketingExpenses": 0,
    "sellingGeneralAndAdministrativeExpenses": 0,
    "otherExpenses": 1499000000,
    "operatingExpenses": 1499000000,
    "costAndExpenses": 1499000000,
    "interestIncome": 0,
    "interestExpense": 0,
    "depreciationAndAmortization": 0,
    "ebitda": 216000000,
    "ebitdaratio": 0.144096064,
    "operatingIncome": 0,
    "operatingIncomeRatio": 0,
    "totalOtherIncomeExpensesNet": 534000000,
    "incomeBeforeTax": 534000000,
    "incomeBeforeTaxRatio": 0.3562374917,
    "incomeTaxExpense": 180000000,
    "netIncome": 36000000,
    "netIncomeRatio": 0.0240160107,
    "eps": 0.76,
    "epsdiluted": 0.67,
    "weightedAverageShsOut": 53857799,
    "weightedAverageShsOutDil": 60038044,
    "link": "https://www.sec.gov/Archives/edgar/data/922621/000110465912032634/0001104659-12-032634-index.htm",
    "finalLink": "https://www.sec.gov/Archives/edgar/data/922621/000110465912032634/a12-6926_110q.htm"
  },
  {
    "date": "2011-12-31",
    "symbol": "ERIE",
    "reportedCurrency": "USD",
    "cik": "0000922621",
    "fillingDate": "2012-02-27",
    "acceptedDate": "2012-02-27 16:57:12",
    "calendarYear": "2011",
    "period": "Q4",
    "revenue": 1419000000,
    "costOfRevenue": 0,
    "grossProfit": 1419000000,
    "grossProfitRatio": 1,
    "researchAndDevelopmentExpenses": 0,
    "generalAndAdministrativeExpenses": 0,
    "sellingAndMarketingExpenses": 0,
    "sellingGeneralAndAdministrativeExpenses": 0,
    "otherExpenses": 1419000000,
    "operatingExpenses": 1419000000,
    "costAndExpenses": 1419000000,
    "interestIncome": 0,
    "interestExpense": 0,
    "depreciationAndAmortization": 0,
    "ebitda": 170000000,
    "ebitdaratio": 0.1198026779,
    "operatingIncome": 0,
    "operatingIncomeRatio": 0,
    "totalOtherIncomeExpensesNet": 425000000,
    "incomeBeforeTax": 425000000,
    "incomeBeforeTaxRatio": 0.2995066949,
    "incomeTaxExpense": 144000000,
    "netIncome": 26000000,
    "netIncomeRatio": 0.0183227625,
    "eps": 0.54,
    "epsdiluted": 0.54,
    "weightedAverageShsOut": 48503383,
    "weightedAverageShsOutDil": 48503383,
    "link": "https://www.sec.gov/Archives/edgar/data/922621/000110465912013263/0001104659-12-013263-index.htm",
    "finalLink": "https://www.sec.gov/Archives/edgar/data/922621/000110465912013263/a11-32394_110k.htm"
  },
  {
    "date": "2011-09-30",
    "symbol": "ERIE",
    "reportedCurrency": "USD",
    "cik": "0000922621",
    "fillingDate": "2011-11-03",
    "acceptedDate": "2011-11-03 16:22:44",
    "calendarYear": "2011",
    "period": "Q3",
    "revenue": 756000000,
    "costOfRevenue": 0,
    "grossProfit": 756000000,
    "grossProfitRatio": 1,
    "researchAndDevelopmentExpenses": 0,
    "generalAndAdministrativeExpenses": 0,
    "sellingAndMarketingExpenses": 0,
    "sellingGeneralAndAdministrativeExpenses": 0,
    "otherExpenses": 756000000,
    "operatingExpenses": 756000000,
    "costAndExpenses": 756000000,
    "interestIncome": 0,
    "interestExpense": 0,
    "depreciationAndAmortization": 0,
    "ebitda": -78000000,
    "ebitdaratio": -0.1031746032,
    "operatingIncome": 0,
    "operatingIncomeRatio": 0,
    "totalOtherIncomeExpensesNet": -305000000,
    "incomeBeforeTax": -305000000,
    "incomeBeforeTaxRatio": -0.4034391534,
    "incomeTaxExpense": -125000000,
    "netIncome": 47000000,
    "netIncomeRatio": 0.0621693122,
    "eps": 0.97,
    "epsdiluted": 0.87,
    "weightedAverageShsOut": 54613783,
    "weightedAverageShsOutDil": 60795421,
    "link": "https://www.sec.gov/Archives/edgar/data/922621/000110465911060593/0001104659-11-060593-index.htm",
    "finalLink": "https://www.sec.gov/Archives/edgar/data/922621/000110465911060593/a11-25646_110q.htm"
  },
  {
    "date": "2011-06-30",
    "symbol": "ERIE",
    "reportedCurrency": "USD",
    "cik": "0000922621",
    "fillingDate": "2011-08-30",
    "acceptedDate": "2011-08-30 16:16:23",
    "calendarYear": "2011",
    "period": "Q2",
    "revenue": 1207000000,
    "costOfRevenue": 0,
    "grossProfit": 1207000000,
    "grossProfitRatio": 1,
    "researchAndDevelopmentExpenses": 0,
    "generalAndAdministrativeExpenses": 0,
    "sellingAndMarketingExpenses": 0,
    "sellingGeneralAndAdministrativeExpenses": 0,
    "otherExpenses": 1207000000,
    "operatingExpenses": 1207000000,
    "costAndExpenses": 1207000000,
    "interestIncome": 0,
    "interestExpense": 0,
    "depreciationAndAmortization": 0,
    "ebitda": -15000000,
    "ebitdaratio": -0.0124275062,
    "operatingIncome": -15000000,
    "operatingIncomeRatio": -0.0124275062,
    "totalOtherIncomeExpensesNet": -159000000,
    "incomeBeforeTax": -174000000,
    "incomeBeforeTaxRatio": -0.1441590721,
    "incomeTaxExpense": -67000000,
    "netIncome": 52000000,
    "netIncomeRatio": 0.0430820215,
    "eps": 1.05,
    "epsdiluted": 0.94,
    "weightedAverageShsOut": 55360461,
    "weightedAverageShsOutDil": 61547376,
    "link": "https://www.sec.gov/Archives/edgar/data/922621/000110465911049441/0001104659-11-049441-index.htm",
    "finalLink": "https://www.sec.gov/Archives/edgar/data/922621/000110465911049441/a11-13827_310qa.htm"
  },
  {
    "date": "2011-03-31",
    "symbol": "ERIE",
    "reportedCurrency": "USD",
    "cik": "0000922621",
    "fillingDate": "2011-05-05",
    "acceptedDate": "2011-05-05 16:15:06",
    "calendarYear": "2011",
    "period": "Q1",
    "revenue": 1293000000,
    "costOfRevenue": 0,
    "grossProfit": 1293000000,
    "grossProfitRatio": 1,
    "researchAndDevelopmentExpenses": 0,
    "generalAndAdministrativeExpenses": 0,
    "sellingAndMarketingExpenses": 0,
    "sellingGeneralAndAdministrativeExpenses": 0,
    "otherExpenses": 1293000000,
    "operatingExpenses": 1293000000,
    "costAndExpenses": 1293000000,
    "interestIncome": 0,
    "interestExpense": 0,
    "depreciationAndAmortization": 0,
    "ebitda": 182000000,
    "ebitdaratio": 0.1407579273,
    "operatingIncome": 0,
    "operatingIncomeRatio": 0,
    "totalOtherIncomeExpensesNet": 412000000,
    "incomeBeforeTax": 412000000,
    "incomeBeforeTaxRatio": 0.3186388244,
    "incomeTaxExpense": 138000000,
    "netIncome": 44000000,
    "netIncomeRatio": 0.034029389,
    "eps": 0.88,
    "epsdiluted": 0.78,
    "weightedAverageShsOut": 55899456,
    "weightedAverageShsOutDil": 62079238,
    "link": "https://www.sec.gov/Archives/edgar/data/922621/000110465911026329/0001104659-11-026329-index.htm",
    "finalLink": "https://www.sec.gov/Archives/edgar/data/922621/000110465911026329/a11-8612_110q.htm"
  },
  {
    "date": "2010-12-31",
    "symbol": "ERIE",
    "reportedCurrency": "USD",
    "cik": "0000922621",
    "fillingDate": "2011-02-24",
    "acceptedDate": "2011-02-24 17:14:50",
    "calendarYear": "2010",
    "period": "Q4",
    "revenue": 1331000000,
    "costOfRevenue": 0,
    "grossProfit": 1331000000,
    "grossProfitRatio": 1,
    "researchAndDevelopmentExpenses": 0,
    "generalAndAdministrativeExpenses": 0,
    "sellingAndMarketingExpenses": 0,
    "sellingGeneralAndAdministrativeExpenses": 0,
    "otherExpenses": 1331000000,
    "operatingExpenses": 1331000000,
    "costAndExpenses": 1331000000,
    "interestIncome": 0,
    "interestExpense": 0,
    "depreciationAndAmortization": -3000000,
    "ebitda": 0,
    "ebitdaratio": 0,
    "operatingIncome": 0,
    "operatingIncomeRatio": 0,
    "totalOtherIncomeExpensesNet": 417000000,
    "incomeBeforeTax": 417000000,
    "incomeBeforeTaxRatio": 0.313298272,
    "incomeTaxExpense": 163000000,
    "netIncome": 12000000,
    "netIncomeRatio": 0.0090157776,
    "eps": 0.24,
    "epsdiluted": 0.24,
    "weightedAverageShsOut": 50499551,
    "weightedAverageShsOutDil": 50499551,
    "link": "https://www.sec.gov/Archives/edgar/data/922621/000095012311017950/0000950123-11-017950-index.htm",
    "finalLink": "https://www.sec.gov/Archives/edgar/data/922621/000095012311017950/l41756e10vk.htm"
  },
  {
    "date": "2010-09-30",
    "symbol": "ERIE",
    "reportedCurrency": "USD",
    "cik": "0000922621",
    "fillingDate": "2010-11-04",
    "acceptedDate": "2010-11-04 16:27:28",
    "calendarYear": "2010",
    "period": "Q3",
    "revenue": 1329000000,
    "costOfRevenue": 0,
    "grossProfit": 1329000000,
    "grossProfitRatio": 1,
    "researchAndDevelopmentExpenses": 0,
    "generalAndAdministrativeExpenses": 0,
    "sellingAndMarketingExpenses": 0,
    "sellingGeneralAndAdministrativeExpenses": 0,
    "otherExpenses": 1329000000,
    "operatingExpenses": 1329000000,
    "costAndExpenses": 1329000000,
    "interestIncome": 0,
    "interestExpense": 0,
    "depreciationAndAmortization": 0,
    "ebitda": 184000000,
    "ebitdaratio": 0.1384499624,
    "operatingIncome": 0,
    "operatingIncomeRatio": 0,
    "totalOtherIncomeExpensesNet": 405000000,
    "incomeBeforeTax": 405000000,
    "incomeBeforeTaxRatio": 0.3047404063,
    "incomeTaxExpense": 130000000,
    "netIncome": 54000000,
    "netIncomeRatio": 0.0406320542,
    "eps": 1.05,
    "epsdiluted": 0.94,
    "weightedAverageShsOut": 56609951,
    "weightedAverageShsOutDil": 62788721,
    "link": "https://www.sec.gov/Archives/edgar/data/922621/000095012310100942/0000950123-10-100942-index.htm",
    "finalLink": "https://www.sec.gov/Archives/edgar/data/922621/000095012310100942/l40831e10vq.htm"
  },
  {
    "date": "2010-06-30",
    "symbol": "ERIE",
    "reportedCurrency": "USD",
    "cik": "0000922621",
    "fillingDate": "2010-08-17",
    "acceptedDate": "2010-08-17 16:25:11",
    "calendarYear": "2010",
    "period": "Q2",
    "revenue": 889000000,
    "costOfRevenue": 0,
    "grossProfit": 889000000,
    "grossProfitRatio": 1,
    "researchAndDevelopmentExpenses": 0,
    "generalAndAdministrativeExpenses": 0,
    "sellingAndMarketingExpenses": 0,
    "sellingGeneralAndAdministrativeExpenses": 0,
    "otherExpenses": 889000000,
    "operatingExpenses": 889000000,
    "costAndExpenses": 889000000,
    "interestIncome": 0,
    "interestExpense": 0,
    "depreciationAndAmortization": 0,
    "ebitda": 29000000,
    "ebitdaratio": 0.0326209224,
    "operatingIncome": 0,
    "operatingIncomeRatio": 0,
    "totalOtherIncomeExpensesNet": -51000000,
    "incomeBeforeTax": -51000000,
    "incomeBeforeTaxRatio": -0.057367829,
    "incomeTaxExpense": -20000000,
    "netIncome": 49000000,
    "netIncomeRatio": 0.0551181102,
    "eps": 0.96,
    "epsdiluted": 0.86,
    "weightedAverageShsOut": 57123758,
    "weightedAverageShsOutDil": 63308003,
    "link": "https://www.sec.gov/Archives/edgar/data/922621/000095012310078550/0000950123-10-078550-index.htm",
    "finalLink": "https://www.sec.gov/Archives/edgar/data/922621/000095012310078550/l40164be10vqza.htm"
  },
  {
    "date": "2010-03-31",
    "symbol": "ERIE",
    "reportedCurrency": "USD",
    "cik": "0000922621",
    "fillingDate": "2010-05-06",
    "acceptedDate": "2010-05-06 16:24:14",
    "calendarYear": "2010",
    "period": "Q1",
    "revenue": 1213000000,
    "costOfRevenue": 0,
    "grossProfit": 1213000000,
    "grossProfitRatio": 1,
    "researchAndDevelopmentExpenses": 0,
    "generalAndAdministrativeExpenses": 0,
    "sellingAndMarketingExpenses": 0,
    "sellingGeneralAndAdministrativeExpenses": 0,
    "otherExpenses": 1213000000,
    "operatingExpenses": 1213000000,
    "costAndExpenses": 1213000000,
    "interestIncome": 0,
    "interestExpense": 0,
    "depreciationAndAmortization": 3000000,
    "ebitda": 0,
    "ebitdaratio": 0,
    "operatingIncome": 0,
    "operatingIncomeRatio": 0,
    "totalOtherIncomeExpensesNet": 228000000,
    "incomeBeforeTax": 228000000,
    "incomeBeforeTaxRatio": 0.1879637263,
    "incomeTaxExpense": 66000000,
    "netIncome": 47000000,
    "netIncomeRatio": 0.0387469085,
    "eps": 0.92,
    "epsdiluted": 0.82,
    "weightedAverageShsOut": 57296136,
    "weightedAverageShsOutDil": 63467943,
    "link": "https://www.sec.gov/Archives/edgar/data/922621/000095012310045541/0000950123-10-045541-index.htm",
    "finalLink": "https://www.sec.gov/Archives/edgar/data/922621/000095012310045541/l39492e10vq.htm"
  },
  {
    "date": "2009-12-31",
    "symbol": "ERIE",
    "reportedCurrency": "USD",
    "cik": "0000922621",
    "fillingDate": "2010-02-25",
    "acceptedDate": "2010-02-25 16:39:46",
    "calendarYear": "2009",
    "period": "Q4",
    "revenue": 286070000,
    "costOfRevenue": 0,
    "grossProfit": 286070000,
    "grossProfitRatio": 1,
    "researchAndDevelopmentExpenses": 0,
    "generalAndAdministrativeExpenses": 202412000,
    "sellingAndMarketingExpenses": -15392000,
    "sellingGeneralAndAdministrativeExpenses": 187020000,
    "otherExpenses": 99050000,
    "operatingExpenses": 286070000,
    "costAndExpenses": 286070000,
    "interestIncome": 0,
    "interestExpense": 0,
    "depreciationAndAmortization": 87977000,
    "ebitda": 0,
    "ebitdaratio": 0,
    "operatingIncome": -48167000,
    "operatingIncomeRatio": -0.1683748733,
    "totalOtherIncomeExpensesNet": 88103000,
    "incomeBeforeTax": 39936000,
    "incomeBeforeTaxRatio": 0.1396021953,
    "incomeTaxExpense": 14869000,
    "netIncome": 24941000,
    "netIncomeRatio": 0.0871849547,
    "eps": 0.49,
    "epsdiluted": 0.49,
    "weightedAverageShsOut": 51252693,
    "weightedAverageShsOutDil": 51252693,
    "link": "https://www.sec.gov/Archives/edgar/data/922621/000095012310017102/0000950123-10-017102-index.htm",
    "finalLink": "https://www.sec.gov/Archives/edgar/data/922621/000095012310017102/l38824e10vk.htm"
  },
  {
    "date": "2009-09-30",
    "symbol": "ERIE",
    "reportedCurrency": "USD",
    "cik": "0000922621",
    "fillingDate": "2009-10-29",
    "acceptedDate": "2009-10-29 16:46:49",
    "calendarYear": "2009",
    "period": "Q3",
    "revenue": 312158000,
    "costOfRevenue": 0,
    "grossProfit": 312158000,
    "grossProfitRatio": 1,
    "researchAndDevelopmentExpenses": 0,
    "generalAndAdministrativeExpenses": 202412000,
    "sellingAndMarketingExpenses": 0,
    "sellingGeneralAndAdministrativeExpenses": 202412000,
    "otherExpenses": 252304000,
    "operatingExpenses": 252304000,
    "costAndExpenses": 261056000,
    "interestIncome": 0,
    "interestExpense": 0,
    "depreciationAndAmortization": 7959000,
    "ebitda": 56126000,
    "ebitdaratio": 0.1797999731,
    "operatingIncome": 48167000,
    "operatingIncomeRatio": 0.1543032695,
    "totalOtherIncomeExpensesNet": 307833000,
    "incomeBeforeTax": 356000000,
    "incomeBeforeTaxRatio": 1.1404481064,
    "incomeTaxExpense": 104000000,
    "netIncome": 40000000,
    "netIncomeRatio": 0.1281402367,
    "eps": 0.77,
    "epsdiluted": 0.69,
    "weightedAverageShsOut": 57363093,
    "weightedAverageShsOutDil": 63494300,
    "link": "https://www.sec.gov/Archives/edgar/data/922621/000095012309054889/0000950123-09-054889-index.htm",
    "finalLink": "https://www.sec.gov/Archives/edgar/data/922621/000095012309054889/l37841e10vq.htm"
  },
  {
    "date": "2009-06-30",
    "symbol": "ERIE",
    "reportedCurrency": "USD",
    "cik": "0000922621",
    "fillingDate": "2009-08-05",
    "acceptedDate": "2009-08-05 16:40:25",
    "calendarYear": "2009",
    "period": "Q2",
    "revenue": 316597000,
    "costOfRevenue": 0,
    "grossProfit": 316597000,
    "grossProfitRatio": 1,
    "researchAndDevelopmentExpenses": 0,
    "generalAndAdministrativeExpenses": 0,
    "sellingAndMarketingExpenses": 0,
    "sellingGeneralAndAdministrativeExpenses": 0,
    "otherExpenses": 244074000,
    "operatingExpenses": 244074000,
    "costAndExpenses": 270872000,
    "interestIncome": 0,
    "interestExpense": 0,
    "depreciationAndAmortization": 0,
    "ebitda": 47589000,
    "ebitdaratio": 0.1503141217,
    "operatingIncome": 47589000,
    "operatingIncomeRatio": 0.1503141217,
    "totalOtherIncomeExpensesNet": 210411000,
    "incomeBeforeTax": 258000000,
    "incomeBeforeTaxRatio": 0.8149161237,
    "incomeTaxExpense": -13000000,
    "netIncome": 33000000,
    "netIncomeRatio": 0.1042334577,
    "eps": 0.63,
    "epsdiluted": 0.57,
    "weightedAverageShsOut": 57351093,
    "weightedAverageShsOutDil": 63500702,
    "link": "https://www.sec.gov/Archives/edgar/data/922621/000095012309030340/0000950123-09-030340-index.htm",
    "finalLink": "https://www.sec.gov/Archives/edgar/data/922621/000095012309030340/l37028e10vq.htm"
  },
  {
    "date": "2009-03-31",
    "symbol": "ERIE",
    "reportedCurrency": "USD",
    "cik": "0000922621",
    "fillingDate": "2009-04-30",
    "acceptedDate": "2009-04-30 16:21:52",
    "calendarYear": "2009",
    "period": "Q1",
    "revenue": 281502000,
    "costOfRevenue": 0,
    "grossProfit": 281502000,
    "grossProfitRatio": 1,
    "researchAndDevelopmentExpenses": 0,
    "generalAndAdministrativeExpenses": 0,
    "sellingAndMarketingExpenses": 0,
    "sellingGeneralAndAdministrativeExpenses": 182627000,
    "otherExpenses": 673373000,
    "operatingExpenses": 238160000,
    "costAndExpenses": 266190000,
    "interestIncome": 0,
    "interestExpense": 0,
    "depreciationAndAmortization": -11000000,
    "ebitda": 0,
    "ebitdaratio": 0,
    "operatingIncome": 13752000,
    "operatingIncomeRatio": 0.0488522284,
    "totalOtherIncomeExpensesNet": -353752000,
    "incomeBeforeTax": -340000000,
    "incomeBeforeTaxRatio": -1.2078066941,
    "incomeTaxExpense": -89000000,
    "netIncome": 11000000,
    "netIncomeRatio": 0.0390760989,
    "eps": 0.22,
    "epsdiluted": 0.19,
    "weightedAverageShsOut": 57380640,
    "weightedAverageShsOutDil": 63519860,
    "link": "https://www.sec.gov/Archives/edgar/data/922621/000095015209004475/0000950152-09-004475-index.htm",
    "finalLink": "https://www.sec.gov/Archives/edgar/data/922621/000095015209004475/l36246ae10vq.htm"
  },
  {
    "date": "2008-12-31",
    "symbol": "ERIE",
    "reportedCurrency": "USD",
    "cik": "0000922621",
    "fillingDate": "2009-02-26",
    "acceptedDate": "2009-02-26 16:32:36",
    "calendarYear": "2008",
    "period": "Q4",
    "revenue": 243302000,
    "costOfRevenue": 0,
    "grossProfit": 243302000,
    "grossProfitRatio": 1,
    "researchAndDevelopmentExpenses": 0,
    "generalAndAdministrativeExpenses": 195297000,
    "sellingAndMarketingExpenses": -8039000,
    "sellingGeneralAndAdministrativeExpenses": 187258000,
    "otherExpenses": 56044000,
    "operatingExpenses": 243302000,
    "costAndExpenses": 246883000,
    "interestIncome": 0,
    "interestExpense": 0,
    "depreciationAndAmortization": 8252000,
    "ebitda": 0,
    "ebitdaratio": 0,
    "operatingIncome": -19643000,
    "operatingIncomeRatio": -0.0807350536,
    "totalOtherIncomeExpensesNet": 16062000,
    "incomeBeforeTax": -3581000,
    "incomeBeforeTaxRatio": -0.0147183336,
    "incomeTaxExpense": -685000,
    "netIncome": -6302000,
    "netIncomeRatio": -0.0259019655,
    "eps": -0.12,
    "epsdiluted": -0.12,
    "weightedAverageShsOut": 51376513,
    "weightedAverageShsOutDil": 51376513,
    "link": "https://www.sec.gov/Archives/edgar/data/922621/000095015209001857/0000950152-09-001857-index.htm",
    "finalLink": "https://www.sec.gov/Archives/edgar/data/922621/000095015209001857/l35096ae10vk.htm"
  },
  {
    "date": "2008-09-30",
    "symbol": "ERIE",
    "reportedCurrency": "USD",
    "cik": "0000922621",
    "fillingDate": "2008-11-05",
    "acceptedDate": "2008-11-05 16:31:19",
    "calendarYear": "2008",
    "period": "Q3",
    "revenue": 263379000,
    "costOfRevenue": 0,
    "grossProfit": 263379000,
    "grossProfitRatio": 1,
    "researchAndDevelopmentExpenses": 0,
    "generalAndAdministrativeExpenses": 195297000,
    "sellingAndMarketingExpenses": 0,
    "sellingGeneralAndAdministrativeExpenses": 195297000,
    "otherExpenses": 68082000,
    "operatingExpenses": 263379000,
    "costAndExpenses": 243736000,
    "interestIncome": 0,
    "interestExpense": 0,
    "depreciationAndAmortization": -92000,
    "ebitda": 19551000,
    "ebitdaratio": 0.0742314308,
    "operatingIncome": 19643000,
    "operatingIncomeRatio": 0.0745807373,
    "totalOtherIncomeExpensesNet": 0,
    "incomeBeforeTax": 19643000,
    "incomeBeforeTaxRatio": 0.0745807373,
    "incomeTaxExpense": 6011000,
    "netIncome": 4248000,
    "netIncomeRatio": 0.0161288485,
    "eps": 0.08,
    "epsdiluted": 0.07,
    "weightedAverageShsOut": 57498913,
    "weightedAverageShsOutDil": 63655991,
    "link": "https://www.sec.gov/Archives/edgar/data/922621/000095015208008748/0000950152-08-008748-index.htm",
    "finalLink": "https://www.sec.gov/Archives/edgar/data/922621/000095015208008748/l34204ae10vq.htm"
  },
  {
    "date": "2008-06-30",
    "symbol": "ERIE",
    "reportedCurrency": "USD",
    "cik": "0000922621",
    "fillingDate": "2008-07-30",
    "acceptedDate": "2008-07-30 16:25:18",
    "calendarYear": "2008",
    "period": "Q2",
    "revenue": 298330000,
    "costOfRevenue": 0,
    "grossProfit": 298330000,
    "grossProfitRatio": 1,
    "researchAndDevelopmentExpenses": 0,
    "generalAndAdministrativeExpenses": 0,
    "sellingAndMarketingExpenses": 0,
    "sellingGeneralAndAdministrativeExpenses": 201338000,
    "otherExpenses": 96992000,
    "operatingExpenses": 298330000,
    "costAndExpenses": 298330000,
    "interestIncome": 0,
    "interestExpense": 0,
    "depreciationAndAmortization": 0,
    "ebitda": 61603000,
    "ebitdaratio": 0.20649281,
    "operatingIncome": 61603000,
    "operatingIncomeRatio": 0.20649281,
    "totalOtherIncomeExpensesNet": 560000,
    "incomeBeforeTax": 62163000,
    "incomeBeforeTaxRatio": 0.2083699259,
    "incomeTaxExpense": 20288000,
    "netIncome": 41315000,
    "netIncomeRatio": 0.1384875809,
    "eps": 0.8,
    "epsdiluted": 0.71,
    "weightedAverageShsOut": 57877296,
    "weightedAverageShsOutDil": 64020422,
    "link": "https://www.sec.gov/Archives/edgar/data/922621/000095015208005783/0000950152-08-005783-index.htm",
    "finalLink": "https://www.sec.gov/Archives/edgar/data/922621/000095015208005783/l32557ae10vq.htm"
  },
  {
    "date": "2008-03-31",
    "symbol": "ERIE",
    "reportedCurrency": "USD",
    "cik": "0000922621",
    "fillingDate": "2008-04-30",
    "acceptedDate": "2008-04-30 17:09:13",
    "calendarYear": "2008",
    "period": "Q1",
    "revenue": 263381000,
    "costOfRevenue": 0,
    "grossProfit": 263381000,
    "grossProfitRatio": 1,
    "researchAndDevelopmentExpenses": 0,
    "generalAndAdministrativeExpenses": 0,
    "sellingAndMarketingExpenses": 0,
    "sellingGeneralAndAdministrativeExpenses": 181119000,
    "otherExpenses": 82262000,
    "operatingExpenses": 263381000,
    "costAndExpenses": 263381000,
    "interestIncome": 0,
    "interestExpense": 0,
    "depreciationAndAmortization": 0,
    "ebitda": 44228000,
    "ebitdaratio": 0.167924034,
    "operatingIncome": 44228000,
    "operatingIncomeRatio": 0.167924034,
    "totalOtherIncomeExpensesNet": 253000,
    "incomeBeforeTax": 44481000,
    "incomeBeforeTaxRatio": 0.1688846196,
    "incomeTaxExpense": 14251000,
    "netIncome": 29977000,
    "netIncomeRatio": 0.1138161067,
    "eps": 0.57,
    "epsdiluted": 0.51,
    "weightedAverageShsOut": 58950278,
    "weightedAverageShsOutDil": 65087665,
    "link": "https://www.sec.gov/Archives/edgar/data/922621/000095015208003270/0000950152-08-003270-index.htm",
    "finalLink": "https://www.sec.gov/Archives/edgar/data/922621/000095015208003270/l31213ae10vq.htm"
  },
  {
    "date": "2007-12-31",
    "symbol": "ERIE",
    "reportedCurrency": "USD",
    "cik": "0000922621",
    "fillingDate": "2008-02-27",
    "acceptedDate": "2008-02-27 17:25:18",
    "calendarYear": "2007",
    "period": "Q4",
    "revenue": 263426000,
    "costOfRevenue": 0,
    "grossProfit": 263426000,
    "grossProfitRatio": 1,
    "researchAndDevelopmentExpenses": 0,
    "generalAndAdministrativeExpenses": 0,
    "sellingAndMarketingExpenses": 0,
    "sellingGeneralAndAdministrativeExpenses": 0,
    "otherExpenses": 263426000,
    "operatingExpenses": 263426000,
    "costAndExpenses": 263426000,
    "interestIncome": 0,
    "interestExpense": 0,
    "depreciationAndAmortization": 7421000,
    "ebitda": 0,
    "ebitdaratio": 0,
    "operatingIncome": -64292000,
    "operatingIncomeRatio": -0.2440609507,
    "totalOtherIncomeExpensesNet": 116423000,
    "incomeBeforeTax": 52131000,
    "incomeBeforeTaxRatio": 0.1978961834,
    "incomeTaxExpense": 19370000,
    "netIncome": 32601000,
    "netIncomeRatio": 0.1237577156,
    "eps": 0.59,
    "epsdiluted": 0.59,
    "weightedAverageShsOut": 55183547,
    "weightedAverageShsOutDil": 55183547,
    "link": "https://www.sec.gov/Archives/edgar/data/922621/000095015208001475/0000950152-08-001475-index.htm",
    "finalLink": "https://www.sec.gov/Archives/edgar/data/922621/000095015208001475/l29838ae10vk.htm"
  },
  {
    "date": "2007-09-30",
    "symbol": "ERIE",
    "reportedCurrency": "USD",
    "cik": "0000922621",
    "fillingDate": "2007-10-31",
    "acceptedDate": "2007-10-31 16:25:15",
    "calendarYear": "2007",
    "period": "Q3",
    "revenue": 307122000,
    "costOfRevenue": 0,
    "grossProfit": 307122000,
    "grossProfitRatio": 1,
    "researchAndDevelopmentExpenses": 0,
    "generalAndAdministrativeExpenses": 0,
    "sellingAndMarketingExpenses": 0,
    "sellingGeneralAndAdministrativeExpenses": 200913000,
    "otherExpenses": 106209000,
    "operatingExpenses": 307122000,
    "costAndExpenses": 307122000,
    "interestIncome": 0,
    "interestExpense": 0,
    "depreciationAndAmortization": 5057000,
    "ebitda": 0,
    "ebitdaratio": 0,
    "operatingIncome": 77165000,
    "operatingIncomeRatio": 0.2512519455,
    "totalOtherIncomeExpensesNet": -643000,
    "incomeBeforeTax": 76522000,
    "incomeBeforeTaxRatio": 0.2491583149,
    "incomeTaxExpense": 23669000,
    "netIncome": 53496000,
    "netIncomeRatio": 0.1741848516,
    "eps": 0.97,
    "epsdiluted": 0.87,
    "weightedAverageShsOut": 61325147,
    "weightedAverageShsOutDil": 67511819,
    "link": "https://www.sec.gov/Archives/edgar/data/922621/000095015207008424/0000950152-07-008424-index.htm",
    "finalLink": "https://www.sec.gov/Archives/edgar/data/922621/000095015207008424/l28392ae10vq.htm"
  },
  {
    "date": "2007-06-30",
    "symbol": "ERIE",
    "reportedCurrency": "USD",
    "cik": "0000922621",
    "fillingDate": "2007-08-01",
    "acceptedDate": "2007-08-01 16:55:40",
    "calendarYear": "2007",
    "period": "Q2",
    "revenue": 301745000,
    "costOfRevenue": -16360000,
    "grossProfit": 318105000,
    "grossProfitRatio": 1.0542179655,
    "researchAndDevelopmentExpenses": 0,
    "generalAndAdministrativeExpenses": 0,
    "sellingAndMarketingExpenses": 0,
    "sellingGeneralAndAdministrativeExpenses": 195969000,
    "otherExpenses": 122136000,
    "operatingExpenses": 318105000,
    "costAndExpenses": 318105000,
    "interestIncome": 0,
    "interestExpense": 0,
    "depreciationAndAmortization": 9980000,
    "ebitda": 74272000,
    "ebitdaratio": 0.2461416096,
    "operatingIncome": 64292000,
    "operatingIncomeRatio": 0.2130673251,
    "totalOtherIncomeExpensesNet": 36540000,
    "incomeBeforeTax": 100832000,
    "incomeBeforeTaxRatio": 0.3341629522,
    "incomeTaxExpense": 31505000,
    "netIncome": 70486000,
    "netIncomeRatio": 0.2335945915,
    "eps": 1.22,
    "epsdiluted": 1.11,
    "weightedAverageShsOut": 63507836,
    "weightedAverageShsOutDil": 69726514,
    "link": "https://www.sec.gov/Archives/edgar/data/922621/000095015207006276/0000950152-07-006276-index.htm",
    "finalLink": "https://www.sec.gov/Archives/edgar/data/922621/000095015207006276/l26996ae10vq.htm"
  },
  {
    "date": "2007-03-31",
    "symbol": "ERIE",
    "reportedCurrency": "USD",
    "cik": "0000922621",
    "fillingDate": "2007-05-02",
    "acceptedDate": "2007-05-02 17:07:12",
    "calendarYear": "2007",
    "period": "Q1",
    "revenue": 291280000,
    "costOfRevenue": 0,
    "grossProfit": 291280000,
    "grossProfitRatio": 1,
    "researchAndDevelopmentExpenses": 0,
    "generalAndAdministrativeExpenses": 0,
    "sellingAndMarketingExpenses": 0,
    "sellingGeneralAndAdministrativeExpenses": 179886000,
    "otherExpenses": 111394000,
    "operatingExpenses": 291280000,
    "costAndExpenses": 291280000,
    "interestIncome": 0,
    "interestExpense": 0,
    "depreciationAndAmortization": 8447000,
    "ebitda": 0,
    "ebitdaratio": 0,
    "operatingIncome": 80953000,
    "operatingIncomeRatio": 0.2779215875,
    "totalOtherIncomeExpensesNet": -1270000,
    "incomeBeforeTax": 79683000,
    "incomeBeforeTaxRatio": 0.2735615216,
    "incomeTaxExpense": 24592000,
    "netIncome": 56361000,
    "netIncomeRatio": 0.1934942324,
    "eps": 0.97,
    "epsdiluted": 0.88,
    "weightedAverageShsOut": 63866489,
    "weightedAverageShsOutDil": 70081658,
    "link": "https://www.sec.gov/Archives/edgar/data/922621/000095015207003853/0000950152-07-003853-index.htm",
    "finalLink": "https://www.sec.gov/Archives/edgar/data/922621/000095015207003853/l25715ae10vq.htm"
  },
  {
    "date": "2006-12-31",
    "symbol": "ERIE",
    "reportedCurrency": "USD",
    "cik": "0000922621",
    "fillingDate": "2007-02-26",
    "acceptedDate": "2007-02-26 17:31:07",
    "calendarYear": "2006",
    "period": "Q4",
    "revenue": 279041000,
    "costOfRevenue": 0,
    "grossProfit": 279041000,
    "grossProfitRatio": 1,
    "researchAndDevelopmentExpenses": 0,
    "generalAndAdministrativeExpenses": 0,
    "sellingAndMarketingExpenses": 0,
    "sellingGeneralAndAdministrativeExpenses": 0,
    "otherExpenses": 279041000,
    "operatingExpenses": 279041000,
    "costAndExpenses": 279041000,
    "interestIncome": 0,
    "interestExpense": 0,
    "depreciationAndAmortization": 7019000,
    "ebitda": 69080000,
    "ebitdaratio": 0.2475621862,
    "operatingIncome": 130495000,
    "operatingIncomeRatio": 0.4676552908,
    "totalOtherIncomeExpensesNet": -70146000,
    "incomeBeforeTax": 60349000,
    "incomeBeforeTaxRatio": 0.2162728775,
    "incomeTaxExpense": 16542000,
    "netIncome": 45519000,
    "netIncomeRatio": 0.1631265656,
    "eps": 0.79,
    "epsdiluted": 0.79,
    "weightedAverageShsOut": 57873922,
    "weightedAverageShsOutDil": 57873922,
    "link": "https://www.sec.gov/Archives/edgar/data/922621/000095012807000016/0000950128-07-000016-index.htm",
    "finalLink": "https://www.sec.gov/Archives/edgar/data/922621/000095012807000016/l24094ae10vk.htm"
  },
  {
    "date": "2006-09-30",
    "symbol": "ERIE",
    "reportedCurrency": "USD",
    "cik": "0000922621",
    "fillingDate": "2006-11-01",
    "acceptedDate": "2006-11-01 16:41:00",
    "calendarYear": "2006",
    "period": "Q3",
    "revenue": 303158000,
    "costOfRevenue": 0,
    "grossProfit": 303158000,
    "grossProfitRatio": 1,
    "researchAndDevelopmentExpenses": 0,
    "generalAndAdministrativeExpenses": 0,
    "sellingAndMarketingExpenses": 0,
    "sellingGeneralAndAdministrativeExpenses": 0,
    "otherExpenses": 234434000,
    "operatingExpenses": 234434000,
    "costAndExpenses": 223586000,
    "interestIncome": 0,
    "interestExpense": 0,
    "depreciationAndAmortization": 9679000,
    "ebitda": 0,
    "ebitdaratio": 0,
    "operatingIncome": 80206000,
    "operatingIncomeRatio": 0.2645683109,
    "totalOtherIncomeExpensesNet": -634000,
    "incomeBeforeTax": 79572000,
    "incomeBeforeTaxRatio": 0.2624769922,
    "incomeTaxExpense": 27421000,
    "netIncome": 52785000,
    "netIncomeRatio": 0.174117127,
    "eps": 0.91,
    "epsdiluted": 0.82,
    "weightedAverageShsOut": 64049122,
    "weightedAverageShsOutDil": 64129350,
    "link": "https://www.sec.gov/Archives/edgar/data/922621/000095015206008658/0000950152-06-008658-index.htm",
    "finalLink": "https://www.sec.gov/Archives/edgar/data/922621/000095015206008658/l22868ae10vq.htm"
  },
  {
    "date": "2006-06-30",
    "symbol": "ERIE",
    "reportedCurrency": "USD",
    "cik": "0000922621",
    "fillingDate": "2006-08-02",
    "acceptedDate": "2006-08-02 17:10:31",
    "calendarYear": "2006",
    "period": "Q2",
    "revenue": 311535000,
    "costOfRevenue": 0,
    "grossProfit": 311535000,
    "grossProfitRatio": 1,
    "researchAndDevelopmentExpenses": 0,
    "generalAndAdministrativeExpenses": 0,
    "sellingAndMarketingExpenses": 0,
    "sellingGeneralAndAdministrativeExpenses": 0,
    "otherExpenses": 240653000,
    "operatingExpenses": 240653000,
    "costAndExpenses": 226595000,
    "interestIncome": 0,
    "interestExpense": 0,
    "depreciationAndAmortization": 9618000,
    "ebitda": 0,
    "ebitdaratio": 0,
    "operatingIncome": 86270000,
    "operatingIncomeRatio": 0.2769191263,
    "totalOtherIncomeExpensesNet": -1330000,
    "incomeBeforeTax": 84940000,
    "incomeBeforeTaxRatio": 0.272649943,
    "incomeTaxExpense": 30015000,
    "netIncome": 56255000,
    "netIncomeRatio": 0.1805736113,
    "eps": 0.95,
    "epsdiluted": 0.86,
    "weightedAverageShsOut": 65471615,
    "weightedAverageShsOutDil": 65554096,
    "link": "https://www.sec.gov/Archives/edgar/data/922621/000095015206006395/0000950152-06-006395-index.htm",
    "finalLink": "https://www.sec.gov/Archives/edgar/data/922621/000095015206006395/l21298ae10vq.htm"
  },
  {
    "date": "2006-03-31",
    "symbol": "ERIE",
    "reportedCurrency": "USD",
    "cik": "0000922621",
    "fillingDate": "2006-05-03",
    "acceptedDate": "2006-05-03 16:46:22",
    "calendarYear": "2006",
    "period": "Q1",
    "revenue": 297504000,
    "costOfRevenue": 0,
    "grossProfit": 297504000,
    "grossProfitRatio": 1,
    "researchAndDevelopmentExpenses": 0,
    "generalAndAdministrativeExpenses": 0,
    "sellingAndMarketingExpenses": 0,
    "sellingGeneralAndAdministrativeExpenses": 0,
    "otherExpenses": 227708000,
    "operatingExpenses": 227708000,
    "costAndExpenses": 223566000,
    "interestIncome": 0,
    "interestExpense": 0,
    "depreciationAndAmortization": 9735000,
    "ebitda": 0,
    "ebitdaratio": 0,
    "operatingIncome": 46702000,
    "operatingIncomeRatio": 0.156979402,
    "totalOtherIncomeExpensesNet": 27236000,
    "incomeBeforeTax": 73938000,
    "incomeBeforeTaxRatio": 0.2485277509,
    "incomeTaxExpense": 25077000,
    "netIncome": 49466000,
    "netIncomeRatio": 0.1662700333,
    "eps": 0.81,
    "epsdiluted": 0.73,
    "weightedAverageShsOut": 67429595,
    "weightedAverageShsOutDil": 67505125,
    "link": "https://www.sec.gov/Archives/edgar/data/922621/000095012806000070/0000950128-06-000070-index.htm",
    "finalLink": "https://www.sec.gov/Archives/edgar/data/922621/000095012806000070/j1996701e10vq.htm"
  },
  {
    "date": "2005-12-31",
    "symbol": "ERIE",
    "reportedCurrency": "USD",
    "cik": "0000922621",
    "fillingDate": "2006-02-22",
    "acceptedDate": "2006-02-22 17:31:53",
    "calendarYear": "2005",
    "period": "Q4",
    "revenue": 276874000,
    "costOfRevenue": 0,
    "grossProfit": 276874000,
    "grossProfitRatio": 1,
    "researchAndDevelopmentExpenses": 0,
    "generalAndAdministrativeExpenses": 0,
    "sellingAndMarketingExpenses": 0,
    "sellingGeneralAndAdministrativeExpenses": 0,
    "otherExpenses": 276874000,
    "operatingExpenses": 276874000,
    "costAndExpenses": 276874000,
    "interestIncome": 0,
    "interestExpense": 0,
    "depreciationAndAmortization": 6979000,
    "ebitda": 70631000,
    "ebitdaratio": 0.2551015986,
    "operatingIncome": 40104000,
    "operatingIncomeRatio": 0.1448456699,
    "totalOtherIncomeExpensesNet": 22834000,
    "incomeBeforeTax": 62938000,
    "incomeBeforeTaxRatio": 0.2273163966,
    "incomeTaxExpense": 19492000,
    "netIncome": 44160000,
    "netIncomeRatio": 0.1594949327,
    "eps": 0.71,
    "epsdiluted": 0.71,
    "weightedAverageShsOut": 62415372,
    "weightedAverageShsOutDil": 62415372,
    "link": "https://www.sec.gov/Archives/edgar/data/922621/000095015206001383/0000950152-06-001383-index.htm",
    "finalLink": "https://www.sec.gov/Archives/edgar/data/922621/000095015206001383/j1821601e10vk.htm"
  },
  {
    "date": "2005-09-30",
    "symbol": "ERIE",
    "reportedCurrency": "USD",
    "cik": "0000922621",
    "fillingDate": "2005-11-03",
    "acceptedDate": "2005-11-03 15:26:25",
    "calendarYear": "2005",
    "period": "Q3",
    "revenue": 304071000,
    "costOfRevenue": 0,
    "grossProfit": 304071000,
    "grossProfitRatio": 1,
    "researchAndDevelopmentExpenses": 0,
    "generalAndAdministrativeExpenses": 0,
    "sellingAndMarketingExpenses": 0,
    "sellingGeneralAndAdministrativeExpenses": 0,
    "otherExpenses": 233688000,
    "operatingExpenses": 233688000,
    "costAndExpenses": 225656000,
    "interestIncome": 0,
    "interestExpense": 0,
    "depreciationAndAmortization": 10024000,
    "ebitda": 0,
    "ebitdaratio": 0,
    "operatingIncome": 52165000,
    "operatingIncomeRatio": 0.1715553275,
    "totalOtherIncomeExpensesNet": 26250000,
    "incomeBeforeTax": 78415000,
    "incomeBeforeTaxRatio": 0.2578838495,
    "incomeTaxExpense": 25930000,
    "netIncome": 53005000,
    "netIncomeRatio": 0.1743178402,
    "eps": 0.84,
    "epsdiluted": 0.76,
    "weightedAverageShsOut": 69238572,
    "weightedAverageShsOutDil": 69320147,
    "link": "https://www.sec.gov/Archives/edgar/data/922621/000095015205008712/0000950152-05-008712-index.htm",
    "finalLink": "https://www.sec.gov/Archives/edgar/data/922621/000095015205008712/j1685001e10vqza.htm"
  },
  {
    "date": "2005-06-30",
    "symbol": "ERIE",
    "reportedCurrency": "USD",
    "cik": "0000922621",
    "fillingDate": "2005-08-03",
    "acceptedDate": "2005-08-03 16:26:06",
    "calendarYear": "2005",
    "period": "Q2",
    "revenue": 299915000,
    "costOfRevenue": -25130000,
    "grossProfit": 325045000,
    "grossProfitRatio": 1.0837904073,
    "researchAndDevelopmentExpenses": 0,
    "generalAndAdministrativeExpenses": 0,
    "sellingAndMarketingExpenses": 0,
    "sellingGeneralAndAdministrativeExpenses": 0,
    "otherExpenses": 233373000,
    "operatingExpenses": 233373000,
    "costAndExpenses": 325045000,
    "interestIncome": 0,
    "interestExpense": 0,
    "depreciationAndAmortization": 9996000,
    "ebitda": 76538000,
    "ebitdaratio": 0.255198973,
    "operatingIncome": 66542000,
    "operatingIncomeRatio": 0.2218695297,
    "totalOtherIncomeExpensesNet": 45775000,
    "incomeBeforeTax": 112317000,
    "incomeBeforeTaxRatio": 0.3744961072,
    "incomeTaxExpense": 37581000,
    "netIncome": 76168000,
    "netIncomeRatio": 0.2539652902,
    "eps": 1.21,
    "epsdiluted": 1.1,
    "weightedAverageShsOut": 69441804,
    "weightedAverageShsOutDil": 69525438,
    "link": "https://www.sec.gov/Archives/edgar/data/922621/000095015205006455/0000950152-05-006455-index.htm",
    "finalLink": "https://www.sec.gov/Archives/edgar/data/922621/000095015205006455/j1518701e10vq.htm"
  },
  {
    "date": "2005-03-31",
    "symbol": "ERIE",
    "reportedCurrency": "USD",
    "cik": "0000922621",
    "fillingDate": "2005-04-25",
    "acceptedDate": "2005-04-25 17:22:26",
    "calendarYear": "2005",
    "period": "Q1",
    "revenue": 296136000,
    "costOfRevenue": 0,
    "grossProfit": 296136000,
    "grossProfitRatio": 1,
    "researchAndDevelopmentExpenses": 0,
    "generalAndAdministrativeExpenses": 0,
    "sellingAndMarketingExpenses": 0,
    "sellingGeneralAndAdministrativeExpenses": 0,
    "otherExpenses": 212461000,
    "operatingExpenses": 212461000,
    "costAndExpenses": 210350000,
    "interestIncome": 0,
    "interestExpense": 0,
    "depreciationAndAmortization": 9856000,
    "ebitda": 0,
    "ebitdaratio": 0,
    "operatingIncome": 57482000,
    "operatingIncomeRatio": 0.1941067618,
    "totalOtherIncomeExpensesNet": 28304000,
    "incomeBeforeTax": 85786000,
    "incomeBeforeTaxRatio": 0.2896844693,
    "incomeTaxExpense": 28729000,
    "netIncome": 57771000,
    "netIncomeRatio": 0.1950826647,
    "eps": 0.91,
    "epsdiluted": 0.83,
    "weightedAverageShsOut": 69769083,
    "weightedAverageShsOutDil": 69845958,
    "link": "https://www.sec.gov/Archives/edgar/data/922621/000095015205003489/0000950152-05-003489-index.htm",
    "finalLink": "https://www.sec.gov/Archives/edgar/data/922621/000095015205003489/j1354101e10vq.htm"
  },
  {
    "date": "2004-12-31",
    "symbol": "ERIE",
    "reportedCurrency": "USD",
    "cik": "0000922621",
    "fillingDate": "2005-02-24",
    "acceptedDate": "2005-02-24 09:21:26",
    "calendarYear": "2004",
    "period": "Q4",
    "revenue": 295495000,
    "costOfRevenue": 0,
    "grossProfit": 295495000,
    "grossProfitRatio": 1,
    "researchAndDevelopmentExpenses": 0,
    "generalAndAdministrativeExpenses": 0,
    "sellingAndMarketingExpenses": 0,
    "sellingGeneralAndAdministrativeExpenses": 0,
    "otherExpenses": 295495000,
    "operatingExpenses": 295495000,
    "costAndExpenses": 295495000,
    "interestIncome": 0,
    "interestExpense": 0,
    "depreciationAndAmortization": 9783000,
    "ebitda": 0,
    "ebitdaratio": 0,
    "operatingIncome": 0,
    "operatingIncomeRatio": 0,
    "totalOtherIncomeExpensesNet": 83616000,
    "incomeBeforeTax": 83616000,
    "incomeBeforeTaxRatio": 0.282969255,
    "incomeTaxExpense": 23275000,
    "netIncome": 61320000,
    "netIncomeRatio": 0.2075162016,
    "eps": 0.87,
    "epsdiluted": 0.87,
    "weightedAverageShsOut": 69902482,
    "weightedAverageShsOutDil": 70186000,
    "link": "https://www.sec.gov/Archives/edgar/data/922621/000095015205001462/0000950152-05-001462-index.htm",
    "finalLink": "https://www.sec.gov/Archives/edgar/data/922621/000095015205001462/j1220601e10vk.htm"
  },
  {
    "date": "2004-09-30",
    "symbol": "ERIE",
    "reportedCurrency": "USD",
    "cik": "0000922621",
    "fillingDate": "2004-10-27",
    "acceptedDate": "2004-10-27 16:30:43",
    "calendarYear": "2004",
    "period": "Q3",
    "revenue": 306737000,
    "costOfRevenue": 0,
    "grossProfit": 306737000,
    "grossProfitRatio": 1,
    "researchAndDevelopmentExpenses": 0,
    "generalAndAdministrativeExpenses": 0,
    "sellingAndMarketingExpenses": 0,
    "sellingGeneralAndAdministrativeExpenses": 0,
    "otherExpenses": 224414000,
    "operatingExpenses": 224414000,
    "costAndExpenses": 220569000,
    "interestIncome": 0,
    "interestExpense": 0,
    "depreciationAndAmortization": 9651000,
    "ebitda": 0,
    "ebitdaratio": 0,
    "operatingIncome": 87707000,
    "operatingIncomeRatio": 0.2859355083,
    "totalOtherIncomeExpensesNet": -1539000,
    "incomeBeforeTax": 86168000,
    "incomeBeforeTaxRatio": 0.2809181807,
    "incomeTaxExpense": 29141000,
    "netIncome": 58566000,
    "netIncomeRatio": 0.190932297,
    "eps": 0.92,
    "epsdiluted": 0.83,
    "weightedAverageShsOut": 70186000,
    "weightedAverageShsOutDil": 70259227,
    "link": "https://www.sec.gov/Archives/edgar/data/922621/000095015204007666/0000950152-04-007666-index.htm",
    "finalLink": "https://www.sec.gov/Archives/edgar/data/922621/000095015204007666/j1008201e10vq.htm"
  },
  {
    "date": "2004-06-30",
    "symbol": "ERIE",
    "reportedCurrency": "USD",
    "cik": "0000922621",
    "fillingDate": "2004-07-28",
    "acceptedDate": "2004-07-28 16:35:31",
    "calendarYear": "2004",
    "period": "Q2",
    "revenue": 316961000,
    "costOfRevenue": 38000,
    "grossProfit": 316923000,
    "grossProfitRatio": 0.9998801114,
    "researchAndDevelopmentExpenses": 0,
    "generalAndAdministrativeExpenses": 0,
    "sellingAndMarketingExpenses": 0,
    "sellingGeneralAndAdministrativeExpenses": 0,
    "otherExpenses": 234556000,
    "operatingExpenses": 234556000,
    "costAndExpenses": 233053000,
    "interestIncome": 0,
    "interestExpense": 0,
    "depreciationAndAmortization": 9873000,
    "ebitda": 0,
    "ebitdaratio": 0,
    "operatingIncome": 85244000,
    "operatingIncomeRatio": 0.2689416048,
    "totalOtherIncomeExpensesNet": -1374000,
    "incomeBeforeTax": 83870000,
    "incomeBeforeTaxRatio": 0.2646066866,
    "incomeTaxExpense": 28289000,
    "netIncome": 56955000,
    "netIncomeRatio": 0.1796908768,
    "eps": 0.89,
    "epsdiluted": 0.81,
    "weightedAverageShsOut": 70623000,
    "weightedAverageShsOutDil": 70623000,
    "link": "https://www.sec.gov/Archives/edgar/data/922621/000095015204005673/0000950152-04-005673-index.htm",
    "finalLink": "https://www.sec.gov/Archives/edgar/data/922621/000095015204005673/j0878201e10vq.htm"
  },
  {
    "date": "2004-03-31",
    "symbol": "ERIE",
    "reportedCurrency": "USD",
    "cik": "0000922621",
    "fillingDate": "2004-04-22",
    "acceptedDate": "2004-04-22 16:27:45",
    "calendarYear": "2004",
    "period": "Q1",
    "revenue": 265911000,
    "costOfRevenue": -17539000,
    "grossProfit": 283450000,
    "grossProfitRatio": 1.0659581589,
    "researchAndDevelopmentExpenses": 0,
    "generalAndAdministrativeExpenses": 0,
    "sellingAndMarketingExpenses": 0,
    "sellingGeneralAndAdministrativeExpenses": 0,
    "otherExpenses": 211176000,
    "operatingExpenses": 211176000,
    "costAndExpenses": 210758000,
    "interestIncome": 0,
    "interestExpense": 0,
    "depreciationAndAmortization": 9674000,
    "ebitda": 83681000,
    "ebitdaratio": 0.3146955184,
    "operatingIncome": 54735000,
    "operatingIncomeRatio": 0.2058395478,
    "totalOtherIncomeExpensesNet": 17957000,
    "incomeBeforeTax": 72692000,
    "incomeBeforeTaxRatio": 0.2733696613,
    "incomeTaxExpense": 24435000,
    "netIncome": 49572000,
    "netIncomeRatio": 0.186423277,
    "eps": 0.77,
    "epsdiluted": 0.7,
    "weightedAverageShsOut": 70858047,
    "weightedAverageShsOutDil": 70926223,
    "link": "https://www.sec.gov/Archives/edgar/data/922621/000095015204003101/0000950152-04-003101-index.htm",
    "finalLink": "https://www.sec.gov/Archives/edgar/data/922621/000095015204003101/j0709201e10vq.htm"
  },
  {
    "date": "2003-12-31",
    "symbol": "ERIE",
    "reportedCurrency": "USD",
    "cik": "0000922621",
    "fillingDate": "2004-03-08",
    "acceptedDate": "2004-03-08 10:20:57",
    "calendarYear": "2003",
    "period": "Q4",
    "revenue": 236198000,
    "costOfRevenue": 0,
    "grossProfit": 236198000,
    "grossProfitRatio": 1,
    "researchAndDevelopmentExpenses": 0,
    "generalAndAdministrativeExpenses": 0,
    "sellingAndMarketingExpenses": 0,
    "sellingGeneralAndAdministrativeExpenses": 0,
    "otherExpenses": 236198000,
    "operatingExpenses": 236198000,
    "costAndExpenses": 169179000,
    "interestIncome": 0,
    "interestExpense": 0,
    "depreciationAndAmortization": -25297000,
    "ebitda": 22374000,
    "ebitdaratio": 0.0947256116,
    "operatingIncome": 47671000,
    "operatingIncomeRatio": 0.2018264338,
    "totalOtherIncomeExpensesNet": 19348000,
    "incomeBeforeTax": 67019000,
    "incomeBeforeTaxRatio": 0.2837407599,
    "incomeTaxExpense": 26130000,
    "netIncome": 43130000,
    "netIncomeRatio": 0.1826010381,
    "eps": 0.61,
    "epsdiluted": 0.61,
    "weightedAverageShsOut": 70997000,
    "weightedAverageShsOutDil": 70997000,
    "link": "https://www.sec.gov/Archives/edgar/data/922621/000095012804000224/0000950128-04-000224-index.htm",
    "finalLink": "https://www.sec.gov/Archives/edgar/data/922621/000095012804000224/j0499101e10vk.htm"
  },
  {
    "date": "2003-09-30",
    "symbol": "ERIE",
    "reportedCurrency": "USD",
    "cik": "0000922621",
    "fillingDate": "2003-10-29",
    "acceptedDate": "2003-10-29 16:46:01",
    "calendarYear": "2003",
    "period": "Q3",
    "revenue": 303095000,
    "costOfRevenue": 0,
    "grossProfit": 303095000,
    "grossProfitRatio": 1,
    "researchAndDevelopmentExpenses": 0,
    "generalAndAdministrativeExpenses": 0,
    "sellingAndMarketingExpenses": 0,
    "sellingGeneralAndAdministrativeExpenses": 0,
    "otherExpenses": 290349000,
    "operatingExpenses": 290349000,
    "costAndExpenses": 290349000,
    "interestIncome": 0,
    "interestExpense": 0,
    "depreciationAndAmortization": 10360000,
    "ebitda": 93721000,
    "ebitdaratio": 0.309213283,
    "operatingIncome": 63719000,
    "operatingIncomeRatio": 0.2102278164,
    "totalOtherIncomeExpensesNet": 17634000,
    "incomeBeforeTax": 81353000,
    "incomeBeforeTaxRatio": 0.268407595,
    "incomeTaxExpense": 27124000,
    "netIncome": 56237000,
    "netIncomeRatio": 0.1855424867,
    "eps": 0.79,
    "epsdiluted": 0.79,
    "weightedAverageShsOut": 70997106,
    "weightedAverageShsOutDil": 70997106,
    "link": "https://www.sec.gov/Archives/edgar/data/922621/000095015203009169/0000950152-03-009169-index.htm",
    "finalLink": "https://www.sec.gov/Archives/edgar/data/922621/000095015203009169/j0368601e10vq.htm"
  },
  {
    "date": "2003-06-30",
    "symbol": "ERIE",
    "reportedCurrency": "USD",
    "cik": "0000922621",
    "fillingDate": "2003-07-24",
    "acceptedDate": "2003-07-24 13:53:33",
    "calendarYear": "2003",
    "period": "Q2",
    "revenue": 304414000,
    "costOfRevenue": 0,
    "grossProfit": 304414000,
    "grossProfitRatio": 1,
    "researchAndDevelopmentExpenses": 0,
    "generalAndAdministrativeExpenses": 0,
    "sellingAndMarketingExpenses": 0,
    "sellingGeneralAndAdministrativeExpenses": 0,
    "otherExpenses": 223586000,
    "operatingExpenses": 223586000,
    "costAndExpenses": 225006000,
    "interestIncome": 0,
    "interestExpense": 0,
    "depreciationAndAmortization": 9932000,
    "ebitda": 0,
    "ebitdaratio": 0,
    "operatingIncome": 80980000,
    "operatingIncomeRatio": 0.2660193027,
    "totalOtherIncomeExpensesNet": -1572000,
    "incomeBeforeTax": 79408000,
    "incomeBeforeTaxRatio": 0.2608552826,
    "incomeTaxExpense": 26522000,
    "netIncome": 54458000,
    "netIncomeRatio": 0.1788945318,
    "eps": 0.77,
    "epsdiluted": 0.77,
    "weightedAverageShsOut": 70997000,
    "weightedAverageShsOutDil": 70997000,
    "link": "https://www.sec.gov/Archives/edgar/data/922621/000095015203007039/0000950152-03-007039-index.htm",
    "finalLink": "https://www.sec.gov/Archives/edgar/data/922621/000095015203007039/j0215101e10vq.htm"
  },
  {
    "date": "2003-03-31",
    "symbol": "ERIE",
    "reportedCurrency": "USD",
    "cik": "0000922621",
    "fillingDate": "2003-04-24",
    "acceptedDate": "2003-04-24 14:30:26",
    "calendarYear": "2003",
    "period": "Q1",
    "revenue": 273824000,
    "costOfRevenue": 0,
    "grossProfit": 273824000,
    "grossProfitRatio": 1,
    "researchAndDevelopmentExpenses": 0,
    "generalAndAdministrativeExpenses": 0,
    "sellingAndMarketingExpenses": 0,
    "sellingGeneralAndAdministrativeExpenses": 0,
    "otherExpenses": 205225000,
    "operatingExpenses": 205225000,
    "costAndExpenses": 206551000,
    "interestIncome": 0,
    "interestExpense": 0,
    "depreciationAndAmortization": 9298000,
    "ebitda": 0,
    "ebitdaratio": 0,
    "operatingIncome": 68360000,
    "operatingIncomeRatio": 0.2496494098,
    "totalOtherIncomeExpensesNet": -1087000,
    "incomeBeforeTax": 67273000,
    "incomeBeforeTaxRatio": 0.2456797067,
    "incomeTaxExpense": 22460000,
    "netIncome": 45900000,
    "netIncomeRatio": 0.1676259203,
    "eps": 0.65,
    "epsdiluted": 0.65,
    "weightedAverageShsOut": 70997000,
    "weightedAverageShsOutDil": 70997000,
    "link": "https://www.sec.gov/Archives/edgar/data/922621/000095012803000576/0000950128-03-000576-index.htm",
    "finalLink": "https://www.sec.gov/Archives/edgar/data/922621/000095012803000576/j0030501e10vq.htm"
  },
  {
    "date": "2002-12-31",
    "symbol": "ERIE",
    "reportedCurrency": "USD",
    "cik": "0000922621",
    "fillingDate": "2003-03-27",
    "acceptedDate": "2003-03-27 11:15:51",
    "calendarYear": "2002",
    "period": "Q4",
    "revenue": 245484000,
    "costOfRevenue": 0,
    "grossProfit": 245484000,
    "grossProfitRatio": 1,
    "researchAndDevelopmentExpenses": 0,
    "generalAndAdministrativeExpenses": 0,
    "sellingAndMarketingExpenses": 0,
    "sellingGeneralAndAdministrativeExpenses": 0,
    "otherExpenses": 245484000,
    "operatingExpenses": 245484000,
    "costAndExpenses": 245484000,
    "interestIncome": 0,
    "interestExpense": 0,
    "depreciationAndAmortization": -2909000,
    "ebitda": -3986000,
    "ebitdaratio": -0.0162373108,
    "operatingIncome": 0,
    "operatingIncomeRatio": 0,
    "totalOtherIncomeExpensesNet": 47965000,
    "incomeBeforeTax": 47965000,
    "incomeBeforeTaxRatio": 0.1953895162,
    "incomeTaxExpense": 15639000,
    "netIncome": 33937000,
    "netIncomeRatio": 0.1382452624,
    "eps": 0.48,
    "epsdiluted": 0.48,
    "weightedAverageShsOut": 70996184,
    "weightedAverageShsOutDil": 71006000,
    "link": "https://www.sec.gov/Archives/edgar/data/922621/000095012803000435/0000950128-03-000435-index.htm",
    "finalLink": "https://www.sec.gov/Archives/edgar/data/922621/000095012803000435/j9926901e10vk.htm"
  },
  {
    "date": "2002-09-30",
    "symbol": "ERIE",
    "reportedCurrency": "USD",
    "cik": "0000922621",
    "fillingDate": "2002-11-06",
    "acceptedDate": "2002-11-06 13:42:54",
    "calendarYear": "2002",
    "period": "Q3",
    "revenue": 262251000,
    "costOfRevenue": 0,
    "grossProfit": 262251000,
    "grossProfitRatio": 1,
    "researchAndDevelopmentExpenses": 0,
    "generalAndAdministrativeExpenses": 0,
    "sellingAndMarketingExpenses": 0,
    "sellingGeneralAndAdministrativeExpenses": 0,
    "otherExpenses": 193261000,
    "operatingExpenses": 193261000,
    "costAndExpenses": 192352000,
    "interestIncome": 0,
    "interestExpense": 0,
    "depreciationAndAmortization": 8642000,
    "ebitda": 0,
    "ebitdaratio": 0,
    "operatingIncome": 69899000,
    "operatingIncomeRatio": 0.266534732,
    "totalOtherIncomeExpensesNet": 0,
    "incomeBeforeTax": 69899000,
    "incomeBeforeTaxRatio": 0.266534732,
    "incomeTaxExpense": 23737000,
    "netIncome": 46162000,
    "netIncomeRatio": 0.1760222077,
    "eps": 0.65,
    "epsdiluted": 0.65,
    "weightedAverageShsOut": 71006149,
    "weightedAverageShsOutDil": 71006149,
    "link": "https://www.sec.gov/Archives/edgar/data/922621/000095012802000748/0000950128-02-000748-index.htm",
    "finalLink": "https://www.sec.gov/Archives/edgar/data/922621/000095012802000748/j9708001e10vq.htm"
  },
  {
    "date": "2002-06-30",
    "symbol": "ERIE",
    "reportedCurrency": "USD",
    "cik": "0000922621",
    "fillingDate": "2002-07-24",
    "acceptedDate": "2002-07-24 09:30:52",
    "calendarYear": "2002",
    "period": "Q2",
    "revenue": 263117000,
    "costOfRevenue": 0,
    "grossProfit": 263117000,
    "grossProfitRatio": 1,
    "researchAndDevelopmentExpenses": 0,
    "generalAndAdministrativeExpenses": 0,
    "sellingAndMarketingExpenses": 0,
    "sellingGeneralAndAdministrativeExpenses": 0,
    "otherExpenses": 263117000,
    "operatingExpenses": 263117000,
    "costAndExpenses": 191545000,
    "interestIncome": 0,
    "interestExpense": 0,
    "depreciationAndAmortization": 975000,
    "ebitda": 72547000,
    "ebitdaratio": 0.2757214471,
    "operatingIncome": 71572000,
    "operatingIncomeRatio": 0.2720158713,
    "totalOtherIncomeExpensesNet": 0,
    "incomeBeforeTax": 71572000,
    "incomeBeforeTaxRatio": 0.2720158713,
    "incomeTaxExpense": 23746000,
    "netIncome": 47826000,
    "netIncomeRatio": 0.1817670466,
    "eps": 0.67,
    "epsdiluted": 0.67,
    "weightedAverageShsOut": 71144000,
    "weightedAverageShsOutDil": 71144000,
    "link": "https://www.sec.gov/Archives/edgar/data/922621/000095012802000524/0000950128-02-000524-index.htm",
    "finalLink": "https://www.sec.gov/Archives/edgar/data/922621/000095012802000524/j9488301e10vq.htm"
  },
  {
    "date": "2002-03-31",
    "symbol": "ERIE",
    "reportedCurrency": "USD",
    "cik": "0000922621",
    "fillingDate": "2002-04-22",
    "acceptedDate": "2002-04-22 00:00:00",
    "calendarYear": "2002",
    "period": "Q1",
    "revenue": 236737000,
    "costOfRevenue": 0,
    "grossProfit": 236737000,
    "grossProfitRatio": 1,
    "researchAndDevelopmentExpenses": 0,
    "generalAndAdministrativeExpenses": 0,
    "sellingAndMarketingExpenses": 0,
    "sellingGeneralAndAdministrativeExpenses": 0,
    "otherExpenses": 236737000,
    "operatingExpenses": 236737000,
    "costAndExpenses": 170771000,
    "interestIncome": 0,
    "interestExpense": 0,
    "depreciationAndAmortization": 7440000,
    "ebitda": 0,
    "ebitdaratio": 0,
    "operatingIncome": 65966000,
    "operatingIncomeRatio": 0.2786467684,
    "totalOtherIncomeExpensesNet": 0,
    "incomeBeforeTax": 65966000,
    "incomeBeforeTaxRatio": 0.2786467684,
    "incomeTaxExpense": 21764000,
    "netIncome": 44202000,
    "netIncomeRatio": 0.186713526,
    "eps": 0.62,
    "epsdiluted": 0.62,
    "weightedAverageShsOut": 71184000,
    "weightedAverageShsOutDil": 71184000,
    "link": "https://www.sec.gov/Archives/edgar/data/922621/000095012802000360/0000950128-02-000360-index.htm",
    "finalLink": "https://www.sec.gov/Archives/edgar/data/922621/000095012802000360/j9393701e10-q.htm"
  },
  {
    "date": "2001-12-31",
    "symbol": "ERIE",
    "reportedCurrency": "USD",
    "cik": "0000922621",
    "fillingDate": "2002-03-12",
    "acceptedDate": "2002-03-12 00:00:00",
    "calendarYear": "2001",
    "period": "Q4",
    "revenue": 181736000,
    "costOfRevenue": 0,
    "grossProfit": 181736000,
    "grossProfitRatio": 1,
    "researchAndDevelopmentExpenses": 0,
    "generalAndAdministrativeExpenses": 0,
    "sellingAndMarketingExpenses": 0,
    "sellingGeneralAndAdministrativeExpenses": 0,
    "otherExpenses": 181736000,
    "operatingExpenses": 181736000,
    "costAndExpenses": 172216000,
    "interestIncome": 0,
    "interestExpense": 0,
    "depreciationAndAmortization": -2306000,
    "ebitda": -2350000,
    "ebitdaratio": -0.0129308447,
    "operatingIncome": 0,
    "operatingIncomeRatio": 0,
    "totalOtherIncomeExpensesNet": 9520000,
    "incomeBeforeTax": 9520000,
    "incomeBeforeTaxRatio": 0.0523836774,
    "incomeTaxExpense": 3604000,
    "netIncome": 5916000,
    "netIncomeRatio": 0.0325527138,
    "eps": 0.0829,
    "epsdiluted": 0.0829,
    "weightedAverageShsOut": 71229158,
    "weightedAverageShsOutDil": 71346000,
    "link": "https://www.sec.gov/Archives/edgar/data/922621/000092262102000003/0000922621-02-000003-index.htm",
    "finalLink": "https://www.sec.gov/Archives/edgar/data/922621/000092262102000003/form10k.txt"
  },
  {
    "date": "2001-09-30",
    "symbol": "ERIE",
    "reportedCurrency": "USD",
    "cik": "0000922621",
    "fillingDate": "2001-10-24",
    "acceptedDate": "2001-10-24 00:00:00",
    "calendarYear": "2001",
    "period": "Q3",
    "revenue": 216059000,
    "costOfRevenue": 0,
    "grossProfit": 216059000,
    "grossProfitRatio": 1,
    "researchAndDevelopmentExpenses": 0,
    "generalAndAdministrativeExpenses": 0,
    "sellingAndMarketingExpenses": 0,
    "sellingGeneralAndAdministrativeExpenses": 0,
    "otherExpenses": 216059000,
    "operatingExpenses": 216059000,
    "costAndExpenses": 216059000,
    "interestIncome": 0,
    "interestExpense": 0,
    "depreciationAndAmortization": 773000,
    "ebitda": 0,
    "ebitdaratio": 0,
    "operatingIncome": 0,
    "operatingIncomeRatio": 0,
    "totalOtherIncomeExpensesNet": 51449000,
    "incomeBeforeTax": 51449000,
    "incomeBeforeTaxRatio": 0.2381247715,
    "incomeTaxExpense": 17019000,
    "netIncome": 34430000,
    "netIncomeRatio": 0.1593546207,
    "eps": 0.48,
    "epsdiluted": 0.48,
    "weightedAverageShsOut": 71345939,
    "weightedAverageShsOutDil": 71345939,
    "link": "https://www.sec.gov/Archives/edgar/data/922621/000092262101500003/0000922621-01-500003-index.htm",
    "finalLink": "https://www.sec.gov/Archives/edgar/data/922621/000092262101500003/a10q0901.txt"
  },
  {
    "date": "2001-06-30",
    "symbol": "ERIE",
    "reportedCurrency": "USD",
    "cik": "0000922621",
    "fillingDate": "2001-07-19",
    "acceptedDate": "2001-07-19 00:00:00",
    "calendarYear": "2001",
    "period": "Q2",
    "revenue": 222961000,
    "costOfRevenue": 0,
    "grossProfit": 222961000,
    "grossProfitRatio": 1,
    "researchAndDevelopmentExpenses": 0,
    "generalAndAdministrativeExpenses": 0,
    "sellingAndMarketingExpenses": 0,
    "sellingGeneralAndAdministrativeExpenses": 0,
    "otherExpenses": 222961000,
    "operatingExpenses": 222961000,
    "costAndExpenses": 222961000,
    "interestIncome": 0,
    "interestExpense": 0,
    "depreciationAndAmortization": 786000,
    "ebitda": 0,
    "ebitdaratio": 0,
    "operatingIncome": 0,
    "operatingIncomeRatio": 0,
    "totalOtherIncomeExpensesNet": 70049000,
    "incomeBeforeTax": 70049000,
    "incomeBeforeTaxRatio": 0.3141760218,
    "incomeTaxExpense": 22920000,
    "netIncome": 47129000,
    "netIncomeRatio": 0.2113777746,
    "eps": 0.66,
    "epsdiluted": 0.66,
    "weightedAverageShsOut": 71388000,
    "weightedAverageShsOutDil": 71388000,
    "link": "https://www.sec.gov/Archives/edgar/data/922621/000092262101500002/0000922621-01-500002-index.htm",
    "finalLink": "https://www.sec.gov/Archives/edgar/data/922621/000092262101500002/a10q0601.txt"
  },
  {
    "date": "2001-03-31",
    "symbol": "ERIE",
    "reportedCurrency": "USD",
    "cik": "0000922621",
    "fillingDate": "2001-04-20",
    "acceptedDate": "2001-04-20 00:00:00",
    "calendarYear": "2001",
    "period": "Q1",
    "revenue": 197110000,
    "costOfRevenue": 0,
    "grossProfit": 197110000,
    "grossProfitRatio": 1,
    "researchAndDevelopmentExpenses": 0,
    "generalAndAdministrativeExpenses": 0,
    "sellingAndMarketingExpenses": 0,
    "sellingGeneralAndAdministrativeExpenses": 0,
    "otherExpenses": 197110000,
    "operatingExpenses": 197110000,
    "costAndExpenses": 197110000,
    "interestIncome": 0,
    "interestExpense": 0,
    "depreciationAndAmortization": 747000,
    "ebitda": 0,
    "ebitdaratio": 0,
    "operatingIncome": 0,
    "operatingIncomeRatio": 0,
    "totalOtherIncomeExpensesNet": 51858000,
    "incomeBeforeTax": 51858000,
    "incomeBeforeTaxRatio": 0.2630916747,
    "incomeTaxExpense": 17073000,
    "netIncome": 34785000,
    "netIncomeRatio": 0.1764750647,
    "eps": 0.49,
    "epsdiluted": 0.49,
    "weightedAverageShsOut": 71416000,
    "weightedAverageShsOutDil": 71416000,
    "link": "https://www.sec.gov/Archives/edgar/data/922621/000092262101000005/0000922621-01-000005-index.htm",
    "finalLink": "https://www.sec.gov/Archives/edgar/data/922621/000092262101000005/0000922621-01-000005-0001.txt"
  },
  {
    "date": "2000-12-31",
    "symbol": "ERIE",
    "reportedCurrency": "USD",
    "cik": "0000922621",
    "fillingDate": "2001-03-23",
    "acceptedDate": "2001-03-23 00:00:00",
    "calendarYear": "2000",
    "period": "Q4",
    "revenue": 181872000,
    "costOfRevenue": 0,
    "grossProfit": 181872000,
    "grossProfitRatio": 1,
    "researchAndDevelopmentExpenses": 0,
    "generalAndAdministrativeExpenses": 0,
    "sellingAndMarketingExpenses": 0,
    "sellingGeneralAndAdministrativeExpenses": 0,
    "otherExpenses": 181872000,
    "operatingExpenses": 181872000,
    "costAndExpenses": 181872000,
    "interestIncome": 0,
    "interestExpense": 0,
    "depreciationAndAmortization": 738000,
    "ebitda": 48707000,
    "ebitdaratio": 0.2678092285,
    "operatingIncome": 47969000,
    "operatingIncomeRatio": 0.2637514296,
    "totalOtherIncomeExpensesNet": 0,
    "incomeBeforeTax": 47969000,
    "incomeBeforeTaxRatio": 0.2637514296,
    "incomeTaxExpense": 15472000,
    "netIncome": 32497000,
    "netIncomeRatio": 0.1786806105,
    "eps": 0.45,
    "epsdiluted": 0.45,
    "weightedAverageShsOut": 71540000,
    "weightedAverageShsOutDil": 71871000,
    "link": "https://www.sec.gov/Archives/edgar/data/922621/000092262101000002/0000922621-01-000002-index.htm",
    "finalLink": "https://www.sec.gov/Archives/edgar/data/922621/000092262101000002/0000922621-01-000002-0001.txt"
  },
  {
    "date": "2000-09-30",
    "symbol": "ERIE",
    "reportedCurrency": "USD",
    "cik": "0000922621",
    "fillingDate": "2000-10-20",
    "acceptedDate": "2000-10-20 00:00:00",
    "calendarYear": "2000",
    "period": "Q3",
    "revenue": 199426000,
    "costOfRevenue": 0,
    "grossProfit": 199426000,
    "grossProfitRatio": 1,
    "researchAndDevelopmentExpenses": 0,
    "generalAndAdministrativeExpenses": 0,
    "sellingAndMarketingExpenses": 0,
    "sellingGeneralAndAdministrativeExpenses": 0,
    "otherExpenses": 199426000,
    "operatingExpenses": 199426000,
    "costAndExpenses": 199426000,
    "interestIncome": 0,
    "interestExpense": 0,
    "depreciationAndAmortization": 727000,
    "ebitda": 0,
    "ebitdaratio": 0,
    "operatingIncome": 0,
    "operatingIncomeRatio": 0,
    "totalOtherIncomeExpensesNet": 60661000,
    "incomeBeforeTax": 60661000,
    "incomeBeforeTaxRatio": 0.3041779908,
    "incomeTaxExpense": 19469000,
    "netIncome": 41192000,
    "netIncomeRatio": 0.2065528066,
    "eps": 0.57,
    "epsdiluted": 0.57,
    "weightedAverageShsOut": 71871000,
    "weightedAverageShsOutDil": 71871000,
    "link": "https://www.sec.gov/Archives/edgar/data/922621/000092262100000004/0000922621-00-000004-index.htm",
    "finalLink": "https://www.sec.gov/Archives/edgar/data/922621/000092262100000004/0000922621-00-000004-0001.txt"
  },
  {
    "date": "2000-06-30",
    "symbol": "ERIE",
    "reportedCurrency": "USD",
    "cik": "0000922621",
    "fillingDate": "2000-07-19",
    "acceptedDate": "2000-07-19 00:00:00",
    "calendarYear": "2000",
    "period": "Q2",
    "revenue": 202173000,
    "costOfRevenue": 0,
    "grossProfit": 202173000,
    "grossProfitRatio": 1,
    "researchAndDevelopmentExpenses": 0,
    "generalAndAdministrativeExpenses": 0,
    "sellingAndMarketingExpenses": 0,
    "sellingGeneralAndAdministrativeExpenses": 0,
    "otherExpenses": 200749000,
    "operatingExpenses": 200749000,
    "costAndExpenses": 200749000,
    "interestIncome": 0,
    "interestExpense": 0,
    "depreciationAndAmortization": 701000,
    "ebitda": 0,
    "ebitdaratio": 0,
    "operatingIncome": 0,
    "operatingIncomeRatio": 0,
    "totalOtherIncomeExpensesNet": 62378000,
    "incomeBeforeTax": 62378000,
    "incomeBeforeTaxRatio": 0.3085377375,
    "incomeTaxExpense": 19860000,
    "netIncome": 42518000,
    "netIncomeRatio": 0.2103050358,
    "eps": 0.59,
    "epsdiluted": 0.59,
    "weightedAverageShsOut": 72107000,
    "weightedAverageShsOutDil": 72107000,
    "link": "https://www.sec.gov/Archives/edgar/data/922621/000092262100000003/0000922621-00-000003-index.htm",
    "finalLink": "https://www.sec.gov/Archives/edgar/data/922621/000092262100000003/0000922621-00-000003-0001.txt"
  },
  {
    "date": "2000-03-31",
    "symbol": "ERIE",
    "reportedCurrency": "USD",
    "cik": "0000922621",
    "fillingDate": "2000-04-19",
    "acceptedDate": "2000-04-19 00:00:00",
    "calendarYear": "2000",
    "period": "Q1",
    "revenue": 182331000,
    "costOfRevenue": 0,
    "grossProfit": 182331000,
    "grossProfitRatio": 1,
    "researchAndDevelopmentExpenses": 0,
    "generalAndAdministrativeExpenses": 0,
    "sellingAndMarketingExpenses": 0,
    "sellingGeneralAndAdministrativeExpenses": 0,
    "otherExpenses": 181339000,
    "operatingExpenses": 181339000,
    "costAndExpenses": 181339000,
    "interestIncome": 0,
    "interestExpense": 0,
    "depreciationAndAmortization": 579000,
    "ebitda": 0,
    "ebitdaratio": 0,
    "operatingIncome": 0,
    "operatingIncomeRatio": 0,
    "totalOtherIncomeExpensesNet": 52930000,
    "incomeBeforeTax": 52930000,
    "incomeBeforeTaxRatio": 0.2902962195,
    "incomeTaxExpense": 16745000,
    "netIncome": 36185000,
    "netIncomeRatio": 0.1984577499,
    "eps": 0.5,
    "epsdiluted": 0.5,
    "weightedAverageShsOut": 72300000,
    "weightedAverageShsOutDil": 72300000,
    "link": "https://www.sec.gov/Archives/edgar/data/922621/000092262100000002/0000922621-00-000002-index.html",
    "finalLink": "https://www.sec.gov/Archives/edgar/data/922621/000092262100000002/"
  },
  {
    "date": "1999-12-31",
    "symbol": "ERIE",
    "reportedCurrency": "USD",
    "cik": "0000922621",
    "fillingDate": "2000-03-23",
    "acceptedDate": "2000-03-23 00:00:00",
    "calendarYear": "1999",
    "period": "Q4",
    "revenue": 163738000,
    "costOfRevenue": 0,
    "grossProfit": 163738000,
    "grossProfitRatio": 1,
    "researchAndDevelopmentExpenses": 0,
    "generalAndAdministrativeExpenses": 0,
    "sellingAndMarketingExpenses": 0,
    "sellingGeneralAndAdministrativeExpenses": 0,
    "otherExpenses": 163738000,
    "operatingExpenses": 163738000,
    "costAndExpenses": 163738000,
    "interestIncome": 0,
    "interestExpense": 0,
    "depreciationAndAmortization": -16434000,
    "ebitda": 0,
    "ebitdaratio": 0,
    "operatingIncome": 0,
    "operatingIncomeRatio": 0,
    "totalOtherIncomeExpensesNet": 208755000,
    "incomeBeforeTax": 208755000,
    "incomeBeforeTaxRatio": 1.2749331249,
    "incomeTaxExpense": 13449000,
    "netIncome": 32006000,
    "netIncomeRatio": 0.1954708131,
    "eps": 0.43,
    "epsdiluted": 0.43,
    "weightedAverageShsOut": 72605000,
    "weightedAverageShsOutDil": 73846154,
    "link": "https://www.sec.gov/Archives/edgar/data/922621/000092262100000001/0000922621-00-000001-index.html",
    "finalLink": "https://www.sec.gov/Archives/edgar/data/922621/000092262100000001/"
  },
  {
    "date": "1999-09-30",
    "symbol": "ERIE",
    "reportedCurrency": "USD",
    "cik": "0000922621",
    "fillingDate": "1999-10-27",
    "acceptedDate": "1999-10-27 00:00:00",
    "calendarYear": "1999",
    "period": "Q3",
    "revenue": 185800000,
    "costOfRevenue": 0,
    "grossProfit": 185800000,
    "grossProfitRatio": 1,
    "researchAndDevelopmentExpenses": 0,
    "generalAndAdministrativeExpenses": 0,
    "sellingAndMarketingExpenses": 0,
    "sellingGeneralAndAdministrativeExpenses": 0,
    "otherExpenses": 183874000,
    "operatingExpenses": 183874000,
    "costAndExpenses": 183874000,
    "interestIncome": 0,
    "interestExpense": 0,
    "depreciationAndAmortization": 340000,
    "ebitda": 0,
    "ebitdaratio": 0,
    "operatingIncome": 0,
    "operatingIncomeRatio": 0,
    "totalOtherIncomeExpensesNet": 56816000,
    "incomeBeforeTax": 56816000,
    "incomeBeforeTaxRatio": 0.3057911733,
    "incomeTaxExpense": 18400000,
    "netIncome": 38425000,
    "netIncomeRatio": 0.2068083961,
    "eps": 0.52,
    "epsdiluted": 0.52,
    "weightedAverageShsOut": 73322000,
    "weightedAverageShsOutDil": 74081633,
    "link": "https://www.sec.gov/Archives/edgar/data/922621/000092262199000008/0000922621-99-000008-index.html",
    "finalLink": "https://www.sec.gov/Archives/edgar/data/922621/000092262199000008/"
  },
  {
    "date": "1999-06-30",
    "symbol": "ERIE",
    "reportedCurrency": "USD",
    "cik": "0000922621",
    "fillingDate": "1999-08-16",
    "acceptedDate": "1999-08-16 00:00:00",
    "calendarYear": "1999",
    "period": "Q2",
    "revenue": 187200000,
    "costOfRevenue": 0,
    "grossProfit": 187200000,
    "grossProfitRatio": 1,
    "researchAndDevelopmentExpenses": 0,
    "generalAndAdministrativeExpenses": 0,
    "sellingAndMarketingExpenses": 0,
    "sellingGeneralAndAdministrativeExpenses": 0,
    "otherExpenses": 185630000,
    "operatingExpenses": 185630000,
    "costAndExpenses": 185630000,
    "interestIncome": 0,
    "interestExpense": 0,
    "depreciationAndAmortization": 497000,
    "ebitda": 0,
    "ebitdaratio": 0,
    "operatingIncome": 0,
    "operatingIncomeRatio": 0,
    "totalOtherIncomeExpensesNet": 57877000,
    "incomeBeforeTax": 57877000,
    "incomeBeforeTaxRatio": 0.3091720085,
    "incomeTaxExpense": 18700000,
    "netIncome": 39225000,
    "netIncomeRatio": 0.2095352564,
    "eps": 0.53,
    "epsdiluted": 0.53,
    "weightedAverageShsOut": 73678000,
    "weightedAverageShsOutDil": 74222222,
    "link": "https://www.sec.gov/Archives/edgar/data/922621/000092262199000005/0000922621-99-000005-index.html",
    "finalLink": "https://www.sec.gov/Archives/edgar/data/922621/000092262199000005/"
  },
  {
    "date": "1999-03-31",
    "symbol": "ERIE",
    "reportedCurrency": "USD",
    "cik": "0000922621",
    "fillingDate": "1999-05-14",
    "acceptedDate": "1999-05-14 00:00:00",
    "calendarYear": "1999",
    "period": "Q1",
    "revenue": 169300000,
    "costOfRevenue": 0,
    "grossProfit": 169300000,
    "grossProfitRatio": 1,
    "researchAndDevelopmentExpenses": 0,
    "generalAndAdministrativeExpenses": 0,
    "sellingAndMarketingExpenses": 0,
    "sellingGeneralAndAdministrativeExpenses": 0,
    "otherExpenses": 167885000,
    "operatingExpenses": 167885000,
    "costAndExpenses": 167885000,
    "interestIncome": 0,
    "interestExpense": 0,
    "depreciationAndAmortization": 524000,
    "ebitda": 0,
    "ebitdaratio": 0,
    "operatingIncome": 0,
    "operatingIncomeRatio": 0,
    "totalOtherIncomeExpensesNet": 48530000,
    "incomeBeforeTax": 48530000,
    "incomeBeforeTaxRatio": 0.2866509155,
    "incomeTaxExpense": 15122000,
    "netIncome": 33408000,
    "netIncomeRatio": 0.1973301831,
    "eps": 0.45,
    "epsdiluted": 0.45,
    "weightedAverageShsOut": 74353000,
    "weightedAverageShsOutDil": 74353000,
    "link": "https://www.sec.gov/Archives/edgar/data/922621/000092262199000004/0000922621-99-000004-index.html",
    "finalLink": "https://www.sec.gov/Archives/edgar/data/922621/"
  },
  {
    "date": "1998-12-31",
    "symbol": "ERIE",
    "reportedCurrency": "USD",
    "cik": "0000922621",
    "fillingDate": "1999-03-30",
    "acceptedDate": "1999-03-30 00:00:00",
    "calendarYear": "1998",
    "period": "Q4",
    "revenue": 154975945,
    "costOfRevenue": 0,
    "grossProfit": 154975945,
    "grossProfitRatio": 1,
    "researchAndDevelopmentExpenses": 0,
    "generalAndAdministrativeExpenses": 0,
    "sellingAndMarketingExpenses": 0,
    "sellingGeneralAndAdministrativeExpenses": 0,
    "otherExpenses": 154975945,
    "operatingExpenses": 154975945,
    "costAndExpenses": 154975945,
    "interestIncome": 0,
    "interestExpense": 0,
    "depreciationAndAmortization": 600816,
    "ebitda": 0,
    "ebitdaratio": 0,
    "operatingIncome": 0,
    "operatingIncomeRatio": 0,
    "totalOtherIncomeExpensesNet": 196357457,
    "incomeBeforeTax": 196357457,
    "incomeBeforeTaxRatio": 1.2670189364,
    "incomeTaxExpense": 14105963,
    "netIncome": 31651494,
    "netIncomeRatio": 0.204234883,
    "eps": 0.43,
    "epsdiluted": 0.43,
    "weightedAverageShsOut": 73904348,
    "weightedAverageShsOutDil": 74375000,
    "link": "https://www.sec.gov/Archives/edgar/data/922621/000092262199000002/0000922621-99-000002-index.html",
    "finalLink": "https://www.sec.gov/Archives/edgar/data/922621/0000922621-99-000002.txt"
  },
  {
    "date": "1998-09-30",
    "symbol": "ERIE",
    "reportedCurrency": "USD",
    "cik": "0000922621",
    "fillingDate": "1998-11-13",
    "acceptedDate": "1998-11-13 00:00:00",
    "calendarYear": "1998",
    "period": "Q3",
    "revenue": 173600000,
    "costOfRevenue": 0,
    "grossProfit": 173600000,
    "grossProfitRatio": 1,
    "researchAndDevelopmentExpenses": 0,
    "generalAndAdministrativeExpenses": 0,
    "sellingAndMarketingExpenses": 0,
    "sellingGeneralAndAdministrativeExpenses": 0,
    "otherExpenses": 173600000,
    "operatingExpenses": 173600000,
    "costAndExpenses": 173600000,
    "interestIncome": 0,
    "interestExpense": 0,
    "depreciationAndAmortization": 16300000,
    "ebitda": 0,
    "ebitdaratio": 0,
    "operatingIncome": 51800000,
    "operatingIncomeRatio": 0.2983870968,
    "totalOtherIncomeExpensesNet": 0,
    "incomeBeforeTax": 51800000,
    "incomeBeforeTaxRatio": 0.2983870968,
    "incomeTaxExpense": 16100000,
    "netIncome": 35700000,
    "netIncomeRatio": 0.2056451613,
    "eps": 0.48,
    "epsdiluted": 0.48,
    "weightedAverageShsOut": 74375000,
    "weightedAverageShsOutDil": 74375000,
    "link": "https://www.sec.gov/Archives/edgar/data/922621/000092262198000005/0000922621-98-000005-index.html",
    "finalLink": "https://www.sec.gov/Archives/edgar/data/922621/"
  },
  {
    "date": "1998-06-30",
    "symbol": "ERIE",
    "reportedCurrency": "USD",
    "cik": "0000922621",
    "fillingDate": "1998-08-11",
    "acceptedDate": "1998-08-11 00:00:00",
    "calendarYear": "1998",
    "period": "Q2",
    "revenue": 175200000,
    "costOfRevenue": 0,
    "grossProfit": 175200000,
    "grossProfitRatio": 1,
    "researchAndDevelopmentExpenses": 0,
    "generalAndAdministrativeExpenses": 0,
    "sellingAndMarketingExpenses": 0,
    "sellingGeneralAndAdministrativeExpenses": 0,
    "otherExpenses": 175200000,
    "operatingExpenses": 175200000,
    "costAndExpenses": 175200000,
    "interestIncome": 0,
    "interestExpense": 0,
    "depreciationAndAmortization": -4600000,
    "ebitda": 0,
    "ebitdaratio": 0,
    "operatingIncome": 52200000,
    "operatingIncomeRatio": 0.2979452055,
    "totalOtherIncomeExpensesNet": 0,
    "incomeBeforeTax": 52200000,
    "incomeBeforeTaxRatio": 0.2979452055,
    "incomeTaxExpense": 16800000,
    "netIncome": 35400000,
    "netIncomeRatio": 0.2020547945,
    "eps": 0.48,
    "epsdiluted": 0.48,
    "weightedAverageShsOut": 73750000,
    "weightedAverageShsOutDil": 73750000,
    "link": "https://www.sec.gov/Archives/edgar/data/922621/000092262198000004/0000922621-98-000004-index.html",
    "finalLink": "https://www.sec.gov/Archives/edgar/data/922621/"
  },
  {
    "date": "1998-03-31",
    "symbol": "ERIE",
    "reportedCurrency": "USD",
    "cik": "0000922621",
    "fillingDate": "1998-05-14",
    "acceptedDate": "1998-05-14 00:00:00",
    "calendarYear": "1998",
    "period": "Q1",
    "revenue": 159500000,
    "costOfRevenue": 0,
    "grossProfit": 159500000,
    "grossProfitRatio": 1,
    "researchAndDevelopmentExpenses": 0,
    "generalAndAdministrativeExpenses": 0,
    "sellingAndMarketingExpenses": 0,
    "sellingGeneralAndAdministrativeExpenses": 0,
    "otherExpenses": 159500000,
    "operatingExpenses": 159500000,
    "costAndExpenses": 159500000,
    "interestIncome": 0,
    "interestExpense": 0,
    "depreciationAndAmortization": 5600000,
    "ebitda": 0,
    "ebitdaratio": 0,
    "operatingIncome": 46500000,
    "operatingIncomeRatio": 0.2915360502,
    "totalOtherIncomeExpensesNet": 0,
    "incomeBeforeTax": 46500000,
    "incomeBeforeTaxRatio": 0.2915360502,
    "incomeTaxExpense": 14800000,
    "netIncome": 31700000,
    "netIncomeRatio": 0.1987460815,
    "eps": 0.43,
    "epsdiluted": 0.43,
    "weightedAverageShsOut": 73720930,
    "weightedAverageShsOutDil": 73720930,
    "link": "https://www.sec.gov/Archives/edgar/data/922621/000092262198000003/0000922621-98-000003-index.html",
    "finalLink": "https://www.sec.gov/Archives/edgar/data/922621/"
  },
  {
    "date": "1997-12-31",
    "symbol": "ERIE",
    "reportedCurrency": "USD",
    "cik": "0000922621",
    "fillingDate": "1998-03-26",
    "acceptedDate": "1998-03-26 00:00:00",
    "calendarYear": "1997",
    "period": "Q4",
    "revenue": 112056808,
    "costOfRevenue": 0,
    "grossProfit": 112056808,
    "grossProfitRatio": 1,
    "researchAndDevelopmentExpenses": 0,
    "generalAndAdministrativeExpenses": 0,
    "sellingAndMarketingExpenses": 0,
    "sellingGeneralAndAdministrativeExpenses": 0,
    "otherExpenses": 112056808,
    "operatingExpenses": 112056808,
    "costAndExpenses": 112056808,
    "interestIncome": 0,
    "interestExpense": 0,
    "depreciationAndAmortization": 588660,
    "ebitda": 0,
    "ebitdaratio": 0,
    "operatingIncome": 0,
    "operatingIncomeRatio": 0,
    "totalOtherIncomeExpensesNet": 174919624,
    "incomeBeforeTax": 174919624,
    "incomeBeforeTaxRatio": 1.5609906004,
    "incomeTaxExpense": 13038434,
    "netIncome": 27781190,
    "netIncomeRatio": 0.2479205904,
    "eps": 0.37,
    "epsdiluted": 0.37,
    "weightedAverageShsOut": 74651163,
    "weightedAverageShsOutDil": 74651163,
    "link": "https://www.sec.gov/Archives/edgar/data/922621/000092262198000001/0000922621-98-000001-index.html",
    "finalLink": "https://www.sec.gov/Archives/edgar/data/922621/"
  },
  {
    "date": "1997-09-30",
    "symbol": "ERIE",
    "reportedCurrency": "USD",
    "cik": "0000922621",
    "fillingDate": "1997-11-12",
    "acceptedDate": "1997-11-12 00:00:00",
    "calendarYear": "1997",
    "period": "Q3",
    "revenue": 164000000,
    "costOfRevenue": 0,
    "grossProfit": 164000000,
    "grossProfitRatio": 1,
    "researchAndDevelopmentExpenses": 0,
    "generalAndAdministrativeExpenses": 0,
    "sellingAndMarketingExpenses": 0,
    "sellingGeneralAndAdministrativeExpenses": 0,
    "otherExpenses": 163900000,
    "operatingExpenses": 163900000,
    "costAndExpenses": 163900000,
    "interestIncome": 0,
    "interestExpense": 0,
    "depreciationAndAmortization": 500000,
    "ebitda": 0,
    "ebitdaratio": 0,
    "operatingIncome": 48000000,
    "operatingIncomeRatio": 0.2926829268,
    "totalOtherIncomeExpensesNet": 0,
    "incomeBeforeTax": 48000000,
    "incomeBeforeTaxRatio": 0.2926829268,
    "incomeTaxExpense": 15900000,
    "netIncome": 32100000,
    "netIncomeRatio": 0.1957317073,
    "eps": 0.43,
    "epsdiluted": 0.43,
    "weightedAverageShsOut": 74651163,
    "weightedAverageShsOutDil": 74651163,
    "link": "https://www.sec.gov/Archives/edgar/data/922621/000092262197000004/0000922621-97-000004-index.html",
    "finalLink": "https://www.sec.gov/Archives/edgar/data/922621/"
  },
  {
    "date": "1997-06-30",
    "symbol": "ERIE",
    "reportedCurrency": "USD",
    "cik": "0000922621",
    "fillingDate": "1997-08-06",
    "acceptedDate": "1997-08-06 00:00:00",
    "calendarYear": "1997",
    "period": "Q2",
    "revenue": 162500000,
    "costOfRevenue": 0,
    "grossProfit": 162500000,
    "grossProfitRatio": 1,
    "researchAndDevelopmentExpenses": 0,
    "generalAndAdministrativeExpenses": 0,
    "sellingAndMarketingExpenses": 0,
    "sellingGeneralAndAdministrativeExpenses": 0,
    "otherExpenses": 162500000,
    "operatingExpenses": 162500000,
    "costAndExpenses": 162500000,
    "interestIncome": 0,
    "interestExpense": 0,
    "depreciationAndAmortization": 400000,
    "ebitda": 0,
    "ebitdaratio": 0,
    "operatingIncome": 44700000,
    "operatingIncomeRatio": 0.2750769231,
    "totalOtherIncomeExpensesNet": 0,
    "incomeBeforeTax": 44700000,
    "incomeBeforeTaxRatio": 0.2750769231,
    "incomeTaxExpense": 14300000,
    "netIncome": 30400000,
    "netIncomeRatio": 0.1870769231,
    "eps": 0.41,
    "epsdiluted": 0.41,
    "weightedAverageShsOut": 74146341,
    "weightedAverageShsOutDil": 74146341,
    "link": "https://www.sec.gov/Archives/edgar/data/922621/000092262197000003/0000922621-97-000003-index.html",
    "finalLink": "https://www.sec.gov/Archives/edgar/data/922621/"
  },
  {
    "date": "1997-03-31",
    "symbol": "ERIE",
    "reportedCurrency": "USD",
    "cik": "0000922621",
    "fillingDate": "1997-05-13",
    "acceptedDate": "1997-05-13 00:00:00",
    "calendarYear": "1997",
    "period": "Q1",
    "revenue": 150700000,
    "costOfRevenue": 0,
    "grossProfit": 150700000,
    "grossProfitRatio": 1,
    "researchAndDevelopmentExpenses": 0,
    "generalAndAdministrativeExpenses": 0,
    "sellingAndMarketingExpenses": 0,
    "sellingGeneralAndAdministrativeExpenses": 0,
    "otherExpenses": 150700000,
    "operatingExpenses": 150700000,
    "costAndExpenses": 150700000,
    "interestIncome": 0,
    "interestExpense": 0,
    "depreciationAndAmortization": 400000,
    "ebitda": 0,
    "ebitdaratio": 0,
    "operatingIncome": 41300000,
    "operatingIncomeRatio": 0.2740544127,
    "totalOtherIncomeExpensesNet": 0,
    "incomeBeforeTax": 41300000,
    "incomeBeforeTaxRatio": 0.2740544127,
    "incomeTaxExpense": 13100000,
    "netIncome": 28200000,
    "netIncomeRatio": 0.1871267419,
    "eps": 0.38,
    "epsdiluted": 0.38,
    "weightedAverageShsOut": 74210526,
    "weightedAverageShsOutDil": 74210526,
    "link": "https://www.sec.gov/Archives/edgar/data/922621/000092262197000002/0000922621-97-000002-index.html",
    "finalLink": "https://www.sec.gov/Archives/edgar/data/922621/"
  },
  {
    "date": "1996-12-31",
    "symbol": "ERIE",
    "reportedCurrency": "USD",
    "cik": "0000922621",
    "fillingDate": "1997-03-21",
    "acceptedDate": "1997-03-21 00:00:00",
    "calendarYear": "1996",
    "period": "Q4",
    "revenue": 111585056,
    "costOfRevenue": 0,
    "grossProfit": 111585056,
    "grossProfitRatio": 1,
    "researchAndDevelopmentExpenses": 0,
    "generalAndAdministrativeExpenses": 0,
    "sellingAndMarketingExpenses": 0,
    "sellingGeneralAndAdministrativeExpenses": 0,
    "otherExpenses": 111585056,
    "operatingExpenses": 111585056,
    "costAndExpenses": 111585056,
    "interestIncome": 0,
    "interestExpense": 0,
    "depreciationAndAmortization": 728376,
    "ebitda": 0,
    "ebitdaratio": 0,
    "operatingIncome": 0,
    "operatingIncomeRatio": 0,
    "totalOtherIncomeExpensesNet": 152047791,
    "incomeBeforeTax": 152047791,
    "incomeBeforeTaxRatio": 1.362617867,
    "incomeTaxExpense": 11615432,
    "netIncome": 25932359,
    "netIncomeRatio": 0.2323999282,
    "eps": 0.35,
    "epsdiluted": 0.35,
    "weightedAverageShsOut": 74871795,
    "weightedAverageShsOutDil": 74871795,
    "link": "https://www.sec.gov/Archives/edgar/data/922621/000092262197000001/0000922621-97-000001-index.html",
    "finalLink": "https://www.sec.gov/Archives/edgar/data/922621/"
  },
  {
    "date": "1996-09-30",
    "symbol": "ERIE",
    "reportedCurrency": "USD",
    "cik": "0000922621",
    "fillingDate": "1996-11-12",
    "acceptedDate": "1996-11-12 00:00:00",
    "calendarYear": "1996",
    "period": "Q3",
    "revenue": 152800000,
    "costOfRevenue": 0,
    "grossProfit": 152800000,
    "grossProfitRatio": 1,
    "researchAndDevelopmentExpenses": 0,
    "generalAndAdministrativeExpenses": 0,
    "sellingAndMarketingExpenses": 0,
    "sellingGeneralAndAdministrativeExpenses": 0,
    "otherExpenses": 152800000,
    "operatingExpenses": 152800000,
    "costAndExpenses": 152800000,
    "interestIncome": 0,
    "interestExpense": 0,
    "depreciationAndAmortization": 200000,
    "ebitda": 0,
    "ebitdaratio": 0,
    "operatingIncome": 42800000,
    "operatingIncomeRatio": 0.280104712,
    "totalOtherIncomeExpensesNet": 0,
    "incomeBeforeTax": 42800000,
    "incomeBeforeTaxRatio": 0.280104712,
    "incomeTaxExpense": 13600000,
    "netIncome": 29200000,
    "netIncomeRatio": 0.1910994764,
    "eps": 0.39,
    "epsdiluted": 0.39,
    "weightedAverageShsOut": 74871795,
    "weightedAverageShsOutDil": 74871795,
    "link": "https://www.sec.gov/Archives/edgar/data/922621/000092262196000006/0000922621-96-000006-index.html",
    "finalLink": "https://www.sec.gov/Archives/edgar/data/922621/"
  },
  {
    "date": "1996-06-30",
    "symbol": "ERIE",
    "reportedCurrency": "USD",
    "cik": "0000922621",
    "fillingDate": "1996-08-08",
    "acceptedDate": "1996-08-08 00:00:00",
    "calendarYear": "1996",
    "period": "Q2",
    "revenue": 151400000,
    "costOfRevenue": 0,
    "grossProfit": 151400000,
    "grossProfitRatio": 1,
    "researchAndDevelopmentExpenses": 0,
    "generalAndAdministrativeExpenses": 0,
    "sellingAndMarketingExpenses": 0,
    "sellingGeneralAndAdministrativeExpenses": 0,
    "otherExpenses": 151400000,
    "operatingExpenses": 151400000,
    "costAndExpenses": 151400000,
    "interestIncome": 0,
    "interestExpense": 0,
    "depreciationAndAmortization": 300000,
    "ebitda": 0,
    "ebitdaratio": 0,
    "operatingIncome": 39700000,
    "operatingIncomeRatio": 0.2622192867,
    "totalOtherIncomeExpensesNet": 0,
    "incomeBeforeTax": 39700000,
    "incomeBeforeTaxRatio": 0.2622192867,
    "incomeTaxExpense": 13200000,
    "netIncome": 26500000,
    "netIncomeRatio": 0.1750330251,
    "eps": 0.36,
    "epsdiluted": 0.36,
    "weightedAverageShsOut": 73611111,
    "weightedAverageShsOutDil": 73611111,
    "link": "https://www.sec.gov/Archives/edgar/data/922621/000092262196000004/0000922621-96-000004-index.html",
    "finalLink": "https://www.sec.gov/Archives/edgar/data/922621/"
  },
  {
    "date": "1996-03-31",
    "symbol": "ERIE",
    "reportedCurrency": "USD",
    "cik": "0000922621",
    "fillingDate": "1996-05-09",
    "acceptedDate": "1996-05-09 00:00:00",
    "calendarYear": "1996",
    "period": "Q1",
    "revenue": 141500000,
    "costOfRevenue": 0,
    "grossProfit": 141500000,
    "grossProfitRatio": 1,
    "researchAndDevelopmentExpenses": 0,
    "generalAndAdministrativeExpenses": 0,
    "sellingAndMarketingExpenses": 0,
    "sellingGeneralAndAdministrativeExpenses": 0,
    "otherExpenses": 141500000,
    "operatingExpenses": 141500000,
    "costAndExpenses": 141500000,
    "interestIncome": 0,
    "interestExpense": 0,
    "depreciationAndAmortization": 200000,
    "ebitda": 0,
    "ebitdaratio": 0,
    "operatingIncome": 31900000,
    "operatingIncomeRatio": 0.2254416961,
    "totalOtherIncomeExpensesNet": 0,
    "incomeBeforeTax": 31900000,
    "incomeBeforeTaxRatio": 0.2254416961,
    "incomeTaxExpense": 8400000,
    "netIncome": 23500000,
    "netIncomeRatio": 0.1660777385,
    "eps": 0.11,
    "epsdiluted": 0.11,
    "weightedAverageShsOut": 74997000,
    "weightedAverageShsOutDil": 74997000,
    "link": "https://www.sec.gov/Archives/edgar/data/922621/000092262196000002/0000922621-96-000002-index.html",
    "finalLink": "https://www.sec.gov/Archives/edgar/data/922621/"
  },
  {
    "date": "1995-12-31",
    "symbol": "ERIE",
    "reportedCurrency": "USD",
    "cik": "0000922621",
    "fillingDate": "1995-12-31",
    "acceptedDate": "1995-12-31 00:00:00",
    "calendarYear": "1995",
    "period": "Q4",
    "revenue": 200900000,
    "costOfRevenue": 0,
    "grossProfit": 200900000,
    "grossProfitRatio": 1,
    "researchAndDevelopmentExpenses": 0,
    "generalAndAdministrativeExpenses": 0,
    "sellingAndMarketingExpenses": 0,
    "sellingGeneralAndAdministrativeExpenses": -368700000,
    "otherExpenses": 200900000,
    "operatingExpenses": -167800000,
    "costAndExpenses": 200900000,
    "interestIncome": 0,
    "interestExpense": 0,
    "depreciationAndAmortization": 100000,
    "ebitda": 0,
    "ebitdaratio": 0,
    "operatingIncome": 33100000,
    "operatingIncomeRatio": 0.1647585864,
    "totalOtherIncomeExpensesNet": 0,
    "incomeBeforeTax": 33100000,
    "incomeBeforeTaxRatio": 0.1647585864,
    "incomeTaxExpense": 10000000,
    "netIncome": 23100000,
    "netIncomeRatio": 0.1149825784,
    "eps": 0.31,
    "epsdiluted": 0.31,
    "weightedAverageShsOut": 73783784,
    "weightedAverageShsOutDil": 73783784,
    "link": null,
    "finalLink": null
  },
  {
    "date": "1995-09-30",
    "symbol": "ERIE",
    "reportedCurrency": "USD",
    "cik": "0000922621",
    "fillingDate": "1995-09-30",
    "acceptedDate": "1995-09-30 00:00:00",
    "calendarYear": "1995",
    "period": "Q3",
    "revenue": 120800000,
    "costOfRevenue": 0,
    "grossProfit": 120800000,
    "grossProfitRatio": 1,
    "researchAndDevelopmentExpenses": 0,
    "generalAndAdministrativeExpenses": 0,
    "sellingAndMarketingExpenses": 0,
    "sellingGeneralAndAdministrativeExpenses": -201100000,
    "otherExpenses": 120800000,
    "operatingExpenses": -80300000,
    "costAndExpenses": 120800000,
    "interestIncome": 0,
    "interestExpense": 0,
    "depreciationAndAmortization": 400000,
    "ebitda": 0,
    "ebitdaratio": 0,
    "operatingIncome": 40500000,
    "operatingIncomeRatio": 0.3352649007,
    "totalOtherIncomeExpensesNet": 0,
    "incomeBeforeTax": 40500000,
    "incomeBeforeTaxRatio": 0.3352649007,
    "incomeTaxExpense": 13200000,
    "netIncome": 27300000,
    "netIncomeRatio": 0.2259933775,
    "eps": 0.12,
    "epsdiluted": 0.12,
    "weightedAverageShsOut": 75075000,
    "weightedAverageShsOutDil": 75075000,
    "link": null,
    "finalLink": null
  }
]