[
  {
    "date": "2025-06-30",
    "symbol": "ESS",
    "reportedCurrency": "USD",
    "cik": "0000920522",
    "fillingDate": "2025-07-30",
    "acceptedDate": "2025-07-30 16:04:15",
    "calendarYear": "2025",
    "period": "Q2",
    "revenue": 469833000,
    "costOfRevenue": 147417000,
    "grossProfit": 322416000,
    "grossProfitRatio": 0.6862353219,
    "researchAndDevelopmentExpenses": 0,
    "generalAndAdministrativeExpenses": 17157000,
    "sellingAndMarketingExpenses": 0,
    "sellingGeneralAndAdministrativeExpenses": 17157000,
    "otherExpenses": 25559000,
    "operatingExpenses": 42716000,
    "costAndExpenses": 190133000,
    "interestIncome": 6808000,
    "interestExpense": 65262000,
    "depreciationAndAmortization": 151501000,
    "ebitda": 448289000,
    "ebitdaratio": 0.9541454091,
    "operatingIncome": 279700000,
    "operatingIncomeRatio": 0.5953179108,
    "totalOtherIncomeExpensesNet": -48174000,
    "incomeBeforeTax": 231526000,
    "incomeBeforeTaxRatio": 0.4927836061,
    "incomeTaxExpense": 0,
    "netIncome": 221362000,
    "netIncomeRatio": 0.4711503875,
    "eps": 3.44,
    "epsdiluted": 3.44,
    "weightedAverageShsOut": 64385988,
    "weightedAverageShsOutDil": 64385988,
    "link": "https://www.sec.gov/Archives/edgar/data/920522/000092052225000078/0000920522-25-000078-index.htm",
    "finalLink": "https://www.sec.gov/Archives/edgar/data/920522/000092052225000078/ess-20250630.htm"
  },
  {
    "date": "2025-03-31",
    "symbol": "ESS",
    "reportedCurrency": "USD",
    "cik": "0000920522",
    "fillingDate": "2025-04-30",
    "acceptedDate": "2025-04-30 16:19:14",
    "calendarYear": "2025",
    "period": "Q1",
    "revenue": 464583000,
    "costOfRevenue": 64763000,
    "grossProfit": 399820000,
    "grossProfitRatio": 0.8605997206,
    "researchAndDevelopmentExpenses": 0,
    "generalAndAdministrativeExpenses": 16292000,
    "sellingAndMarketingExpenses": 0,
    "sellingGeneralAndAdministrativeExpenses": 16292000,
    "otherExpenses": 126447000,
    "operatingExpenses": 142739000,
    "costAndExpenses": 207502000,
    "interestIncome": 4289000,
    "interestExpense": 62732000,
    "depreciationAndAmortization": 151287000,
    "ebitda": 512824000,
    "ebitdaratio": 1.1038372045,
    "operatingIncome": 257081000,
    "operatingIncomeRatio": 0.5533586033,
    "totalOtherIncomeExpensesNet": 41724000,
    "incomeBeforeTax": 298805000,
    "incomeBeforeTaxRatio": 0.6431681745,
    "incomeTaxExpense": 0,
    "netIncome": 203110000,
    "netIncomeRatio": 0.4371877576,
    "eps": 3.16,
    "epsdiluted": 3.16,
    "weightedAverageShsOut": 64315000,
    "weightedAverageShsOutDil": 64315000,
    "link": "https://www.sec.gov/Archives/edgar/data/920522/000092052225000040/0000920522-25-000040-index.htm",
    "finalLink": "https://www.sec.gov/Archives/edgar/data/920522/000092052225000040/ess-20250331.htm"
  },
  {
    "date": "2024-12-31",
    "symbol": "ESS",
    "reportedCurrency": "USD",
    "cik": "0000920522",
    "fillingDate": "2025-02-21",
    "acceptedDate": "2025-02-21 16:51:05",
    "calendarYear": "2024",
    "period": "Q4",
    "revenue": 454469000,
    "costOfRevenue": 388822000,
    "grossProfit": 65647000,
    "grossProfitRatio": 0.1444476961,
    "researchAndDevelopmentExpenses": 0,
    "generalAndAdministrativeExpenses": 31528000,
    "sellingAndMarketingExpenses": 0,
    "sellingGeneralAndAdministrativeExpenses": 31528000,
    "otherExpenses": -270377000,
    "operatingExpenses": -238849000,
    "costAndExpenses": 149973000,
    "interestIncome": 2659000,
    "interestExpense": 61244000,
    "depreciationAndAmortization": 148435000,
    "ebitda": 268409000,
    "ebitdaratio": 0.5905991388,
    "operatingIncome": 304496000,
    "operatingIncomeRatio": 0.6700038947,
    "totalOtherIncomeExpensesNet": -245766000,
    "incomeBeforeTax": 58730000,
    "incomeBeforeTaxRatio": 0.1292277361,
    "incomeTaxExpense": 0,
    "netIncome": 257453000,
    "netIncomeRatio": 0.5664918839,
    "eps": 4.01,
    "epsdiluted": 4.01,
    "weightedAverageShsOut": 64228000,
    "weightedAverageShsOutDil": 64251000,
    "link": "https://www.sec.gov/Archives/edgar/data/920522/000092052225000024/0000920522-25-000024-index.htm",
    "finalLink": "https://www.sec.gov/Archives/edgar/data/920522/000092052225000024/ess-20241231.htm"
  },
  {
    "date": "2024-09-30",
    "symbol": "ESS",
    "reportedCurrency": "USD",
    "cik": "0000920522",
    "fillingDate": "2024-10-30",
    "acceptedDate": "2024-10-30 16:25:59",
    "calendarYear": "2024",
    "period": "Q3",
    "revenue": 450698000,
    "costOfRevenue": 60665000,
    "grossProfit": 390033000,
    "grossProfitRatio": 0.8653976721,
    "researchAndDevelopmentExpenses": 0,
    "generalAndAdministrativeExpenses": 29067000,
    "sellingAndMarketingExpenses": 0,
    "sellingGeneralAndAdministrativeExpenses": 29067000,
    "otherExpenses": 232176000,
    "operatingExpenses": 261243000,
    "costAndExpenses": 321908000,
    "interestIncome": 11449000,
    "interestExpense": 59232000,
    "depreciationAndAmortization": 146439000,
    "ebitda": 416454000,
    "ebitdaratio": 0.9240200755,
    "operatingIncome": 128790000,
    "operatingIncomeRatio": 0.2857567595,
    "totalOtherIncomeExpensesNet": 81993000,
    "incomeBeforeTax": 210783000,
    "incomeBeforeTaxRatio": 0.4676812411,
    "incomeTaxExpense": 0,
    "netIncome": 118424000,
    "netIncomeRatio": 0.2627568793,
    "eps": 1.84,
    "epsdiluted": 1.84,
    "weightedAverageShsOut": 64228000,
    "weightedAverageShsOutDil": 64271000,
    "link": "https://www.sec.gov/Archives/edgar/data/920522/000092052224000092/0000920522-24-000092-index.htm",
    "finalLink": "https://www.sec.gov/Archives/edgar/data/920522/000092052224000092/ess-20240930.htm"
  },
  {
    "date": "2024-06-30",
    "symbol": "ESS",
    "reportedCurrency": "USD",
    "cik": "0000920522",
    "fillingDate": "2024-07-31",
    "acceptedDate": "2024-07-31 16:27:37",
    "calendarYear": "2024",
    "period": "Q2",
    "revenue": 442355000,
    "costOfRevenue": 137349000,
    "grossProfit": 305006000,
    "grossProfitRatio": 0.6895050355,
    "researchAndDevelopmentExpenses": 0,
    "generalAndAdministrativeExpenses": 21136000,
    "sellingAndMarketingExpenses": 0,
    "sellingGeneralAndAdministrativeExpenses": 21136000,
    "otherExpenses": 146420000,
    "operatingExpenses": 167556000,
    "costAndExpenses": 304905000,
    "interestIncome": 9568000,
    "interestExpense": 59120000,
    "depreciationAndAmortization": 145613000,
    "ebitda": 303719000,
    "ebitdaratio": 0.6865956076,
    "operatingIncome": 137450000,
    "operatingIncomeRatio": 0.3107232879,
    "totalOtherIncomeExpensesNet": -38464000,
    "incomeBeforeTax": 98986000,
    "incomeBeforeTaxRatio": 0.2237705011,
    "incomeTaxExpense": 0,
    "netIncome": 92914000,
    "netIncomeRatio": 0.2100439692,
    "eps": 1.45,
    "epsdiluted": 1.45,
    "weightedAverageShsOut": 64209878,
    "weightedAverageShsOutDil": 64227650,
    "link": "https://www.sec.gov/Archives/edgar/data/920522/000092052224000075/0000920522-24-000075-index.htm",
    "finalLink": "https://www.sec.gov/Archives/edgar/data/920522/000092052224000075/ess-20240630.htm"
  },
  {
    "date": "2024-03-31",
    "symbol": "ESS",
    "reportedCurrency": "USD",
    "cik": "0000920522",
    "fillingDate": "2024-05-01",
    "acceptedDate": "2024-05-01 16:46:09",
    "calendarYear": "2024",
    "period": "Q1",
    "revenue": 426928000,
    "costOfRevenue": 58651000,
    "grossProfit": 368277000,
    "grossProfitRatio": 0.8626208635,
    "researchAndDevelopmentExpenses": 0,
    "generalAndAdministrativeExpenses": 17171000,
    "sellingAndMarketingExpenses": 0,
    "sellingGeneralAndAdministrativeExpenses": 17171000,
    "otherExpenses": 218747000,
    "operatingExpenses": 235918000,
    "costAndExpenses": 294569000,
    "interestIncome": 57275000,
    "interestExpense": 55933000,
    "depreciationAndAmortization": 139733000,
    "ebitda": 559752000,
    "ebitdaratio": 1.3111156916,
    "operatingIncome": 132359000,
    "operatingIncomeRatio": 0.310026515,
    "totalOtherIncomeExpensesNet": 231727000,
    "incomeBeforeTax": 364086000,
    "incomeBeforeTaxRatio": 0.8528042199,
    "incomeTaxExpense": 0,
    "netIncome": 272731000,
    "netIncomeRatio": 0.6388220028,
    "eps": 4.25,
    "epsdiluted": 4.25,
    "weightedAverageShsOut": 64205085,
    "weightedAverageShsOutDil": 64212006,
    "link": "https://www.sec.gov/Archives/edgar/data/920522/000092052224000045/0000920522-24-000045-index.htm",
    "finalLink": "https://www.sec.gov/Archives/edgar/data/920522/000092052224000045/ess-20240331.htm"
  },
  {
    "date": "2023-12-31",
    "symbol": "ESS",
    "reportedCurrency": "USD",
    "cik": "0000920522",
    "fillingDate": "2024-02-23",
    "acceptedDate": "2024-02-23 16:05:20",
    "calendarYear": "2023",
    "period": "Q4",
    "revenue": 421748000,
    "costOfRevenue": 58505000,
    "grossProfit": 363243000,
    "grossProfitRatio": 0.8612797215,
    "researchAndDevelopmentExpenses": 0,
    "generalAndAdministrativeExpenses": 19739000,
    "sellingAndMarketingExpenses": 0,
    "sellingGeneralAndAdministrativeExpenses": 19739000,
    "otherExpenses": 213163000,
    "operatingExpenses": 232902000,
    "costAndExpenses": 291407000,
    "interestIncome": 17204000,
    "interestExpense": 55099000,
    "depreciationAndAmortization": 138016000,
    "ebitda": 338391000,
    "ebitdaratio": 0.8023535381,
    "operatingIncome": 130341000,
    "operatingIncomeRatio": 0.3090494798,
    "totalOtherIncomeExpensesNet": 14935000,
    "incomeBeforeTax": 145276000,
    "incomeBeforeTaxRatio": 0.3444616216,
    "incomeTaxExpense": 0,
    "netIncome": 65391000,
    "netIncomeRatio": 0.1550475639,
    "eps": 1.02,
    "epsdiluted": 1.02,
    "weightedAverageShsOut": 64187383,
    "weightedAverageShsOutDil": 64188581,
    "link": "https://www.sec.gov/Archives/edgar/data/920522/000092052224000033/0000920522-24-000033-index.htm",
    "finalLink": "https://www.sec.gov/Archives/edgar/data/920522/000092052224000033/ess-20231231.htm"
  },
  {
    "date": "2023-09-30",
    "symbol": "ESS",
    "reportedCurrency": "USD",
    "cik": "0000920522",
    "fillingDate": "2023-10-27",
    "acceptedDate": "2023-10-27 16:10:14",
    "calendarYear": "2023",
    "period": "Q3",
    "revenue": 419183000,
    "costOfRevenue": 58380000,
    "grossProfit": 360803000,
    "grossProfitRatio": 0.8607290849,
    "researchAndDevelopmentExpenses": 0,
    "generalAndAdministrativeExpenses": 14611000,
    "sellingAndMarketingExpenses": 0,
    "sellingGeneralAndAdministrativeExpenses": 14611000,
    "otherExpenses": 214408000,
    "operatingExpenses": 229019000,
    "costAndExpenses": 287399000,
    "interestIncome": 4406000,
    "interestExpense": 54161000,
    "depreciationAndAmortization": 137357000,
    "ebitda": 361547000,
    "ebitdaratio": 0.862503966,
    "operatingIncome": 131784000,
    "operatingIncomeRatio": 0.3143829783,
    "totalOtherIncomeExpensesNet": 38245000,
    "incomeBeforeTax": 170029000,
    "incomeBeforeTaxRatio": 0.4056199798,
    "incomeTaxExpense": 0,
    "netIncome": 87282000,
    "netIncomeRatio": 0.2082193219,
    "eps": 1.36,
    "epsdiluted": 1.36,
    "weightedAverageShsOut": 64184180,
    "weightedAverageShsOutDil": 64186020,
    "link": "https://www.sec.gov/Archives/edgar/data/920522/000092052223000042/0000920522-23-000042-index.htm",
    "finalLink": "https://www.sec.gov/Archives/edgar/data/920522/000092052223000042/ess-20230930.htm"
  },
  {
    "date": "2023-06-30",
    "symbol": "ESS",
    "reportedCurrency": "USD",
    "cik": "0000920522",
    "fillingDate": "2023-07-28",
    "acceptedDate": "2023-07-28 16:13:15",
    "calendarYear": "2023",
    "period": "Q2",
    "revenue": 416043000,
    "costOfRevenue": 130675000,
    "grossProfit": 285368000,
    "grossProfitRatio": 0.6859098699,
    "researchAndDevelopmentExpenses": 0,
    "generalAndAdministrativeExpenses": 0,
    "sellingAndMarketingExpenses": 0,
    "sellingGeneralAndAdministrativeExpenses": 13813000,
    "otherExpenses": 136723000,
    "operatingExpenses": 150536000,
    "costAndExpenses": 281211000,
    "interestIncome": 12199000,
    "interestExpense": 52600000,
    "depreciationAndAmortization": 136718000,
    "ebitda": 295074000,
    "ebitdaratio": 0.7092391892,
    "operatingIncome": 134832000,
    "operatingIncomeRatio": 0.3240818858,
    "totalOtherIncomeExpensesNet": -29076000,
    "incomeBeforeTax": 105756000,
    "incomeBeforeTaxRatio": 0.2541948789,
    "incomeTaxExpense": 0,
    "netIncome": 99620000,
    "netIncomeRatio": 0.2394464034,
    "eps": 1.55,
    "epsdiluted": 1.55,
    "weightedAverageShsOut": 64182554,
    "weightedAverageShsOutDil": 64183674,
    "link": "https://www.sec.gov/Archives/edgar/data/920522/000092052223000037/0000920522-23-000037-index.htm",
    "finalLink": "https://www.sec.gov/Archives/edgar/data/920522/000092052223000037/ess-20230630.htm"
  },
  {
    "date": "2023-03-31",
    "symbol": "ESS",
    "reportedCurrency": "USD",
    "cik": "0000920522",
    "fillingDate": "2023-04-28",
    "acceptedDate": "2023-04-28 16:42:56",
    "calendarYear": "2023",
    "period": "Q1",
    "revenue": 412421000,
    "costOfRevenue": 57962000,
    "grossProfit": 354459000,
    "grossProfitRatio": 0.8594591449,
    "researchAndDevelopmentExpenses": 0,
    "generalAndAdministrativeExpenses": 0,
    "sellingAndMarketingExpenses": 0,
    "sellingGeneralAndAdministrativeExpenses": 15311000,
    "otherExpenses": 151763000,
    "operatingExpenses": 167074000,
    "costAndExpenses": 225036000,
    "interestIncome": 12450000,
    "interestExpense": 51045000,
    "depreciationAndAmortization": 136347000,
    "ebitda": 422868000,
    "ebitdaratio": 1.0253309119,
    "operatingIncome": 187385000,
    "operatingIncomeRatio": 0.4543536823,
    "totalOtherIncomeExpensesNet": 48091000,
    "incomeBeforeTax": 235476000,
    "incomeBeforeTaxRatio": 0.5709602566,
    "incomeTaxExpense": 0,
    "netIncome": 153532000,
    "netIncomeRatio": 0.3722700832,
    "eps": 2.38,
    "epsdiluted": 2.38,
    "weightedAverageShsOut": 64458535,
    "weightedAverageShsOutDil": 64459689,
    "link": "https://www.sec.gov/Archives/edgar/data/920522/000092052223000011/0000920522-23-000011-index.htm",
    "finalLink": "https://www.sec.gov/Archives/edgar/data/920522/000092052223000011/ess-20230331.htm"
  },
  {
    "date": "2022-12-31",
    "symbol": "ESS",
    "reportedCurrency": "USD",
    "cik": "0000920522",
    "fillingDate": "2023-02-23",
    "acceptedDate": "2023-02-23 16:23:20",
    "calendarYear": "2022",
    "period": "Q4",
    "revenue": 415183000,
    "costOfRevenue": 56496000,
    "grossProfit": 358687000,
    "grossProfitRatio": 0.8639250644,
    "researchAndDevelopmentExpenses": 0,
    "generalAndAdministrativeExpenses": 16036000,
    "sellingAndMarketingExpenses": 0,
    "sellingGeneralAndAdministrativeExpenses": 16036000,
    "otherExpenses": 114508000,
    "operatingExpenses": 130544000,
    "costAndExpenses": 187040000,
    "interestIncome": 0,
    "interestExpense": 39768000,
    "depreciationAndAmortization": 135758000,
    "ebitda": 438655000,
    "ebitdaratio": 1.0565341066,
    "operatingIncome": 228143000,
    "operatingIncomeRatio": 0.5494998591,
    "totalOtherIncomeExpensesNet": 34986000,
    "incomeBeforeTax": 263129000,
    "incomeBeforeTaxRatio": 0.6337663151,
    "incomeTaxExpense": -2373000,
    "netIncome": 185165000,
    "netIncomeRatio": 0.44598406,
    "eps": 2.86,
    "epsdiluted": 2.86,
    "weightedAverageShsOut": 64727333,
    "weightedAverageShsOutDil": 64731222,
    "link": "https://www.sec.gov/Archives/edgar/data/920522/000092052223000005/0000920522-23-000005-index.htm",
    "finalLink": "https://www.sec.gov/Archives/edgar/data/920522/000092052223000005/ess-20221231.htm"
  },
  {
    "date": "2022-09-30",
    "symbol": "ESS",
    "reportedCurrency": "USD",
    "cik": "0000920522",
    "fillingDate": "2022-10-27",
    "acceptedDate": "2022-10-27 17:12:16",
    "calendarYear": "2022",
    "period": "Q3",
    "revenue": 409748000,
    "costOfRevenue": 56777000,
    "grossProfit": 352971000,
    "grossProfitRatio": 0.861434345,
    "researchAndDevelopmentExpenses": 0,
    "generalAndAdministrativeExpenses": 15172000,
    "sellingAndMarketingExpenses": 0,
    "sellingGeneralAndAdministrativeExpenses": 15172000,
    "otherExpenses": 209191000,
    "operatingExpenses": 224363000,
    "costAndExpenses": 281140000,
    "interestIncome": 0,
    "interestExpense": 58441000,
    "depreciationAndAmortization": 135511000,
    "ebitda": 366102000,
    "ebitdaratio": 0.8934808712,
    "operatingIncome": 128608000,
    "operatingIncomeRatio": 0.3138709646,
    "totalOtherIncomeExpensesNet": 43542000,
    "incomeBeforeTax": 172150000,
    "incomeBeforeTaxRatio": 0.4201362789,
    "incomeTaxExpense": 0,
    "netIncome": 92842000,
    "netIncomeRatio": 0.2265831682,
    "eps": 1.43,
    "epsdiluted": 1.43,
    "weightedAverageShsOut": 65059678,
    "weightedAverageShsOutDil": 65067790,
    "link": "https://www.sec.gov/Archives/edgar/data/920522/000092052222000062/0000920522-22-000062-index.htm",
    "finalLink": "https://www.sec.gov/Archives/edgar/data/920522/000092052222000062/ess-20220930.htm"
  },
  {
    "date": "2022-06-30",
    "symbol": "ESS",
    "reportedCurrency": "USD",
    "cik": "0000920522",
    "fillingDate": "2022-07-27",
    "acceptedDate": "2022-07-27 16:40:21",
    "calendarYear": "2022",
    "period": "Q2",
    "revenue": 399978000,
    "costOfRevenue": 53935000,
    "grossProfit": 346043000,
    "grossProfitRatio": 0.8651550835,
    "researchAndDevelopmentExpenses": 0,
    "generalAndAdministrativeExpenses": 13127000,
    "sellingAndMarketingExpenses": 0,
    "sellingGeneralAndAdministrativeExpenses": 13127000,
    "otherExpenses": 204288000,
    "operatingExpenses": 217415000,
    "costAndExpenses": 271350000,
    "interestIncome": 0,
    "interestExpense": 67685000,
    "depreciationAndAmortization": 134517000,
    "ebitda": 326789000,
    "ebitdaratio": 0.817017436,
    "operatingIncome": 128628000,
    "operatingIncomeRatio": 0.3215876873,
    "totalOtherIncomeExpensesNet": -4041000,
    "incomeBeforeTax": 124587000,
    "incomeBeforeTaxRatio": 0.3114846317,
    "incomeTaxExpense": -6864000,
    "netIncome": 57054000,
    "netIncomeRatio": 0.1426428454,
    "eps": 0.87,
    "epsdiluted": 0.87,
    "weightedAverageShsOut": 65262517,
    "weightedAverageShsOutDil": 65289603,
    "link": "https://www.sec.gov/Archives/edgar/data/920522/000092052222000057/0000920522-22-000057-index.htm",
    "finalLink": "https://www.sec.gov/Archives/edgar/data/920522/000092052222000057/ess-20220630.htm"
  },
  {
    "date": "2022-03-31",
    "symbol": "ESS",
    "reportedCurrency": "USD",
    "cik": "0000920522",
    "fillingDate": "2022-04-27",
    "acceptedDate": "2022-04-27 16:26:15",
    "calendarYear": "2022",
    "period": "Q1",
    "revenue": 381905000,
    "costOfRevenue": 57414000,
    "grossProfit": 324491000,
    "grossProfitRatio": 0.8496641835,
    "researchAndDevelopmentExpenses": 0,
    "generalAndAdministrativeExpenses": 12242000,
    "sellingAndMarketingExpenses": 0,
    "sellingGeneralAndAdministrativeExpenses": 12242000,
    "otherExpenses": 202399000,
    "operatingExpenses": 214641000,
    "costAndExpenses": 272055000,
    "interestIncome": 0,
    "interestExpense": 57944000,
    "depreciationAndAmortization": 133533000,
    "ebitda": 335956000,
    "ebitdaratio": 0.8796847384,
    "operatingIncome": 109850000,
    "operatingIncomeRatio": 0.2876369778,
    "totalOtherIncomeExpensesNet": 34629000,
    "incomeBeforeTax": 144479000,
    "incomeBeforeTaxRatio": 0.3783113602,
    "incomeTaxExpense": -2754000,
    "netIncome": 73254000,
    "netIncomeRatio": 0.1918120999,
    "eps": 1.12,
    "epsdiluted": 1.12,
    "weightedAverageShsOut": 65275775,
    "weightedAverageShsOutDil": 65339378,
    "link": "https://www.sec.gov/Archives/edgar/data/920522/000092052222000030/0000920522-22-000030-index.htm",
    "finalLink": "https://www.sec.gov/Archives/edgar/data/920522/000092052222000030/ess-20220331.htm"
  },
  {
    "date": "2021-12-31",
    "symbol": "ESS",
    "reportedCurrency": "USD",
    "cik": "0000920522",
    "fillingDate": "2022-02-25",
    "acceptedDate": "2022-02-25 16:34:46",
    "calendarYear": "2021",
    "period": "Q4",
    "revenue": 371596000,
    "costOfRevenue": 54027000,
    "grossProfit": 317569000,
    "grossProfitRatio": 0.8546082304,
    "researchAndDevelopmentExpenses": 0,
    "generalAndAdministrativeExpenses": 17092000,
    "sellingAndMarketingExpenses": 0,
    "sellingGeneralAndAdministrativeExpenses": 17092000,
    "otherExpenses": 199215000,
    "operatingExpenses": 216307000,
    "costAndExpenses": 270334000,
    "interestIncome": 49988000,
    "interestExpense": 50486000,
    "depreciationAndAmortization": 132179000,
    "ebitda": 404064000,
    "ebitdaratio": 1.0873744604,
    "operatingIncome": 101262000,
    "operatingIncomeRatio": 0.2725056244,
    "totalOtherIncomeExpensesNet": 120137000,
    "incomeBeforeTax": 221399000,
    "incomeBeforeTaxRatio": 0.5958056599,
    "incomeTaxExpense": 10277000,
    "netIncome": 136874000,
    "netIncomeRatio": 0.3683408863,
    "eps": 2.1,
    "epsdiluted": 2.1,
    "weightedAverageShsOut": 65164191,
    "weightedAverageShsOutDil": 65331744,
    "link": "https://www.sec.gov/Archives/edgar/data/920522/000092052222000019/0000920522-22-000019-index.htm",
    "finalLink": "https://www.sec.gov/Archives/edgar/data/920522/000092052222000019/ess-20211231.htm"
  },
  {
    "date": "2021-09-30",
    "symbol": "ESS",
    "reportedCurrency": "USD",
    "cik": "0000920522",
    "fillingDate": "2021-10-27",
    "acceptedDate": "2021-10-27 17:05:39",
    "calendarYear": "2021",
    "period": "Q3",
    "revenue": 362857000,
    "costOfRevenue": 54862000,
    "grossProfit": 307995000,
    "grossProfitRatio": 0.8488054523,
    "researchAndDevelopmentExpenses": 0,
    "generalAndAdministrativeExpenses": 12712000,
    "sellingAndMarketingExpenses": 0,
    "sellingGeneralAndAdministrativeExpenses": 12712000,
    "otherExpenses": 157312000,
    "operatingExpenses": 170024000,
    "costAndExpenses": 224886000,
    "interestIncome": 11998000,
    "interestExpense": 50019000,
    "depreciationAndAmortization": 130564000,
    "ebitda": 378163000,
    "ebitdaratio": 1.0421819064,
    "operatingIncome": 137971000,
    "operatingIncomeRatio": 0.3802351891,
    "totalOtherIncomeExpensesNet": 59609000,
    "incomeBeforeTax": 197580000,
    "incomeBeforeTaxRatio": 0.5445120254,
    "incomeTaxExpense": 3041000,
    "netIncome": 118390000,
    "netIncomeRatio": 0.326271782,
    "eps": 1.82,
    "epsdiluted": 1.82,
    "weightedAverageShsOut": 65048486,
    "weightedAverageShsOutDil": 65147781,
    "link": "https://www.sec.gov/Archives/edgar/data/920522/000092052221000065/0000920522-21-000065-index.htm",
    "finalLink": "https://www.sec.gov/Archives/edgar/data/920522/000092052221000065/ess-20210930.htm"
  },
  {
    "date": "2021-06-30",
    "symbol": "ESS",
    "reportedCurrency": "USD",
    "cik": "0000920522",
    "fillingDate": "2021-07-30",
    "acceptedDate": "2021-07-30 16:42:44",
    "calendarYear": "2021",
    "period": "Q2",
    "revenue": 350978000,
    "costOfRevenue": 53340000,
    "grossProfit": 297638000,
    "grossProfitRatio": 0.8480246625,
    "researchAndDevelopmentExpenses": 0,
    "generalAndAdministrativeExpenses": 12222000,
    "sellingAndMarketingExpenses": 0,
    "sellingGeneralAndAdministrativeExpenses": 12222000,
    "otherExpenses": 192035000,
    "operatingExpenses": 204257000,
    "costAndExpenses": 257597000,
    "interestIncome": 22371000,
    "interestExpense": 50971000,
    "depreciationAndAmortization": 128736000,
    "ebitda": 314422000,
    "ebitdaratio": 0.8958453236,
    "operatingIncome": 93381000,
    "operatingIncomeRatio": 0.2660594111,
    "totalOtherIncomeExpensesNet": 41334000,
    "incomeBeforeTax": 134715000,
    "incomeBeforeTaxRatio": 0.3838274764,
    "incomeTaxExpense": 1842000,
    "netIncome": 64846000,
    "netIncomeRatio": 0.184758019,
    "eps": 1,
    "epsdiluted": 1,
    "weightedAverageShsOut": 65001677,
    "weightedAverageShsOutDil": 65080746,
    "link": "https://www.sec.gov/Archives/edgar/data/920522/000092052221000049/0000920522-21-000049-index.htm",
    "finalLink": "https://www.sec.gov/Archives/edgar/data/920522/000092052221000049/ess-20210630.htm"
  },
  {
    "date": "2021-03-31",
    "symbol": "ESS",
    "reportedCurrency": "USD",
    "cik": "0000920522",
    "fillingDate": "2021-04-28",
    "acceptedDate": "2021-04-28 16:33:58",
    "calendarYear": "2021",
    "period": "Q1",
    "revenue": 355125000,
    "costOfRevenue": 54341000,
    "grossProfit": 300784000,
    "grossProfitRatio": 0.8469806406,
    "researchAndDevelopmentExpenses": 0,
    "generalAndAdministrativeExpenses": 9812000,
    "sellingAndMarketingExpenses": 0,
    "sellingGeneralAndAdministrativeExpenses": 9812000,
    "otherExpenses": 93591000,
    "operatingExpenses": 103403000,
    "costAndExpenses": 157744000,
    "interestIncome": 14387000,
    "interestExpense": 51649000,
    "depreciationAndAmortization": 128587000,
    "ebitda": 422778000,
    "ebitdaratio": 1.1905047518,
    "operatingIncome": 197381000,
    "operatingIncomeRatio": 0.5558071102,
    "totalOtherIncomeExpensesNet": 45161000,
    "incomeBeforeTax": 242542000,
    "incomeBeforeTaxRatio": 0.6829764168,
    "incomeTaxExpense": 508000,
    "netIncome": 168444000,
    "netIncomeRatio": 0.4743231257,
    "eps": 2.59,
    "epsdiluted": 2.59,
    "weightedAverageShsOut": 64989620,
    "weightedAverageShsOutDil": 65114933,
    "link": "https://www.sec.gov/Archives/edgar/data/920522/000092052221000019/0000920522-21-000019-index.htm",
    "finalLink": "https://www.sec.gov/Archives/edgar/data/920522/000092052221000019/ess-20210331.htm"
  },
  {
    "date": "2020-12-31",
    "symbol": "ESS",
    "reportedCurrency": "USD",
    "cik": "0000920522",
    "fillingDate": "2021-02-19",
    "acceptedDate": "2021-02-19 16:24:21",
    "calendarYear": "2020",
    "period": "Q4",
    "revenue": 362073000,
    "costOfRevenue": 53196000,
    "grossProfit": 308877000,
    "grossProfitRatio": 0.8530793514,
    "researchAndDevelopmentExpenses": 0,
    "generalAndAdministrativeExpenses": 23144000,
    "sellingAndMarketingExpenses": 0,
    "sellingGeneralAndAdministrativeExpenses": 23144000,
    "otherExpenses": 173802000,
    "operatingExpenses": 196946000,
    "costAndExpenses": 250142000,
    "interestIncome": 28303000,
    "interestExpense": 55609000,
    "depreciationAndAmortization": 130127000,
    "ebitda": 353359000,
    "ebitdaratio": 0.9759330301,
    "operatingIncome": 111931000,
    "operatingIncomeRatio": 0.3091393172,
    "totalOtherIncomeExpensesNet": 55692000,
    "incomeBeforeTax": 167623000,
    "incomeBeforeTaxRatio": 0.4629536033,
    "incomeTaxExpense": -105000,
    "netIncome": 95745000,
    "netIncomeRatio": 0.2644356249,
    "eps": 1.47,
    "epsdiluted": 1.47,
    "weightedAverageShsOut": 65133112,
    "weightedAverageShsOutDil": 65145117,
    "link": "https://www.sec.gov/Archives/edgar/data/920522/000092052221000015/0000920522-21-000015-index.htm",
    "finalLink": "https://www.sec.gov/Archives/edgar/data/920522/000092052221000015/ess-20201231.htm"
  },
  {
    "date": "2020-09-30",
    "symbol": "ESS",
    "reportedCurrency": "USD",
    "cik": "0000920522",
    "fillingDate": "2020-10-30",
    "acceptedDate": "2020-10-30 16:12:18",
    "calendarYear": "2020",
    "period": "Q3",
    "revenue": 370811000,
    "costOfRevenue": 52977000,
    "grossProfit": 317834000,
    "grossProfitRatio": 0.85713207,
    "researchAndDevelopmentExpenses": 0,
    "generalAndAdministrativeExpenses": 13310000,
    "sellingAndMarketingExpenses": 0,
    "sellingGeneralAndAdministrativeExpenses": 13310000,
    "otherExpenses": 175587000,
    "operatingExpenses": 188897000,
    "costAndExpenses": 241874000,
    "interestIncome": 6512000,
    "interestExpense": 55430000,
    "depreciationAndAmortization": 130202000,
    "ebitda": 332511000,
    "ebitdaratio": 0.8967128807,
    "operatingIncome": 128937000,
    "operatingIncomeRatio": 0.347716222,
    "totalOtherIncomeExpensesNet": 17942000,
    "incomeBeforeTax": 146879000,
    "incomeBeforeTaxRatio": 0.3961020574,
    "incomeTaxExpense": 0,
    "netIncome": 73661000,
    "netIncomeRatio": 0.198648368,
    "eps": 1.13,
    "epsdiluted": 1.13,
    "weightedAverageShsOut": 65232837,
    "weightedAverageShsOutDil": 65241428,
    "link": "https://www.sec.gov/Archives/edgar/data/920522/000092052220000061/0000920522-20-000061-index.htm",
    "finalLink": "https://www.sec.gov/Archives/edgar/data/920522/000092052220000061/ess-20200930.htm"
  },
  {
    "date": "2020-06-30",
    "symbol": "ESS",
    "reportedCurrency": "USD",
    "cik": "0000920522",
    "fillingDate": "2020-08-05",
    "acceptedDate": "2020-08-05 16:34:20",
    "calendarYear": "2020",
    "period": "Q2",
    "revenue": 370497000,
    "costOfRevenue": 53640000,
    "grossProfit": 316857000,
    "grossProfitRatio": 0.8552214998,
    "researchAndDevelopmentExpenses": 0,
    "generalAndAdministrativeExpenses": 14952000,
    "sellingAndMarketingExpenses": 0,
    "sellingGeneralAndAdministrativeExpenses": 14952000,
    "otherExpenses": 182169000,
    "operatingExpenses": 197121000,
    "costAndExpenses": 250761000,
    "interestIncome": 11405000,
    "interestExpense": 54447000,
    "depreciationAndAmortization": 133609000,
    "ebitda": 344910000,
    "ebitdaratio": 0.9309387121,
    "operatingIncome": 119736000,
    "operatingIncomeRatio": 0.3231767059,
    "totalOtherIncomeExpensesNet": 37118000,
    "incomeBeforeTax": 156854000,
    "incomeBeforeTaxRatio": 0.4233610529,
    "incomeTaxExpense": 1636000,
    "netIncome": 84458000,
    "netIncomeRatio": 0.2279586609,
    "eps": 1.29,
    "epsdiluted": 1.29,
    "weightedAverageShsOut": 65412407,
    "weightedAverageShsOutDil": 65427935,
    "link": "https://www.sec.gov/Archives/edgar/data/920522/000092052220000055/0000920522-20-000055-index.htm",
    "finalLink": "https://www.sec.gov/Archives/edgar/data/920522/000092052220000055/ess-63020x10q.htm"
  },
  {
    "date": "2020-03-31",
    "symbol": "ESS",
    "reportedCurrency": "USD",
    "cik": "0000920522",
    "fillingDate": "2020-05-07",
    "acceptedDate": "2020-05-07 16:36:17",
    "calendarYear": "2020",
    "period": "Q1",
    "revenue": 392367000,
    "costOfRevenue": 51771000,
    "grossProfit": 340596000,
    "grossProfitRatio": 0.8680546529,
    "researchAndDevelopmentExpenses": 0,
    "generalAndAdministrativeExpenses": 13982000,
    "sellingAndMarketingExpenses": 0,
    "sellingGeneralAndAdministrativeExpenses": 13982000,
    "otherExpenses": 195777000,
    "operatingExpenses": 209759000,
    "costAndExpenses": 261530000,
    "interestIncome": 0,
    "interestExpense": 60368000,
    "depreciationAndAmortization": 131559000,
    "ebitda": 584823000,
    "ebitdaratio": 1.4904999656,
    "operatingIncome": 130837000,
    "operatingIncomeRatio": 0.3334556678,
    "totalOtherIncomeExpensesNet": 262059000,
    "incomeBeforeTax": 392896000,
    "incomeBeforeTaxRatio": 1.0013482276,
    "incomeTaxExpense": 0,
    "netIncome": 315006000,
    "netIncomeRatio": 0.8028351008,
    "eps": 4.77,
    "epsdiluted": 4.76,
    "weightedAverageShsOut": 66043831,
    "weightedAverageShsOutDil": 66195415,
    "link": "https://www.sec.gov/Archives/edgar/data/920522/000092052220000041/0000920522-20-000041-index.htm",
    "finalLink": "https://www.sec.gov/Archives/edgar/data/920522/000092052220000041/ess-33120x10q.htm"
  },
  {
    "date": "2019-12-31",
    "symbol": "ESS",
    "reportedCurrency": "USD",
    "cik": "0000920522",
    "fillingDate": "2020-02-20",
    "acceptedDate": "2020-02-20 16:07:45",
    "calendarYear": "2019",
    "period": "Q4",
    "revenue": 375365000,
    "costOfRevenue": 48456000,
    "grossProfit": 326909000,
    "grossProfitRatio": 0.8709096479,
    "researchAndDevelopmentExpenses": 0,
    "generalAndAdministrativeExpenses": 15531000,
    "sellingAndMarketingExpenses": 0,
    "sellingGeneralAndAdministrativeExpenses": 15531000,
    "otherExpenses": 194560000,
    "operatingExpenses": 210091000,
    "costAndExpenses": 258547000,
    "interestIncome": 17005000,
    "interestExpense": 54688000,
    "depreciationAndAmortization": 122908000,
    "ebitda": 374062000,
    "ebitdaratio": 0.9965287121,
    "operatingIncome": 116818000,
    "operatingIncomeRatio": 0.3112117539,
    "totalOtherIncomeExpensesNet": 79648000,
    "incomeBeforeTax": 196466000,
    "incomeBeforeTaxRatio": 0.5233998908,
    "incomeTaxExpense": 0,
    "netIncome": 128818000,
    "netIncomeRatio": 0.3431806375,
    "eps": 1.95,
    "epsdiluted": 1.95,
    "weightedAverageShsOut": 66085254,
    "weightedAverageShsOutDil": 66191395,
    "link": "https://www.sec.gov/Archives/edgar/data/1053059/000092052220000026/0000920522-20-000026-index.html",
    "finalLink": "https://www.sec.gov/Archives/edgar/data/920522/000092052220000026/ess-123119x10k.htm"
  },
  {
    "date": "2019-09-30",
    "symbol": "ESS",
    "reportedCurrency": "USD",
    "cik": "0000920522",
    "fillingDate": "2019-10-24",
    "acceptedDate": "2019-10-24 18:42:45",
    "calendarYear": "2019",
    "period": "Q3",
    "revenue": 366932000,
    "costOfRevenue": 47843000,
    "grossProfit": 319089000,
    "grossProfitRatio": 0.8696134434,
    "researchAndDevelopmentExpenses": 0,
    "generalAndAdministrativeExpenses": 11345000,
    "sellingAndMarketingExpenses": 0,
    "sellingGeneralAndAdministrativeExpenses": 11345000,
    "otherExpenses": 183705000,
    "operatingExpenses": 195050000,
    "costAndExpenses": 242893000,
    "interestIncome": 8685000,
    "interestExpense": 54896000,
    "depreciationAndAmortization": 120809000,
    "ebitda": 345745000,
    "ebitdaratio": 0.9422590562,
    "operatingIncome": 124039000,
    "operatingIncomeRatio": 0.3380435612,
    "totalOtherIncomeExpensesNet": 46001000,
    "incomeBeforeTax": 170040000,
    "incomeBeforeTaxRatio": 0.4634101141,
    "incomeTaxExpense": 1457000,
    "netIncome": 99335000,
    "netIncomeRatio": 0.2707177352,
    "eps": 1.51,
    "epsdiluted": 1.51,
    "weightedAverageShsOut": 65850524,
    "weightedAverageShsOutDil": 65973085,
    "link": "https://www.sec.gov/Archives/edgar/data/920522/000092052219000059/0000920522-19-000059-index.htm",
    "finalLink": "https://www.sec.gov/Archives/edgar/data/920522/000092052219000059/ess-93019x10q.htm"
  },
  {
    "date": "2019-06-30",
    "symbol": "ESS",
    "reportedCurrency": "USD",
    "cik": "0000920522",
    "fillingDate": "2019-07-25",
    "acceptedDate": "2019-07-25 16:23:50",
    "calendarYear": "2019",
    "period": "Q2",
    "revenue": 361635000,
    "costOfRevenue": 44754000,
    "grossProfit": 316881000,
    "grossProfitRatio": 0.8762453855,
    "researchAndDevelopmentExpenses": 0,
    "generalAndAdministrativeExpenses": 13927000,
    "sellingAndMarketingExpenses": 0,
    "sellingGeneralAndAdministrativeExpenses": 13927000,
    "otherExpenses": 178394000,
    "operatingExpenses": 192321000,
    "costAndExpenses": 237075000,
    "interestIncome": 8347000,
    "interestExpense": 54112000,
    "depreciationAndAmortization": 119465000,
    "ebitda": 330543000,
    "ebitdaratio": 0.9140238085,
    "operatingIncome": 124560000,
    "operatingIncomeRatio": 0.3444356879,
    "totalOtherIncomeExpensesNet": 32406000,
    "incomeBeforeTax": 156966000,
    "incomeBeforeTaxRatio": 0.4340453772,
    "incomeTaxExpense": 0,
    "netIncome": 92275000,
    "netIncomeRatio": 0.2551605901,
    "eps": 1.4,
    "epsdiluted": 1.4,
    "weightedAverageShsOut": 65718806,
    "weightedAverageShsOutDil": 65821815,
    "link": "https://www.sec.gov/Archives/edgar/data/920522/000092052219000041/0000920522-19-000041-index.htm",
    "finalLink": "https://www.sec.gov/Archives/edgar/data/920522/000092052219000041/ess-63019x10q.htm"
  },
  {
    "date": "2019-03-31",
    "symbol": "ESS",
    "reportedCurrency": "USD",
    "cik": "0000920522",
    "fillingDate": "2019-04-26",
    "acceptedDate": "2019-04-26 16:22:34",
    "calendarYear": "2019",
    "period": "Q1",
    "revenue": 356223000,
    "costOfRevenue": 47847000,
    "grossProfit": 308376000,
    "grossProfitRatio": 0.8656824517,
    "researchAndDevelopmentExpenses": 0,
    "generalAndAdministrativeExpenses": 13459000,
    "sellingAndMarketingExpenses": 0,
    "sellingGeneralAndAdministrativeExpenses": 13459000,
    "otherExpenses": 179222000,
    "operatingExpenses": 192681000,
    "costAndExpenses": 240528000,
    "interestIncome": 12261000,
    "interestExpense": 53643000,
    "depreciationAndAmortization": 120568000,
    "ebitda": 358338000,
    "ebitdaratio": 1.0059372921,
    "operatingIncome": 115695000,
    "operatingIncomeRatio": 0.3247825098,
    "totalOtherIncomeExpensesNet": 68432000,
    "incomeBeforeTax": 184127000,
    "incomeBeforeTaxRatio": 0.5168868939,
    "incomeTaxExpense": 0,
    "netIncome": 118858000,
    "netIncomeRatio": 0.3336617793,
    "eps": 1.81,
    "epsdiluted": 1.81,
    "weightedAverageShsOut": 65702788,
    "weightedAverageShsOutDil": 65783869,
    "link": "https://www.sec.gov/Archives/edgar/data/920522/000092052219000025/0000920522-19-000025-index.htm",
    "finalLink": "https://www.sec.gov/Archives/edgar/data/920522/000092052219000025/ess-33119x10q.htm"
  },
  {
    "date": "2018-12-31",
    "symbol": "ESS",
    "reportedCurrency": "USD",
    "cik": "0000920522",
    "fillingDate": "2019-02-21",
    "acceptedDate": "2019-02-21 16:21:22",
    "calendarYear": "2018",
    "period": "Q4",
    "revenue": 353158000,
    "costOfRevenue": 46896000,
    "grossProfit": 306262000,
    "grossProfitRatio": 0.8672095776,
    "researchAndDevelopmentExpenses": 0,
    "generalAndAdministrativeExpenses": 16912000,
    "sellingAndMarketingExpenses": 0,
    "sellingGeneralAndAdministrativeExpenses": 16912000,
    "otherExpenses": 179938000,
    "operatingExpenses": 196850000,
    "costAndExpenses": 243746000,
    "interestIncome": 1769000,
    "interestExpense": 54157000,
    "depreciationAndAmortization": 120597000,
    "ebitda": 358497000,
    "ebitdaratio": 1.0151178792,
    "operatingIncome": 109412000,
    "operatingIncomeRatio": 0.3098103398,
    "totalOtherIncomeExpensesNet": 74331000,
    "incomeBeforeTax": 183743000,
    "incomeBeforeTaxRatio": 0.5202855379,
    "incomeTaxExpense": 0,
    "netIncome": 117820000,
    "netIncomeRatio": 0.3336183804,
    "eps": 1.78,
    "epsdiluted": 1.78,
    "weightedAverageShsOut": 66020487,
    "weightedAverageShsOutDil": 66079796,
    "link": "https://www.sec.gov/Archives/edgar/data/920522/000092052219000009/0000920522-19-000009-index.htm",
    "finalLink": "https://www.sec.gov/Archives/edgar/data/920522/000092052219000009/ess-123118x10k.htm"
  },
  {
    "date": "2018-09-30",
    "symbol": "ESS",
    "reportedCurrency": "USD",
    "cik": "0000920522",
    "fillingDate": "2018-10-31",
    "acceptedDate": "2018-10-31 16:23:09",
    "calendarYear": "2018",
    "period": "Q3",
    "revenue": 350917000,
    "costOfRevenue": 46436000,
    "grossProfit": 304481000,
    "grossProfitRatio": 0.8676724126,
    "researchAndDevelopmentExpenses": 0,
    "generalAndAdministrativeExpenses": 10601000,
    "sellingAndMarketingExpenses": 0,
    "sellingGeneralAndAdministrativeExpenses": 10601000,
    "otherExpenses": 179983000,
    "operatingExpenses": 190584000,
    "costAndExpenses": 237020000,
    "interestIncome": 8437000,
    "interestExpense": 55196000,
    "depreciationAndAmortization": 120852000,
    "ebitda": 321258000,
    "ebitdaratio": 0.9154814386,
    "operatingIncome": 113897000,
    "operatingIncomeRatio": 0.3245696276,
    "totalOtherIncomeExpensesNet": 31313000,
    "incomeBeforeTax": 145210000,
    "incomeBeforeTaxRatio": 0.4138015542,
    "incomeTaxExpense": 0,
    "netIncome": 80975000,
    "netIncomeRatio": 0.2307525711,
    "eps": 1.23,
    "epsdiluted": 1.22,
    "weightedAverageShsOut": 66052108,
    "weightedAverageShsOutDil": 66103812,
    "link": "https://www.sec.gov/Archives/edgar/data/920522/000092052218000058/0000920522-18-000058-index.htm",
    "finalLink": "https://www.sec.gov/Archives/edgar/data/920522/000092052218000058/ess-93018x10q.htm"
  },
  {
    "date": "2018-06-30",
    "symbol": "ESS",
    "reportedCurrency": "USD",
    "cik": "0000920522",
    "fillingDate": "2018-08-03",
    "acceptedDate": "2018-08-03 16:20:18",
    "calendarYear": "2018",
    "period": "Q2",
    "revenue": 348723000,
    "costOfRevenue": 43817000,
    "grossProfit": 304906000,
    "grossProfitRatio": 0.8743501289,
    "researchAndDevelopmentExpenses": 0,
    "generalAndAdministrativeExpenses": 11125000,
    "sellingAndMarketingExpenses": 0,
    "sellingGeneralAndAdministrativeExpenses": 11125000,
    "otherExpenses": 155265000,
    "operatingExpenses": 166390000,
    "costAndExpenses": 210207000,
    "interestIncome": 6895000,
    "interestExpense": 56278000,
    "depreciationAndAmortization": 119330000,
    "ebitda": 340129000,
    "ebitdaratio": 0.9753557982,
    "operatingIncome": 138516000,
    "operatingIncomeRatio": 0.3972092463,
    "totalOtherIncomeExpensesNet": 26005000,
    "incomeBeforeTax": 164521000,
    "incomeBeforeTaxRatio": 0.4717813279,
    "incomeTaxExpense": 0,
    "netIncome": 100440000,
    "netIncomeRatio": 0.2880222985,
    "eps": 1.52,
    "epsdiluted": 1.52,
    "weightedAverageShsOut": 66047751,
    "weightedAverageShsOutDil": 66096349,
    "link": "https://www.sec.gov/Archives/edgar/data/920522/000092052218000039/0000920522-18-000039-index.htm",
    "finalLink": "https://www.sec.gov/Archives/edgar/data/920522/000092052218000039/ess-63018x10q.htm"
  },
  {
    "date": "2018-03-31",
    "symbol": "ESS",
    "reportedCurrency": "USD",
    "cik": "0000920522",
    "fillingDate": "2018-05-04",
    "acceptedDate": "2018-05-04 16:28:18",
    "calendarYear": "2018",
    "period": "Q1",
    "revenue": 347255000,
    "costOfRevenue": 45483000,
    "grossProfit": 301772000,
    "grossProfitRatio": 0.8690213244,
    "researchAndDevelopmentExpenses": 0,
    "generalAndAdministrativeExpenses": 14813000,
    "sellingAndMarketingExpenses": 0,
    "sellingGeneralAndAdministrativeExpenses": 14813000,
    "otherExpenses": 176412000,
    "operatingExpenses": 191225000,
    "costAndExpenses": 236708000,
    "interestIncome": 5909000,
    "interestExpense": 54861000,
    "depreciationAndAmortization": 119105000,
    "ebitda": 327855000,
    "ebitdaratio": 0.9441332738,
    "operatingIncome": 110547000,
    "operatingIncomeRatio": 0.3183453082,
    "totalOtherIncomeExpensesNet": 43342000,
    "incomeBeforeTax": 153889000,
    "incomeBeforeTaxRatio": 0.4431584858,
    "incomeTaxExpense": 0,
    "netIncome": 90918000,
    "netIncomeRatio": 0.2618191243,
    "eps": 1.38,
    "epsdiluted": 1.38,
    "weightedAverageShsOut": 66044022,
    "weightedAverageShsOutDil": 66082517,
    "link": "https://www.sec.gov/Archives/edgar/data/920522/000092052218000021/0000920522-18-000021-index.htm",
    "finalLink": "https://www.sec.gov/Archives/edgar/data/920522/000092052218000021/ess-33118x10q.htm"
  },
  {
    "date": "2017-12-31",
    "symbol": "ESS",
    "reportedCurrency": "USD",
    "cik": "0000920522",
    "fillingDate": "2018-02-22",
    "acceptedDate": "2018-02-22 16:39:47",
    "calendarYear": "2017",
    "period": "Q4",
    "revenue": 345064000,
    "costOfRevenue": 103627000,
    "grossProfit": 241437000,
    "grossProfitRatio": 0.6996875942,
    "researchAndDevelopmentExpenses": 0,
    "generalAndAdministrativeExpenses": 10659000,
    "sellingAndMarketingExpenses": 0,
    "sellingGeneralAndAdministrativeExpenses": 10659000,
    "otherExpenses": 118403000,
    "operatingExpenses": 129062000,
    "costAndExpenses": 232689000,
    "interestIncome": 6688000,
    "interestExpense": 55561000,
    "depreciationAndAmortization": 117988000,
    "ebitda": 283211000,
    "ebitdaratio": 0.8207491944,
    "operatingIncome": 112375000,
    "operatingIncomeRatio": 0.3256642246,
    "totalOtherIncomeExpensesNet": -2713000,
    "incomeBeforeTax": 109662000,
    "incomeBeforeTaxRatio": 0.317801915,
    "incomeTaxExpense": 0,
    "netIncome": 103613000,
    "netIncomeRatio": 0.3002718336,
    "eps": 1.57,
    "epsdiluted": 1.57,
    "weightedAverageShsOut": 66035998,
    "weightedAverageShsOutDil": 66103882,
    "link": "https://www.sec.gov/Archives/edgar/data/920522/000092052218000011/0000920522-18-000011-index.htm",
    "finalLink": "https://www.sec.gov/Archives/edgar/data/920522/000092052218000011/ess-123117x10k.htm"
  },
  {
    "date": "2017-09-30",
    "symbol": "ESS",
    "reportedCurrency": "USD",
    "cik": "0000920522",
    "fillingDate": "2017-11-03",
    "acceptedDate": "2017-11-03 13:07:36",
    "calendarYear": "2017",
    "period": "Q3",
    "revenue": 344369000,
    "costOfRevenue": 45104000,
    "grossProfit": 299265000,
    "grossProfitRatio": 0.8690242153,
    "researchAndDevelopmentExpenses": 0,
    "generalAndAdministrativeExpenses": 9788000,
    "sellingAndMarketingExpenses": 0,
    "sellingGeneralAndAdministrativeExpenses": 9788000,
    "otherExpenses": 176808000,
    "operatingExpenses": 186596000,
    "costAndExpenses": 231700000,
    "interestIncome": 5790000,
    "interestExpense": 55938000,
    "depreciationAndAmortization": 117451000,
    "ebitda": 317457000,
    "ebitdaratio": 0.92185127,
    "operatingIncome": 112669000,
    "operatingIncomeRatio": 0.3271752103,
    "totalOtherIncomeExpensesNet": 31399000,
    "incomeBeforeTax": 144068000,
    "incomeBeforeTaxRatio": 0.4183535684,
    "incomeTaxExpense": 0,
    "netIncome": 79723000,
    "netIncomeRatio": 0.2315045779,
    "eps": 1.21,
    "epsdiluted": 1.21,
    "weightedAverageShsOut": 65994896,
    "weightedAverageShsOutDil": 66078283,
    "link": "https://www.sec.gov/Archives/edgar/data/920522/000092052217000089/0000920522-17-000089-index.htm",
    "finalLink": "https://www.sec.gov/Archives/edgar/data/920522/000092052217000089/ess-93017x10q.htm"
  },
  {
    "date": "2017-06-30",
    "symbol": "ESS",
    "reportedCurrency": "USD",
    "cik": "0000920522",
    "fillingDate": "2017-07-31",
    "acceptedDate": "2017-07-31 14:06:20",
    "calendarYear": "2017",
    "period": "Q2",
    "revenue": 339062000,
    "costOfRevenue": 42406000,
    "grossProfit": 296656000,
    "grossProfitRatio": 0.8749314285,
    "researchAndDevelopmentExpenses": 0,
    "generalAndAdministrativeExpenses": 10337000,
    "sellingAndMarketingExpenses": 0,
    "sellingGeneralAndAdministrativeExpenses": 10337000,
    "otherExpenses": 174072000,
    "operatingExpenses": 184409000,
    "costAndExpenses": 226815000,
    "interestIncome": 5362000,
    "interestExpense": 56812000,
    "depreciationAndAmortization": 117939000,
    "ebitda": 306405000,
    "ebitdaratio": 0.9036842819,
    "operatingIncome": 112247000,
    "operatingIncomeRatio": 0.3310515481,
    "totalOtherIncomeExpensesNet": 19407000,
    "incomeBeforeTax": 131654000,
    "incomeBeforeTaxRatio": 0.3882888675,
    "incomeTaxExpense": 0,
    "netIncome": 70759000,
    "netIncomeRatio": 0.208690446,
    "eps": 1.08,
    "epsdiluted": 1.08,
    "weightedAverageShsOut": 65729074,
    "weightedAverageShsOutDil": 65819694,
    "link": "https://www.sec.gov/Archives/edgar/data/920522/000092052217000063/0000920522-17-000063-index.htm",
    "finalLink": "https://www.sec.gov/Archives/edgar/data/920522/000092052217000063/ess-63017x10q.htm"
  },
  {
    "date": "2017-03-31",
    "symbol": "ESS",
    "reportedCurrency": "USD",
    "cik": "0000920522",
    "fillingDate": "2017-05-01",
    "acceptedDate": "2017-05-01 15:15:12",
    "calendarYear": "2017",
    "period": "Q1",
    "revenue": 335404000,
    "costOfRevenue": 43377000,
    "grossProfit": 292027000,
    "grossProfitRatio": 0.8706723832,
    "researchAndDevelopmentExpenses": 0,
    "generalAndAdministrativeExpenses": 10601000,
    "sellingAndMarketingExpenses": 0,
    "sellingGeneralAndAdministrativeExpenses": 10601000,
    "otherExpenses": 172195000,
    "operatingExpenses": 182796000,
    "costAndExpenses": 226173000,
    "interestIncome": 6764000,
    "interestExpense": 54583000,
    "depreciationAndAmortization": 115503000,
    "ebitda": 413773000,
    "ebitdaratio": 1.2336555318,
    "operatingIncome": 109231000,
    "operatingIncomeRatio": 0.3256699383,
    "totalOtherIncomeExpensesNet": 134456000,
    "incomeBeforeTax": 243687000,
    "incomeBeforeTaxRatio": 0.7265476858,
    "incomeTaxExpense": 0,
    "netIncome": 178964000,
    "netIncomeRatio": 0.5335774171,
    "eps": 2.73,
    "epsdiluted": 2.72,
    "weightedAverageShsOut": 65549484,
    "weightedAverageShsOutDil": 65859490,
    "link": "https://www.sec.gov/Archives/edgar/data/920522/000092052217000025/0000920522-17-000025-index.htm",
    "finalLink": "https://www.sec.gov/Archives/edgar/data/920522/000092052217000025/ess-33117x10q.htm"
  },
  {
    "date": "2016-12-31",
    "symbol": "ESS",
    "reportedCurrency": "USD",
    "cik": "0000920522",
    "fillingDate": "2017-02-24",
    "acceptedDate": "2017-02-24 14:52:07",
    "calendarYear": "2016",
    "period": "Q4",
    "revenue": 329038000,
    "costOfRevenue": 98997000,
    "grossProfit": 230041000,
    "grossProfitRatio": 0.6991320151,
    "researchAndDevelopmentExpenses": 0,
    "generalAndAdministrativeExpenses": 12224000,
    "sellingAndMarketingExpenses": 0,
    "sellingGeneralAndAdministrativeExpenses": 12224000,
    "otherExpenses": 112297000,
    "operatingExpenses": 124521000,
    "costAndExpenses": 223518000,
    "interestIncome": 7745000,
    "interestExpense": 54927000,
    "depreciationAndAmortization": 111835000,
    "ebitda": 371410000,
    "ebitdaratio": 1.1287753998,
    "operatingIncome": 105520000,
    "operatingIncomeRatio": 0.3206924428,
    "totalOtherIncomeExpensesNet": 99128000,
    "incomeBeforeTax": 204648000,
    "incomeBeforeTaxRatio": 0.621958558,
    "incomeTaxExpense": 131000,
    "netIncome": 195569000,
    "netIncomeRatio": 0.5943660003,
    "eps": 2.98,
    "epsdiluted": 2.98,
    "weightedAverageShsOut": 65520788,
    "weightedAverageShsOutDil": 65829180,
    "link": "https://www.sec.gov/Archives/edgar/data/920522/000092052217000014/0000920522-17-000014-index.htm",
    "finalLink": "https://www.sec.gov/Archives/edgar/data/920522/000092052217000014/ess-123116x10k.htm"
  },
  {
    "date": "2016-09-30",
    "symbol": "ESS",
    "reportedCurrency": "USD",
    "cik": "0000920522",
    "fillingDate": "2016-10-31",
    "acceptedDate": "2016-10-31 12:59:42",
    "calendarYear": "2016",
    "period": "Q3",
    "revenue": 329171000,
    "costOfRevenue": 99361000,
    "grossProfit": 229810000,
    "grossProfitRatio": 0.6981477712,
    "researchAndDevelopmentExpenses": 0,
    "generalAndAdministrativeExpenses": 9647000,
    "sellingAndMarketingExpenses": 0,
    "sellingGeneralAndAdministrativeExpenses": 9647000,
    "otherExpenses": 110751000,
    "operatingExpenses": 120398000,
    "costAndExpenses": 219759000,
    "interestIncome": 4943000,
    "interestExpense": 56693000,
    "depreciationAndAmortization": 110467000,
    "ebitda": 237322000,
    "ebitdaratio": 0.7209687366,
    "operatingIncome": 109412000,
    "operatingIncomeRatio": 0.3323865104,
    "totalOtherIncomeExpensesNet": -39250000,
    "incomeBeforeTax": 70162000,
    "incomeBeforeTaxRatio": 0.2131475738,
    "incomeTaxExpense": 0,
    "netIncome": 65561000,
    "netIncomeRatio": 0.1991700362,
    "eps": 1,
    "epsdiluted": 1,
    "weightedAverageShsOut": 65507669,
    "weightedAverageShsOutDil": 65617551,
    "link": "https://www.sec.gov/Archives/edgar/data/920522/000092052216000127/0000920522-16-000127-index.htm",
    "finalLink": "https://www.sec.gov/Archives/edgar/data/920522/000092052216000127/ess-93016x10q.htm"
  },
  {
    "date": "2016-06-30",
    "symbol": "ESS",
    "reportedCurrency": "USD",
    "cik": "0000920522",
    "fillingDate": "2016-08-01",
    "acceptedDate": "2016-08-01 14:37:20",
    "calendarYear": "2016",
    "period": "Q2",
    "revenue": 321590000,
    "costOfRevenue": 96079000,
    "grossProfit": 225511000,
    "grossProfitRatio": 0.7012376007,
    "researchAndDevelopmentExpenses": 0,
    "generalAndAdministrativeExpenses": 9698000,
    "sellingAndMarketingExpenses": 0,
    "sellingGeneralAndAdministrativeExpenses": 9698000,
    "otherExpenses": 109940000,
    "operatingExpenses": 119638000,
    "costAndExpenses": 215717000,
    "interestIncome": 9409000,
    "interestExpense": 55568000,
    "depreciationAndAmortization": 109673000,
    "ebitda": 242065000,
    "ebitdaratio": 0.7527130819,
    "operatingIncome": 105873000,
    "operatingIncomeRatio": 0.3292173264,
    "totalOtherIncomeExpensesNet": -29049000,
    "incomeBeforeTax": 76824000,
    "incomeBeforeTaxRatio": 0.2388880251,
    "incomeTaxExpense": 0,
    "netIncome": 72013000,
    "netIncomeRatio": 0.2239279828,
    "eps": 1.1,
    "epsdiluted": 1.1,
    "weightedAverageShsOut": 65451110,
    "weightedAverageShsOutDil": 65575378,
    "link": "https://www.sec.gov/Archives/edgar/data/920522/000092052216000118/0000920522-16-000118-index.htm",
    "finalLink": "https://www.sec.gov/Archives/edgar/data/920522/000092052216000118/ess-63016x10q.htm"
  },
  {
    "date": "2016-03-31",
    "symbol": "ESS",
    "reportedCurrency": "USD",
    "cik": "0000920522",
    "fillingDate": "2016-05-03",
    "acceptedDate": "2016-05-03 16:42:49",
    "calendarYear": "2016",
    "period": "Q1",
    "revenue": 314202000,
    "costOfRevenue": 94490000,
    "grossProfit": 219712000,
    "grossProfitRatio": 0.6992698964,
    "researchAndDevelopmentExpenses": 0,
    "generalAndAdministrativeExpenses": 9182000,
    "sellingAndMarketingExpenses": 0,
    "sellingGeneralAndAdministrativeExpenses": 9182000,
    "otherExpenses": 110535000,
    "operatingExpenses": 119717000,
    "costAndExpenses": 214207000,
    "interestIncome": 5208000,
    "interestExpense": 52466000,
    "depreciationAndAmortization": 109707000,
    "ebitda": 253359000,
    "ebitdaratio": 0.8063570569,
    "operatingIncome": 99995000,
    "operatingIncomeRatio": 0.3182506795,
    "totalOtherIncomeExpensesNet": -8809000,
    "incomeBeforeTax": 91186000,
    "incomeBeforeTaxRatio": 0.2902145753,
    "incomeTaxExpense": 4279000,
    "netIncome": 81836000,
    "netIncomeRatio": 0.2604566489,
    "eps": 1.19,
    "epsdiluted": 1.19,
    "weightedAverageShsOut": 65405654,
    "weightedAverageShsOutDil": 65557639,
    "link": "https://www.sec.gov/Archives/edgar/data/920522/000092052216000101/0000920522-16-000101-index.htm",
    "finalLink": "https://www.sec.gov/Archives/edgar/data/920522/000092052216000101/ess-33116x10q.htm"
  },
  {
    "date": "2015-12-31",
    "symbol": "ESS",
    "reportedCurrency": "USD",
    "cik": "0000920522",
    "fillingDate": "2016-02-26",
    "acceptedDate": "2016-02-26 16:02:10",
    "calendarYear": "2015",
    "period": "Q4",
    "revenue": 310746000,
    "costOfRevenue": 92141000,
    "grossProfit": 218605000,
    "grossProfitRatio": 0.7034845179,
    "researchAndDevelopmentExpenses": 0,
    "generalAndAdministrativeExpenses": 8867000,
    "sellingAndMarketingExpenses": 0,
    "sellingGeneralAndAdministrativeExpenses": 8867000,
    "otherExpenses": 117534000,
    "operatingExpenses": 126401000,
    "costAndExpenses": 218542000,
    "interestIncome": 4323000,
    "interestExpense": 56426000,
    "depreciationAndAmortization": 116477000,
    "ebitda": 258665000,
    "ebitdaratio": 0.8324000953,
    "operatingIncome": 92204000,
    "operatingIncomeRatio": 0.29671822,
    "totalOtherIncomeExpensesNet": -6442000,
    "incomeBeforeTax": 85762000,
    "incomeBeforeTaxRatio": 0.2759874624,
    "incomeTaxExpense": 0,
    "netIncome": 80938000,
    "netIncomeRatio": 0.2604635297,
    "eps": 1.22,
    "epsdiluted": 1.22,
    "weightedAverageShsOut": 65336773,
    "weightedAverageShsOutDil": 65519438,
    "link": "https://www.sec.gov/Archives/edgar/data/920522/000092052216000097/0000920522-16-000097-index.htm",
    "finalLink": "https://www.sec.gov/Archives/edgar/data/920522/000092052216000097/ess-123115x10k.htm"
  },
  {
    "date": "2015-09-30",
    "symbol": "ESS",
    "reportedCurrency": "USD",
    "cik": "0000920522",
    "fillingDate": "2015-11-04",
    "acceptedDate": "2015-11-04 16:34:30",
    "calendarYear": "2015",
    "period": "Q3",
    "revenue": 304626000,
    "costOfRevenue": 94119000,
    "grossProfit": 210507000,
    "grossProfitRatio": 0.6910342518,
    "researchAndDevelopmentExpenses": 0,
    "generalAndAdministrativeExpenses": 11129000,
    "sellingAndMarketingExpenses": 0,
    "sellingGeneralAndAdministrativeExpenses": 11129000,
    "otherExpenses": 116689000,
    "operatingExpenses": 127818000,
    "costAndExpenses": 221937000,
    "interestIncome": 7367000,
    "interestExpense": 50053000,
    "depreciationAndAmortization": 116308000,
    "ebitda": 213543000,
    "ebitdaratio": 0.7010005712,
    "operatingIncome": 82689000,
    "operatingIncomeRatio": 0.2714443285,
    "totalOtherIncomeExpensesNet": -35507000,
    "incomeBeforeTax": 47182000,
    "incomeBeforeTaxRatio": 0.1548850065,
    "incomeTaxExpense": 0,
    "netIncome": 43637000,
    "netIncomeRatio": 0.1432477858,
    "eps": 0.65,
    "epsdiluted": 0.65,
    "weightedAverageShsOut": 65138868,
    "weightedAverageShsOutDil": 65297550,
    "link": "https://www.sec.gov/Archives/edgar/data/920522/000092052215000049/0000920522-15-000049-index.htm",
    "finalLink": "https://www.sec.gov/Archives/edgar/data/920522/000092052215000049/ess-93015x10q.htm"
  },
  {
    "date": "2015-06-30",
    "symbol": "ESS",
    "reportedCurrency": "USD",
    "cik": "0000920522",
    "fillingDate": "2015-08-06",
    "acceptedDate": "2015-08-06 14:15:02",
    "calendarYear": "2015",
    "period": "Q2",
    "revenue": 296162000,
    "costOfRevenue": 90077000,
    "grossProfit": 206085000,
    "grossProfitRatio": 0.69585227,
    "researchAndDevelopmentExpenses": 0,
    "generalAndAdministrativeExpenses": 9549000,
    "sellingAndMarketingExpenses": 0,
    "sellingGeneralAndAdministrativeExpenses": 9549000,
    "otherExpenses": 115570000,
    "operatingExpenses": 125119000,
    "costAndExpenses": 215196000,
    "interestIncome": 3254000,
    "interestExpense": 50802000,
    "depreciationAndAmortization": 113731000,
    "ebitda": 215075000,
    "ebitdaratio": 0.7262072784,
    "operatingIncome": 80966000,
    "operatingIncomeRatio": 0.2733841614,
    "totalOtherIncomeExpensesNet": -30424000,
    "incomeBeforeTax": 50542000,
    "incomeBeforeTaxRatio": 0.1706566001,
    "incomeTaxExpense": 0,
    "netIncome": 46868000,
    "netIncomeRatio": 0.1582512274,
    "eps": 0.7,
    "epsdiluted": 0.7,
    "weightedAverageShsOut": 64810184,
    "weightedAverageShsOutDil": 64972852,
    "link": "https://www.sec.gov/Archives/edgar/data/920522/000092052215000042/0000920522-15-000042-index.htm",
    "finalLink": "https://www.sec.gov/Archives/edgar/data/920522/000092052215000042/ess-63015x10q.htm"
  },
  {
    "date": "2015-03-31",
    "symbol": "ESS",
    "reportedCurrency": "USD",
    "cik": "0000920522",
    "fillingDate": "2015-05-11",
    "acceptedDate": "2015-05-08 20:37:26",
    "calendarYear": "2015",
    "period": "Q1",
    "revenue": 282873000,
    "costOfRevenue": 87171000,
    "grossProfit": 195702000,
    "grossProfitRatio": 0.6918369728,
    "researchAndDevelopmentExpenses": 0,
    "generalAndAdministrativeExpenses": 10545000,
    "sellingAndMarketingExpenses": 0,
    "sellingGeneralAndAdministrativeExpenses": 10545000,
    "otherExpenses": 109842000,
    "operatingExpenses": 120387000,
    "costAndExpenses": 207558000,
    "interestIncome": 4199000,
    "interestExpense": 47546000,
    "depreciationAndAmortization": 106907000,
    "ebitda": 219206000,
    "ebitdaratio": 0.7749272642,
    "operatingIncome": 75315000,
    "operatingIncomeRatio": 0.2662502254,
    "totalOtherIncomeExpensesNet": -10562000,
    "incomeBeforeTax": 64753000,
    "incomeBeforeTaxRatio": 0.2289119145,
    "incomeTaxExpense": 0,
    "netIncome": 60677000,
    "netIncomeRatio": 0.2145026213,
    "eps": 0.92,
    "epsdiluted": 0.92,
    "weightedAverageShsOut": 64185455,
    "weightedAverageShsOutDil": 64394680,
    "link": "https://www.sec.gov/Archives/edgar/data/920522/000092052215000020/0000920522-15-000020-index.htm",
    "finalLink": "https://www.sec.gov/Archives/edgar/data/920522/000092052215000020/ess-33115x10q.htm"
  },
  {
    "date": "2014-12-31",
    "symbol": "ESS",
    "reportedCurrency": "USD",
    "cik": "0000920522",
    "fillingDate": "2015-03-02",
    "acceptedDate": "2015-03-02 14:34:47",
    "calendarYear": "2014",
    "period": "Q4",
    "revenue": 278700000,
    "costOfRevenue": 88051000,
    "grossProfit": 190649000,
    "grossProfitRatio": 0.6840653032,
    "researchAndDevelopmentExpenses": 0,
    "generalAndAdministrativeExpenses": 12256000,
    "sellingAndMarketingExpenses": 0,
    "sellingGeneralAndAdministrativeExpenses": 12256000,
    "otherExpenses": 113821000,
    "operatingExpenses": 126078000,
    "costAndExpenses": 214129000,
    "interestIncome": 3126000,
    "interestExpense": 47530000,
    "depreciationAndAmortization": 106381000,
    "ebitda": 199037000,
    "ebitdaratio": 0.7141621816,
    "operatingIncome": 64571000,
    "operatingIncomeRatio": 0.2316864011,
    "totalOtherIncomeExpensesNet": -19445000,
    "incomeBeforeTax": 45126000,
    "incomeBeforeTaxRatio": 0.1619160388,
    "incomeTaxExpense": 0,
    "netIncome": 41489000,
    "netIncomeRatio": 0.1488661643,
    "eps": 0.63,
    "epsdiluted": 0.63,
    "weightedAverageShsOut": 63362624,
    "weightedAverageShsOutDil": 63544534,
    "link": "https://www.sec.gov/Archives/edgar/data/920522/000092052215000006/0000920522-15-000006-index.htm",
    "finalLink": "https://www.sec.gov/Archives/edgar/data/920522/000092052215000006/ess-123114x10k.htm"
  },
  {
    "date": "2014-09-30",
    "symbol": "ESS",
    "reportedCurrency": "USD",
    "cik": "0000920522",
    "fillingDate": "2014-11-06",
    "acceptedDate": "2014-11-06 15:40:35",
    "calendarYear": "2014",
    "period": "Q3",
    "revenue": 270873000,
    "costOfRevenue": 88062000,
    "grossProfit": 182811000,
    "grossProfitRatio": 0.6748956153,
    "researchAndDevelopmentExpenses": 0,
    "generalAndAdministrativeExpenses": 11479000,
    "sellingAndMarketingExpenses": 0,
    "sellingGeneralAndAdministrativeExpenses": 11479000,
    "otherExpenses": 106194000,
    "operatingExpenses": 117673000,
    "costAndExpenses": 205735000,
    "interestIncome": 2992000,
    "interestExpense": 45830000,
    "depreciationAndAmortization": 102286000,
    "ebitda": 206698000,
    "ebitdaratio": 0.7630808534,
    "operatingIncome": 65138000,
    "operatingIncomeRatio": 0.2404743182,
    "totalOtherIncomeExpensesNet": -6556000,
    "incomeBeforeTax": 58582000,
    "incomeBeforeTaxRatio": 0.2162710938,
    "incomeTaxExpense": 0,
    "netIncome": 54964000,
    "netIncomeRatio": 0.2029142809,
    "eps": 0.85,
    "epsdiluted": 0.85,
    "weightedAverageShsOut": 62892601,
    "weightedAverageShsOutDil": 63069772,
    "link": "https://www.sec.gov/Archives/edgar/data/920522/000114036114040470/0001140361-14-040470-index.htm",
    "finalLink": "https://www.sec.gov/Archives/edgar/data/920522/000114036114040470/form10q.htm"
  },
  {
    "date": "2014-06-30",
    "symbol": "ESS",
    "reportedCurrency": "USD",
    "cik": "0000920522",
    "fillingDate": "2014-08-11",
    "acceptedDate": "2014-08-08 21:52:41",
    "calendarYear": "2014",
    "period": "Q2",
    "revenue": 259788000,
    "costOfRevenue": 83558000,
    "grossProfit": 176230000,
    "grossProfitRatio": 0.6783608173,
    "researchAndDevelopmentExpenses": 0,
    "generalAndAdministrativeExpenses": 9558000,
    "sellingAndMarketingExpenses": 0,
    "sellingGeneralAndAdministrativeExpenses": 9558000,
    "otherExpenses": 128318000,
    "operatingExpenses": 137876000,
    "costAndExpenses": 221434000,
    "interestIncome": 2814000,
    "interestExpense": 42151000,
    "depreciationAndAmortization": 101292000,
    "ebitda": 148089000,
    "ebitdaratio": 0.570037877,
    "operatingIncome": 38354000,
    "operatingIncomeRatio": 0.1476357645,
    "totalOtherIncomeExpensesNet": -33708000,
    "incomeBeforeTax": 4646000,
    "incomeBeforeTaxRatio": 0.017883813,
    "incomeTaxExpense": 0,
    "netIncome": 6303000,
    "netIncomeRatio": 0.0242620906,
    "eps": 0.02,
    "epsdiluted": 0.02,
    "weightedAverageShsOut": 61884963,
    "weightedAverageShsOutDil": 62059762,
    "link": "https://www.sec.gov/Archives/edgar/data/920522/000114036114031603/0001140361-14-031603-index.htm",
    "finalLink": "https://www.sec.gov/Archives/edgar/data/920522/000114036114031603/form10q.htm"
  },
  {
    "date": "2014-03-31",
    "symbol": "ESS",
    "reportedCurrency": "USD",
    "cik": "0000920522",
    "fillingDate": "2014-05-12",
    "acceptedDate": "2014-05-09 20:56:36",
    "calendarYear": "2014",
    "period": "Q1",
    "revenue": 161009000,
    "costOfRevenue": 52306000,
    "grossProfit": 108703000,
    "grossProfitRatio": 0.6751361725,
    "researchAndDevelopmentExpenses": 0,
    "generalAndAdministrativeExpenses": 7075000,
    "sellingAndMarketingExpenses": 0,
    "sellingGeneralAndAdministrativeExpenses": 7075000,
    "otherExpenses": 66559000,
    "operatingExpenses": 74142000,
    "costAndExpenses": 126448000,
    "interestIncome": 2879000,
    "interestExpense": 29041000,
    "depreciationAndAmortization": 50312000,
    "ebitda": 105759000,
    "ebitdaratio": 0.6568514804,
    "operatingIncome": 34561000,
    "operatingIncomeRatio": 0.2146525971,
    "totalOtherIncomeExpensesNet": -8155000,
    "incomeBeforeTax": 26406000,
    "incomeBeforeTaxRatio": 0.1640032545,
    "incomeTaxExpense": 0,
    "netIncome": 23280000,
    "netIncomeRatio": 0.1445881907,
    "eps": 0.58,
    "epsdiluted": 0.58,
    "weightedAverageShsOut": 37685073,
    "weightedAverageShsOutDil": 37931454,
    "link": "https://www.sec.gov/Archives/edgar/data/920522/000114036114019994/0001140361-14-019994-index.htm",
    "finalLink": "https://www.sec.gov/Archives/edgar/data/920522/000114036114019994/form10q.htm"
  },
  {
    "date": "2013-12-31",
    "symbol": "ESS",
    "reportedCurrency": "USD",
    "cik": "0000920522",
    "fillingDate": "2014-02-26",
    "acceptedDate": "2014-02-26 17:17:36",
    "calendarYear": "2013",
    "period": "Q4",
    "revenue": 156246000,
    "costOfRevenue": 52004000,
    "grossProfit": 104242000,
    "grossProfitRatio": 0.6671658794,
    "researchAndDevelopmentExpenses": 0,
    "generalAndAdministrativeExpenses": 6676000,
    "sellingAndMarketingExpenses": 0,
    "sellingGeneralAndAdministrativeExpenses": 6676000,
    "otherExpenses": 53384000,
    "operatingExpenses": 60060000,
    "costAndExpenses": 112064000,
    "interestIncome": 2307000,
    "interestExpense": 26876000,
    "depreciationAndAmortization": 53117000,
    "ebitda": 99043000,
    "ebitdaratio": 0.6338914276,
    "operatingIncome": 44182000,
    "operatingIncomeRatio": 0.282772039,
    "totalOtherIncomeExpensesNet": -25132000,
    "incomeBeforeTax": 19050000,
    "incomeBeforeTaxRatio": 0.1219231212,
    "incomeTaxExpense": 0,
    "netIncome": 33242000,
    "netIncomeRatio": 0.2127542465,
    "eps": 0.85,
    "epsdiluted": 0.85,
    "weightedAverageShsOut": 37498824,
    "weightedAverageShsOutDil": 37498824,
    "link": "https://www.sec.gov/Archives/edgar/data/920522/000114036114009793/0001140361-14-009793-index.htm",
    "finalLink": "https://www.sec.gov/Archives/edgar/data/920522/000114036114009793/form10k.htm"
  },
  {
    "date": "2013-09-30",
    "symbol": "ESS",
    "reportedCurrency": "USD",
    "cik": "0000920522",
    "fillingDate": "2013-11-04",
    "acceptedDate": "2013-11-04 06:05:33",
    "calendarYear": "2013",
    "period": "Q3",
    "revenue": 153948000,
    "costOfRevenue": 50322000,
    "grossProfit": 103626000,
    "grossProfitRatio": 0.6731233923,
    "researchAndDevelopmentExpenses": 0,
    "generalAndAdministrativeExpenses": 6075000,
    "sellingAndMarketingExpenses": 0,
    "sellingGeneralAndAdministrativeExpenses": 6075000,
    "otherExpenses": 48464000,
    "operatingExpenses": 54727000,
    "costAndExpenses": 105049000,
    "interestIncome": 2387000,
    "interestExpense": 29192000,
    "depreciationAndAmortization": 42555000,
    "ebitda": 140137000,
    "ebitdaratio": 0.9102878894,
    "operatingIncome": 48899000,
    "operatingIncomeRatio": 0.3176332268,
    "totalOtherIncomeExpensesNet": 13819000,
    "incomeBeforeTax": 62718000,
    "incomeBeforeTaxRatio": 0.407397303,
    "incomeTaxExpense": 0,
    "netIncome": 70156000,
    "netIncomeRatio": 0.4557123184,
    "eps": 1.84,
    "epsdiluted": 1.84,
    "weightedAverageShsOut": 37320562,
    "weightedAverageShsOutDil": 37436983,
    "link": "https://www.sec.gov/Archives/edgar/data/920522/000114036113040353/0001140361-13-040353-index.htm",
    "finalLink": "https://www.sec.gov/Archives/edgar/data/920522/000114036113040353/form10q.htm"
  },
  {
    "date": "2013-06-30",
    "symbol": "ESS",
    "reportedCurrency": "USD",
    "cik": "0000920522",
    "fillingDate": "2013-08-05",
    "acceptedDate": "2013-08-02 21:35:50",
    "calendarYear": "2013",
    "period": "Q2",
    "revenue": 150815000,
    "costOfRevenue": 48296000,
    "grossProfit": 102519000,
    "grossProfitRatio": 0.6797666015,
    "researchAndDevelopmentExpenses": 0,
    "generalAndAdministrativeExpenses": 6224000,
    "sellingAndMarketingExpenses": 0,
    "sellingGeneralAndAdministrativeExpenses": 6224000,
    "otherExpenses": 47841000,
    "operatingExpenses": 54430000,
    "costAndExpenses": 102726000,
    "interestIncome": 1917000,
    "interestExpense": 29327000,
    "depreciationAndAmortization": 51033000,
    "ebitda": 109345000,
    "ebitdaratio": 0.7250273514,
    "operatingIncome": 48089000,
    "operatingIncomeRatio": 0.318860856,
    "totalOtherIncomeExpensesNet": -19104000,
    "incomeBeforeTax": 28985000,
    "incomeBeforeTaxRatio": 0.1921891059,
    "incomeTaxExpense": 0,
    "netIncome": 26314000,
    "netIncomeRatio": 0.1744786659,
    "eps": 0.67,
    "epsdiluted": 0.67,
    "weightedAverageShsOut": 37232836,
    "weightedAverageShsOutDil": 39576663,
    "link": "https://www.sec.gov/Archives/edgar/data/920522/000114036113030211/0001140361-13-030211-index.htm",
    "finalLink": "https://www.sec.gov/Archives/edgar/data/920522/000114036113030211/form10q.htm"
  },
  {
    "date": "2013-03-31",
    "symbol": "ESS",
    "reportedCurrency": "USD",
    "cik": "0000920522",
    "fillingDate": "2013-05-06",
    "acceptedDate": "2013-05-06 06:09:14",
    "calendarYear": "2013",
    "period": "Q1",
    "revenue": 148005000,
    "costOfRevenue": 48027000,
    "grossProfit": 99978000,
    "grossProfitRatio": 0.6755042059,
    "researchAndDevelopmentExpenses": 0,
    "generalAndAdministrativeExpenses": 6626000,
    "sellingAndMarketingExpenses": 0,
    "sellingGeneralAndAdministrativeExpenses": 6626000,
    "otherExpenses": 47174000,
    "operatingExpenses": 53413000,
    "costAndExpenses": 101440000,
    "interestIncome": 5023000,
    "interestExpense": 25211000,
    "depreciationAndAmortization": 50074000,
    "ebitda": 104446000,
    "ebitdaratio": 0.7056923753,
    "operatingIncome": 46565000,
    "operatingIncomeRatio": 0.3146177494,
    "totalOtherIncomeExpensesNet": -17404000,
    "incomeBeforeTax": 29161000,
    "incomeBeforeTaxRatio": 0.1970271275,
    "incomeTaxExpense": 0,
    "netIncome": 26571000,
    "netIncomeRatio": 0.1795277187,
    "eps": 0.68,
    "epsdiluted": 0.68,
    "weightedAverageShsOut": 37003970,
    "weightedAverageShsOutDil": 37063235,
    "link": "https://www.sec.gov/Archives/edgar/data/920522/000114036113018784/0001140361-13-018784-index.htm",
    "finalLink": "https://www.sec.gov/Archives/edgar/data/920522/000114036113018784/form10q.htm"
  },
  {
    "date": "2012-12-31",
    "symbol": "ESS",
    "reportedCurrency": "USD",
    "cik": "0000920522",
    "fillingDate": "2013-02-25",
    "acceptedDate": "2013-02-22 19:07:36",
    "calendarYear": "2012",
    "period": "Q4",
    "revenue": 144805000,
    "costOfRevenue": 52710000,
    "grossProfit": 92095000,
    "grossProfitRatio": 0.6359932323,
    "researchAndDevelopmentExpenses": 0,
    "generalAndAdministrativeExpenses": 6866000,
    "sellingAndMarketingExpenses": 0,
    "sellingGeneralAndAdministrativeExpenses": 6866000,
    "otherExpenses": 45017000,
    "operatingExpenses": 46991000,
    "costAndExpenses": 99701000,
    "interestIncome": 2964000,
    "interestExpense": 25864000,
    "depreciationAndAmortization": 47980000,
    "ebitda": 132165000,
    "ebitdaratio": 0.9127101965,
    "operatingIncome": 45104000,
    "operatingIncomeRatio": 0.3114809571,
    "totalOtherIncomeExpensesNet": 4536000,
    "incomeBeforeTax": 49640000,
    "incomeBeforeTaxRatio": 0.3428058423,
    "incomeTaxExpense": 0,
    "netIncome": 45161000,
    "netIncomeRatio": 0.31187459,
    "eps": 1.22,
    "epsdiluted": 1.22,
    "weightedAverageShsOut": 35895902,
    "weightedAverageShsOutDil": 38182569,
    "link": "https://www.sec.gov/Archives/edgar/data/920522/000114036113009003/0001140361-13-009003-index.htm",
    "finalLink": "https://www.sec.gov/Archives/edgar/data/920522/000114036113009003/form10k.htm"
  },
  {
    "date": "2012-09-30",
    "symbol": "ESS",
    "reportedCurrency": "USD",
    "cik": "0000920522",
    "fillingDate": "2012-11-05",
    "acceptedDate": "2012-11-05 06:09:13",
    "calendarYear": "2012",
    "period": "Q3",
    "revenue": 137590000,
    "costOfRevenue": 46715000,
    "grossProfit": 90875000,
    "grossProfitRatio": 0.6604767788,
    "researchAndDevelopmentExpenses": 0,
    "generalAndAdministrativeExpenses": 5276000,
    "sellingAndMarketingExpenses": 1642000,
    "sellingGeneralAndAdministrativeExpenses": 6918000,
    "otherExpenses": 42897000,
    "operatingExpenses": 48173000,
    "costAndExpenses": 94888000,
    "interestIncome": 3003000,
    "interestExpense": 25064000,
    "depreciationAndAmortization": 45967000,
    "ebitda": 91081000,
    "ebitdaratio": 0.6619739807,
    "operatingIncome": 42702000,
    "operatingIncomeRatio": 0.3103568573,
    "totalOtherIncomeExpensesNet": -22652000,
    "incomeBeforeTax": 20050000,
    "incomeBeforeTaxRatio": 0.1457227996,
    "incomeTaxExpense": 0,
    "netIncome": 17587000,
    "netIncomeRatio": 0.1278217894,
    "eps": 0.46,
    "epsdiluted": 0.45,
    "weightedAverageShsOut": 36470537,
    "weightedAverageShsOutDil": 37969407,
    "link": "https://www.sec.gov/Archives/edgar/data/920522/000114036112045528/0001140361-12-045528-index.htm",
    "finalLink": "https://www.sec.gov/Archives/edgar/data/920522/000114036112045528/form10q.htm"
  },
  {
    "date": "2012-06-30",
    "symbol": "ESS",
    "reportedCurrency": "USD",
    "cik": "0000920522",
    "fillingDate": "2012-08-06",
    "acceptedDate": "2012-08-03 19:09:01",
    "calendarYear": "2012",
    "period": "Q2",
    "revenue": 132561000,
    "costOfRevenue": 44028000,
    "grossProfit": 88533000,
    "grossProfitRatio": 0.6678661145,
    "researchAndDevelopmentExpenses": 0,
    "generalAndAdministrativeExpenses": 5764000,
    "sellingAndMarketingExpenses": 1611000,
    "sellingGeneralAndAdministrativeExpenses": 7375000,
    "otherExpenses": 41801000,
    "operatingExpenses": 47565000,
    "costAndExpenses": 91593000,
    "interestIncome": 5455000,
    "interestExpense": 24659000,
    "depreciationAndAmortization": 44684000,
    "ebitda": 111833000,
    "ebitdaratio": 0.8436342514,
    "operatingIncome": 40968000,
    "operatingIncomeRatio": 0.3090501731,
    "totalOtherIncomeExpensesNet": 1522000,
    "incomeBeforeTax": 42490000,
    "incomeBeforeTaxRatio": 0.3205316798,
    "incomeTaxExpense": 0,
    "netIncome": 38446000,
    "netIncomeRatio": 0.2900249696,
    "eps": 1.07,
    "epsdiluted": 1.07,
    "weightedAverageShsOut": 34570772,
    "weightedAverageShsOutDil": 34708420,
    "link": "https://www.sec.gov/Archives/edgar/data/920522/000114036112035170/0001140361-12-035170-index.htm",
    "finalLink": "https://www.sec.gov/Archives/edgar/data/920522/000114036112035170/form10q.htm"
  },
  {
    "date": "2012-03-31",
    "symbol": "ESS",
    "reportedCurrency": "USD",
    "cik": "0000920522",
    "fillingDate": "2012-05-07",
    "acceptedDate": "2012-05-07 08:06:34",
    "calendarYear": "2012",
    "period": "Q1",
    "revenue": 127918000,
    "costOfRevenue": 41804000,
    "grossProfit": 86114000,
    "grossProfitRatio": 0.6731968918,
    "researchAndDevelopmentExpenses": 0,
    "generalAndAdministrativeExpenses": 5400000,
    "sellingAndMarketingExpenses": 0,
    "sellingGeneralAndAdministrativeExpenses": 5400000,
    "otherExpenses": 40734000,
    "operatingExpenses": 46134000,
    "costAndExpenses": 87938000,
    "interestIncome": 2413000,
    "interestExpense": 24658000,
    "depreciationAndAmortization": 43699000,
    "ebitda": 85561000,
    "ebitdaratio": 0.6688738098,
    "operatingIncome": 39980000,
    "operatingIncomeRatio": 0.3125439735,
    "totalOtherIncomeExpensesNet": -22776000,
    "incomeBeforeTax": 17204000,
    "incomeBeforeTaxRatio": 0.1344924092,
    "incomeTaxExpense": 0,
    "netIncome": 24090000,
    "netIncomeRatio": 0.1883237699,
    "eps": 0.67,
    "epsdiluted": 0.67,
    "weightedAverageShsOut": 33913433,
    "weightedAverageShsOutDil": 36396641,
    "link": "https://www.sec.gov/Archives/edgar/data/920522/000114036112023170/0001140361-12-023170-index.htm",
    "finalLink": "https://www.sec.gov/Archives/edgar/data/920522/000114036112023170/form10q.htm"
  },
  {
    "date": "2011-12-31",
    "symbol": "ESS",
    "reportedCurrency": "USD",
    "cik": "0000920522",
    "fillingDate": "2012-02-27",
    "acceptedDate": "2012-02-24 21:18:07",
    "calendarYear": "2011",
    "period": "Q4",
    "revenue": 124989000,
    "costOfRevenue": 40073000,
    "grossProfit": 84916000,
    "grossProfitRatio": 0.6793877861,
    "researchAndDevelopmentExpenses": 0,
    "generalAndAdministrativeExpenses": 25304000,
    "sellingAndMarketingExpenses": -18551000,
    "sellingGeneralAndAdministrativeExpenses": 6753000,
    "otherExpenses": 39665000,
    "operatingExpenses": 46418000,
    "costAndExpenses": 86491000,
    "interestIncome": 4782000,
    "interestExpense": 25082000,
    "depreciationAndAmortization": 51338000,
    "ebitda": 91191000,
    "ebitdaratio": 0.7295922041,
    "operatingIncome": 38498000,
    "operatingIncomeRatio": 0.308011105,
    "totalOtherIncomeExpensesNet": -23727000,
    "incomeBeforeTax": 14771000,
    "incomeBeforeTaxRatio": 0.1181783997,
    "incomeTaxExpense": 0,
    "netIncome": 15304000,
    "netIncomeRatio": 0.122442775,
    "eps": 0.46,
    "epsdiluted": 0.46,
    "weightedAverageShsOut": 33421739,
    "weightedAverageShsOutDil": 33421739,
    "link": "https://www.sec.gov/Archives/edgar/data/920522/000114036112010939/0001140361-12-010939-index.htm",
    "finalLink": "https://www.sec.gov/Archives/edgar/data/920522/000114036112010939/form10k.htm"
  },
  {
    "date": "2011-09-30",
    "symbol": "ESS",
    "reportedCurrency": "USD",
    "cik": "0000920522",
    "fillingDate": "2011-11-07",
    "acceptedDate": "2011-11-07 06:06:39",
    "calendarYear": "2011",
    "period": "Q3",
    "revenue": 119166000,
    "costOfRevenue": 40850000,
    "grossProfit": 78316000,
    "grossProfitRatio": 0.6572008794,
    "researchAndDevelopmentExpenses": 0,
    "generalAndAdministrativeExpenses": 6066000,
    "sellingAndMarketingExpenses": 0,
    "sellingGeneralAndAdministrativeExpenses": 6066000,
    "otherExpenses": 37881000,
    "operatingExpenses": 44011000,
    "costAndExpenses": 84861000,
    "interestIncome": 2741000,
    "interestExpense": 22096000,
    "depreciationAndAmortization": 41265000,
    "ebitda": 75125000,
    "ebitdaratio": 0.6304231073,
    "operatingIncome": 34305000,
    "operatingIncomeRatio": 0.2878757364,
    "totalOtherIncomeExpensesNet": -22541000,
    "incomeBeforeTax": 11764000,
    "incomeBeforeTaxRatio": 0.0987194334,
    "incomeTaxExpense": 0,
    "netIncome": 9054000,
    "netIncomeRatio": 0.0759780474,
    "eps": 0.23,
    "epsdiluted": 0.23,
    "weightedAverageShsOut": 33421739,
    "weightedAverageShsOutDil": 35437693,
    "link": "https://www.sec.gov/Archives/edgar/data/920522/000114036111051938/0001140361-11-051938-index.htm",
    "finalLink": "https://www.sec.gov/Archives/edgar/data/920522/000114036111051938/form10q.htm"
  },
  {
    "date": "2011-06-30",
    "symbol": "ESS",
    "reportedCurrency": "USD",
    "cik": "0000920522",
    "fillingDate": "2011-08-08",
    "acceptedDate": "2011-08-08 06:17:06",
    "calendarYear": "2011",
    "period": "Q2",
    "revenue": 116326000,
    "costOfRevenue": 39771000,
    "grossProfit": 76555000,
    "grossProfitRatio": 0.6581073879,
    "researchAndDevelopmentExpenses": 0,
    "generalAndAdministrativeExpenses": 6371000,
    "sellingAndMarketingExpenses": 0,
    "sellingGeneralAndAdministrativeExpenses": 6371000,
    "otherExpenses": 37250000,
    "operatingExpenses": 43708000,
    "costAndExpenses": 83479000,
    "interestIncome": 2628000,
    "interestExpense": 22710000,
    "depreciationAndAmortization": 40216000,
    "ebitda": 73428000,
    "ebitdaratio": 0.6312260372,
    "operatingIncome": 32847000,
    "operatingIncomeRatio": 0.2823702354,
    "totalOtherIncomeExpensesNet": -22345000,
    "incomeBeforeTax": 10502000,
    "incomeBeforeTaxRatio": 0.0902807627,
    "incomeTaxExpense": 0,
    "netIncome": 13749000,
    "netIncomeRatio": 0.118193697,
    "eps": 0.32,
    "epsdiluted": 0.32,
    "weightedAverageShsOut": 32040904,
    "weightedAverageShsOutDil": 32135064,
    "link": "https://www.sec.gov/Archives/edgar/data/920522/000114036111040077/0001140361-11-040077-index.htm",
    "finalLink": "https://www.sec.gov/Archives/edgar/data/920522/000114036111040077/form10q.htm"
  },
  {
    "date": "2011-03-31",
    "symbol": "ESS",
    "reportedCurrency": "USD",
    "cik": "0000920522",
    "fillingDate": "2011-05-09",
    "acceptedDate": "2011-05-06 19:08:38",
    "calendarYear": "2011",
    "period": "Q1",
    "revenue": 112432000,
    "costOfRevenue": 38424000,
    "grossProfit": 74008000,
    "grossProfitRatio": 0.6582467625,
    "researchAndDevelopmentExpenses": 0,
    "generalAndAdministrativeExpenses": 6115000,
    "sellingAndMarketingExpenses": 0,
    "sellingGeneralAndAdministrativeExpenses": 6115000,
    "otherExpenses": 36658000,
    "operatingExpenses": 42857000,
    "costAndExpenses": 81281000,
    "interestIncome": 6987000,
    "interestExpense": 21811000,
    "depreciationAndAmortization": 39915000,
    "ebitda": 73829000,
    "ebitdaratio": 0.6566546891,
    "operatingIncome": 31151000,
    "operatingIncomeRatio": 0.2770652483,
    "totalOtherIncomeExpensesNet": -19048000,
    "incomeBeforeTax": 12103000,
    "incomeBeforeTaxRatio": 0.107647289,
    "incomeTaxExpense": 0,
    "netIncome": 8961000,
    "netIncomeRatio": 0.0797015085,
    "eps": 0.27,
    "epsdiluted": 0.27,
    "weightedAverageShsOut": 31177778,
    "weightedAverageShsOutDil": 33787232,
    "link": "https://www.sec.gov/Archives/edgar/data/920522/000114036111025800/0001140361-11-025800-index.htm",
    "finalLink": "https://www.sec.gov/Archives/edgar/data/920522/000114036111025800/form10q.htm"
  },
  {
    "date": "2010-12-31",
    "symbol": "ESS",
    "reportedCurrency": "USD",
    "cik": "0000920522",
    "fillingDate": "2011-02-25",
    "acceptedDate": "2011-02-25 15:45:47",
    "calendarYear": "2010",
    "period": "Q4",
    "revenue": 109132000,
    "costOfRevenue": 38398000,
    "grossProfit": 70734000,
    "grossProfitRatio": 0.6481508632,
    "researchAndDevelopmentExpenses": 0,
    "generalAndAdministrativeExpenses": 25962000,
    "sellingAndMarketingExpenses": -17988000,
    "sellingGeneralAndAdministrativeExpenses": 7974000,
    "otherExpenses": 37013000,
    "operatingExpenses": 44987000,
    "costAndExpenses": 83385000,
    "interestIncome": 7111000,
    "interestExpense": 23542000,
    "depreciationAndAmortization": 36326000,
    "ebitda": 86574000,
    "ebitdaratio": 0.7932961918,
    "operatingIncome": 25747000,
    "operatingIncomeRatio": 0.2359253015,
    "totalOtherIncomeExpensesNet": -25747000,
    "incomeBeforeTax": 0,
    "incomeBeforeTaxRatio": 0,
    "incomeTaxExpense": 0,
    "netIncome": 5320000,
    "netIncomeRatio": 0.0487483048,
    "eps": 0.18,
    "epsdiluted": 0.18,
    "weightedAverageShsOut": 29690910,
    "weightedAverageShsOutDil": 29690910,
    "link": "https://www.sec.gov/Archives/edgar/data/920522/000114036111012197/0001140361-11-012197-index.htm",
    "finalLink": "https://www.sec.gov/Archives/edgar/data/920522/000114036111012197/form10k.htm"
  },
  {
    "date": "2010-09-30",
    "symbol": "ESS",
    "reportedCurrency": "USD",
    "cik": "0000920522",
    "fillingDate": "2010-11-09",
    "acceptedDate": "2010-11-09 17:26:24",
    "calendarYear": "2010",
    "period": "Q3",
    "revenue": 104327000,
    "costOfRevenue": 37706000,
    "grossProfit": 66621000,
    "grossProfitRatio": 0.6385786997,
    "researchAndDevelopmentExpenses": 0,
    "generalAndAdministrativeExpenses": 6175000,
    "sellingAndMarketingExpenses": 0,
    "sellingGeneralAndAdministrativeExpenses": 6175000,
    "otherExpenses": 33146000,
    "operatingExpenses": 39321000,
    "costAndExpenses": 77027000,
    "interestIncome": 5788000,
    "interestExpense": 21025000,
    "depreciationAndAmortization": 31637000,
    "ebitda": 62922000,
    "ebitdaratio": 0.6031228733,
    "operatingIncome": 27300000,
    "operatingIncomeRatio": 0.2616772264,
    "totalOtherIncomeExpensesNet": -17040000,
    "incomeBeforeTax": 10260000,
    "incomeBeforeTaxRatio": 0.0983446279,
    "incomeTaxExpense": 0,
    "netIncome": 6920000,
    "netIncomeRatio": 0.066329905,
    "eps": 0.21,
    "epsdiluted": 0.21,
    "weightedAverageShsOut": 29690910,
    "weightedAverageShsOutDil": 29762420,
    "link": "https://www.sec.gov/Archives/edgar/data/920522/000114036110044600/0001140361-10-044600-index.htm",
    "finalLink": "https://www.sec.gov/Archives/edgar/data/920522/000114036110044600/form10q.htm"
  },
  {
    "date": "2010-06-30",
    "symbol": "ESS",
    "reportedCurrency": "USD",
    "cik": "0000920522",
    "fillingDate": "2010-08-06",
    "acceptedDate": "2010-08-06 06:14:15",
    "calendarYear": "2010",
    "period": "Q2",
    "revenue": 100185000,
    "costOfRevenue": 34817000,
    "grossProfit": 65368000,
    "grossProfitRatio": 0.6524729251,
    "researchAndDevelopmentExpenses": 0,
    "generalAndAdministrativeExpenses": 6219000,
    "sellingAndMarketingExpenses": 0,
    "sellingGeneralAndAdministrativeExpenses": 6219000,
    "otherExpenses": 31156000,
    "operatingExpenses": 37375000,
    "costAndExpenses": 72192000,
    "interestIncome": 7085000,
    "interestExpense": 20161000,
    "depreciationAndAmortization": 31156000,
    "ebitda": 65021000,
    "ebitdaratio": 0.6490093327,
    "operatingIncome": 27993000,
    "operatingIncomeRatio": 0.2794130858,
    "totalOtherIncomeExpensesNet": -14289000,
    "incomeBeforeTax": 13704000,
    "incomeBeforeTaxRatio": 0.1367869442,
    "incomeTaxExpense": 0,
    "netIncome": 10025000,
    "netIncomeRatio": 0.10006488,
    "eps": 0.32,
    "epsdiluted": 0.32,
    "weightedAverageShsOut": 29329273,
    "weightedAverageShsOutDil": 29402635,
    "link": "https://www.sec.gov/Archives/edgar/data/920522/000114036110031918/0001140361-10-031918-index.htm",
    "finalLink": "https://www.sec.gov/Archives/edgar/data/920522/000114036110031918/form10q.htm"
  },
  {
    "date": "2010-03-31",
    "symbol": "ESS",
    "reportedCurrency": "USD",
    "cik": "0000920522",
    "fillingDate": "2010-05-06",
    "acceptedDate": "2010-05-06 17:23:57",
    "calendarYear": "2010",
    "period": "Q1",
    "revenue": 101184000,
    "costOfRevenue": 34199000,
    "grossProfit": 66985000,
    "grossProfitRatio": 0.6620117805,
    "researchAndDevelopmentExpenses": 0,
    "generalAndAdministrativeExpenses": 5618000,
    "sellingAndMarketingExpenses": 0,
    "sellingGeneralAndAdministrativeExpenses": 5618000,
    "otherExpenses": 30487000,
    "operatingExpenses": 36105000,
    "costAndExpenses": 70304000,
    "interestIncome": 7855000,
    "interestExpense": 20836000,
    "depreciationAndAmortization": 30487000,
    "ebitda": 69181000,
    "ebitdaratio": 0.6837148166,
    "operatingIncome": 30880000,
    "operatingIncomeRatio": 0.3051865908,
    "totalOtherIncomeExpensesNet": -13022000,
    "incomeBeforeTax": 17858000,
    "incomeBeforeTaxRatio": 0.1764903542,
    "incomeTaxExpense": 0,
    "netIncome": 13669000,
    "netIncomeRatio": 0.1350905281,
    "eps": 0.45,
    "epsdiluted": 0.45,
    "weightedAverageShsOut": 28967855,
    "weightedAverageShsOutDil": 29018571,
    "link": "https://www.sec.gov/Archives/edgar/data/920522/000114036110019468/0001140361-10-019468-index.htm",
    "finalLink": "https://www.sec.gov/Archives/edgar/data/920522/000114036110019468/form10q.htm"
  },
  {
    "date": "2009-12-31",
    "symbol": "ESS",
    "reportedCurrency": "USD",
    "cik": "0000920522",
    "fillingDate": "2010-02-26",
    "acceptedDate": "2010-02-26 06:02:37",
    "calendarYear": "2009",
    "period": "Q4",
    "revenue": 100487000,
    "costOfRevenue": 36480000,
    "grossProfit": 64007000,
    "grossProfitRatio": 0.636967966,
    "researchAndDevelopmentExpenses": 0,
    "generalAndAdministrativeExpenses": 23704000,
    "sellingAndMarketingExpenses": -18134000,
    "sellingGeneralAndAdministrativeExpenses": 5570000,
    "otherExpenses": 53045000,
    "operatingExpenses": 58615000,
    "costAndExpenses": 95095000,
    "interestIncome": 3519000,
    "interestExpense": 22336000,
    "depreciationAndAmortization": 30160000,
    "ebitda": 58437000,
    "ebitdaratio": 0.5815379104,
    "operatingIncome": 5392000,
    "operatingIncomeRatio": 0.0536586822,
    "totalOtherIncomeExpensesNet": -5392000,
    "incomeBeforeTax": 0,
    "incomeBeforeTaxRatio": 0,
    "incomeTaxExpense": 0,
    "netIncome": 6953000,
    "netIncomeRatio": 0.0691930299,
    "eps": 0.23,
    "epsdiluted": 0.23,
    "weightedAverageShsOut": 30070076,
    "weightedAverageShsOutDil": 30070076,
    "link": "https://www.sec.gov/Archives/edgar/data/920522/000114036110008624/0001140361-10-008624-index.htm",
    "finalLink": "https://www.sec.gov/Archives/edgar/data/920522/000114036110008624/form10-k.htm"
  },
  {
    "date": "2009-09-30",
    "symbol": "ESS",
    "reportedCurrency": "USD",
    "cik": "0000920522",
    "fillingDate": "2009-11-05",
    "acceptedDate": "2009-11-04 20:12:34",
    "calendarYear": "2009",
    "period": "Q3",
    "revenue": 101694000,
    "costOfRevenue": 36109000,
    "grossProfit": 65585000,
    "grossProfitRatio": 0.644924971,
    "researchAndDevelopmentExpenses": 0,
    "generalAndAdministrativeExpenses": 6086000,
    "sellingAndMarketingExpenses": 0,
    "sellingGeneralAndAdministrativeExpenses": 6086000,
    "otherExpenses": 40947000,
    "operatingExpenses": 47033000,
    "costAndExpenses": 83142000,
    "interestIncome": 3471000,
    "interestExpense": 21966000,
    "depreciationAndAmortization": 29843000,
    "ebitda": 59499000,
    "ebitdaratio": 0.5850787657,
    "operatingIncome": 18552000,
    "operatingIncomeRatio": 0.1824296419,
    "totalOtherIncomeExpensesNet": -18552000,
    "incomeBeforeTax": 0,
    "incomeBeforeTaxRatio": 0,
    "incomeTaxExpense": 0,
    "netIncome": -1239000,
    "netIncomeRatio": -0.0121836097,
    "eps": -0.0412,
    "epsdiluted": -0.0412,
    "weightedAverageShsOut": 30070076,
    "weightedAverageShsOutDil": 30070076,
    "link": "https://www.sec.gov/Archives/edgar/data/920522/000114036109024778/0001140361-09-024778-index.htm",
    "finalLink": "https://www.sec.gov/Archives/edgar/data/920522/000114036109024778/form10q.htm"
  },
  {
    "date": "2009-06-30",
    "symbol": "ESS",
    "reportedCurrency": "USD",
    "cik": "0000920522",
    "fillingDate": "2009-08-07",
    "acceptedDate": "2009-08-06 21:11:54",
    "calendarYear": "2009",
    "period": "Q2",
    "revenue": 103632000,
    "costOfRevenue": 33833000,
    "grossProfit": 69799000,
    "grossProfitRatio": 0.6735274819,
    "researchAndDevelopmentExpenses": 0,
    "generalAndAdministrativeExpenses": 5852000,
    "sellingAndMarketingExpenses": 0,
    "sellingGeneralAndAdministrativeExpenses": 5852000,
    "otherExpenses": 28903000,
    "operatingExpenses": 34755000,
    "costAndExpenses": 68588000,
    "interestIncome": 2867000,
    "interestExpense": 21509000,
    "depreciationAndAmortization": 28903000,
    "ebitda": 63947000,
    "ebitdaratio": 0.6170584375,
    "operatingIncome": 35044000,
    "operatingIncomeRatio": 0.3381580979,
    "totalOtherIncomeExpensesNet": -35044000,
    "incomeBeforeTax": 0,
    "incomeBeforeTaxRatio": 0,
    "incomeTaxExpense": 0,
    "netIncome": 12999000,
    "netIncomeRatio": 0.1254342288,
    "eps": 0.43,
    "epsdiluted": 0.43,
    "weightedAverageShsOut": 26831307,
    "weightedAverageShsOutDil": 26853693,
    "link": "https://www.sec.gov/Archives/edgar/data/920522/000114036109018145/0001140361-09-018145-index.htm",
    "finalLink": "https://www.sec.gov/Archives/edgar/data/920522/000114036109018145/form10q.htm"
  },
  {
    "date": "2009-03-31",
    "symbol": "ESS",
    "reportedCurrency": "USD",
    "cik": "0000920522",
    "fillingDate": "2009-05-07",
    "acceptedDate": "2009-05-07 13:29:37",
    "calendarYear": "2009",
    "period": "Q1",
    "revenue": 105111000,
    "costOfRevenue": 33123000,
    "grossProfit": 71988000,
    "grossProfitRatio": 0.6848759882,
    "researchAndDevelopmentExpenses": 0,
    "generalAndAdministrativeExpenses": 6233000,
    "sellingAndMarketingExpenses": 0,
    "sellingGeneralAndAdministrativeExpenses": 6233000,
    "otherExpenses": 54920000,
    "operatingExpenses": 61153000,
    "costAndExpenses": 94276000,
    "interestIncome": 3232000,
    "interestExpense": 20203000,
    "depreciationAndAmortization": 28965000,
    "ebitda": 65755000,
    "ebitdaratio": 0.6255767712,
    "operatingIncome": 10835000,
    "operatingIncomeRatio": 0.1030815043,
    "totalOtherIncomeExpensesNet": -10835000,
    "incomeBeforeTax": 0,
    "incomeBeforeTaxRatio": 0,
    "incomeTaxExpense": 0,
    "netIncome": 18396000,
    "netIncomeRatio": 0.1750149842,
    "eps": 1.61,
    "epsdiluted": 1.53,
    "weightedAverageShsOut": 26224946,
    "weightedAverageShsOutDil": 28692959,
    "link": "https://www.sec.gov/Archives/edgar/data/920522/000114036109011356/0001140361-09-011356-index.htm",
    "finalLink": "https://www.sec.gov/Archives/edgar/data/920522/000114036109011356/form10q.htm"
  },
  {
    "date": "2008-12-31",
    "symbol": "ESS",
    "reportedCurrency": "USD",
    "cik": "0000920522",
    "fillingDate": "2009-02-27",
    "acceptedDate": "2009-02-27 17:34:11",
    "calendarYear": "2008",
    "period": "Q4",
    "revenue": 106032000,
    "costOfRevenue": 34432000,
    "grossProfit": 71600000,
    "grossProfitRatio": 0.6752678437,
    "researchAndDevelopmentExpenses": 0,
    "generalAndAdministrativeExpenses": 26984000,
    "sellingAndMarketingExpenses": -19600000,
    "sellingGeneralAndAdministrativeExpenses": 7384000,
    "otherExpenses": 50788000,
    "operatingExpenses": 58172000,
    "costAndExpenses": 92604000,
    "interestIncome": 0,
    "interestExpense": 20368000,
    "depreciationAndAmortization": 28296000,
    "ebitda": 124790000,
    "ebitdaratio": 1.1769088577,
    "operatingIncome": 13428000,
    "operatingIncomeRatio": 0.126641014,
    "totalOtherIncomeExpensesNet": -13428000,
    "incomeBeforeTax": 0,
    "incomeBeforeTaxRatio": 0,
    "incomeTaxExpense": 0,
    "netIncome": 20655000,
    "netIncomeRatio": 0.1947996831,
    "eps": 0.83,
    "epsdiluted": 0.83,
    "weightedAverageShsOut": 24752000,
    "weightedAverageShsOutDil": 24752000,
    "link": "https://www.sec.gov/Archives/edgar/data/920522/000114036109005392/0001140361-09-005392-index.htm",
    "finalLink": "https://www.sec.gov/Archives/edgar/data/920522/000114036109005392/form10k.htm"
  },
  {
    "date": "2008-09-30",
    "symbol": "ESS",
    "reportedCurrency": "USD",
    "cik": "0000920522",
    "fillingDate": "2008-11-03",
    "acceptedDate": "2008-10-31 19:41:12",
    "calendarYear": "2008",
    "period": "Q3",
    "revenue": 103253000,
    "costOfRevenue": 34008000,
    "grossProfit": 69245000,
    "grossProfitRatio": 0.6706342673,
    "researchAndDevelopmentExpenses": 0,
    "generalAndAdministrativeExpenses": 6524000,
    "sellingAndMarketingExpenses": 0,
    "sellingGeneralAndAdministrativeExpenses": 6524000,
    "otherExpenses": 48834000,
    "operatingExpenses": 55358000,
    "costAndExpenses": 89366000,
    "interestIncome": 2841000,
    "interestExpense": 21122000,
    "depreciationAndAmortization": 27712000,
    "ebitda": 62721000,
    "ebitdaratio": 0.6074496625,
    "operatingIncome": 13887000,
    "operatingIncomeRatio": 0.1344948815,
    "totalOtherIncomeExpensesNet": -13887000,
    "incomeBeforeTax": 0,
    "incomeBeforeTaxRatio": 0,
    "incomeTaxExpense": 0,
    "netIncome": 14686000,
    "netIncomeRatio": 0.1422331555,
    "eps": 0.5,
    "epsdiluted": 0.49,
    "weightedAverageShsOut": 24752000,
    "weightedAverageShsOutDil": 27910297,
    "link": "https://www.sec.gov/Archives/edgar/data/920522/000114036108024155/0001140361-08-024155-index.htm",
    "finalLink": "https://www.sec.gov/Archives/edgar/data/920522/000114036108024155/form10-q.htm"
  },
  {
    "date": "2008-06-30",
    "symbol": "ESS",
    "reportedCurrency": "USD",
    "cik": "0000920522",
    "fillingDate": "2008-08-06",
    "acceptedDate": "2008-08-06 16:22:13",
    "calendarYear": "2008",
    "period": "Q2",
    "revenue": 101547000,
    "costOfRevenue": 32961000,
    "grossProfit": 68586000,
    "grossProfitRatio": 0.6754113859,
    "researchAndDevelopmentExpenses": 0,
    "generalAndAdministrativeExpenses": 6512000,
    "sellingAndMarketingExpenses": 0,
    "sellingGeneralAndAdministrativeExpenses": 6512000,
    "otherExpenses": 48321000,
    "operatingExpenses": 54833000,
    "costAndExpenses": 87794000,
    "interestIncome": 2433000,
    "interestExpense": 20757000,
    "depreciationAndAmortization": 27564000,
    "ebitda": 41317000,
    "ebitdaratio": 0.4068756339,
    "operatingIncome": 13753000,
    "operatingIncomeRatio": 0.1354348233,
    "totalOtherIncomeExpensesNet": -13753000,
    "incomeBeforeTax": 0,
    "incomeBeforeTaxRatio": 0,
    "incomeTaxExpense": 0,
    "netIncome": 11999000,
    "netIncomeRatio": 0.1181620333,
    "eps": 0.35,
    "epsdiluted": 0.35,
    "weightedAverageShsOut": 24768626,
    "weightedAverageShsOutDil": 25153826,
    "link": "https://www.sec.gov/Archives/edgar/data/920522/000114036108018433/0001140361-08-018433-index.htm",
    "finalLink": "https://www.sec.gov/Archives/edgar/data/920522/000114036108018433/form10q.htm"
  },
  {
    "date": "2008-03-31",
    "symbol": "ESS",
    "reportedCurrency": "USD",
    "cik": "0000920522",
    "fillingDate": "2008-05-08",
    "acceptedDate": "2008-05-08 13:21:58",
    "calendarYear": "2008",
    "period": "Q1",
    "revenue": 99957000,
    "costOfRevenue": 31750000,
    "grossProfit": 68207000,
    "grossProfitRatio": 0.6823634163,
    "researchAndDevelopmentExpenses": 0,
    "generalAndAdministrativeExpenses": 6625000,
    "sellingAndMarketingExpenses": 0,
    "sellingGeneralAndAdministrativeExpenses": 6625000,
    "otherExpenses": 47905000,
    "operatingExpenses": 54530000,
    "costAndExpenses": 86280000,
    "interestIncome": 2768000,
    "interestExpense": 21139000,
    "depreciationAndAmortization": 26766000,
    "ebitda": 40443000,
    "ebitdaratio": 0.4046039797,
    "operatingIncome": 13677000,
    "operatingIncomeRatio": 0.1368288364,
    "totalOtherIncomeExpensesNet": -13677000,
    "incomeBeforeTax": 0,
    "incomeBeforeTaxRatio": 0,
    "incomeTaxExpense": 0,
    "netIncome": 18014000,
    "netIncomeRatio": 0.1802174935,
    "eps": 0.6,
    "epsdiluted": 0.59,
    "weightedAverageShsOut": 24747925,
    "weightedAverageShsOutDil": 24877626,
    "link": "https://www.sec.gov/Archives/edgar/data/920522/000114036108011550/0001140361-08-011550-index.htm",
    "finalLink": "https://www.sec.gov/Archives/edgar/data/920522/000114036108011550/form10-q.htm"
  },
  {
    "date": "2007-12-31",
    "symbol": "ESS",
    "reportedCurrency": "USD",
    "cik": "0000920522",
    "fillingDate": "2008-02-29",
    "acceptedDate": "2008-02-28 20:17:35",
    "calendarYear": "2007",
    "period": "Q4",
    "revenue": 96013000,
    "costOfRevenue": 0,
    "grossProfit": 96013000,
    "grossProfitRatio": 1,
    "researchAndDevelopmentExpenses": 0,
    "generalAndAdministrativeExpenses": 7754000,
    "sellingAndMarketingExpenses": 0,
    "sellingGeneralAndAdministrativeExpenses": 7754000,
    "otherExpenses": 83557000,
    "operatingExpenses": 91311000,
    "costAndExpenses": 91311000,
    "interestIncome": 0,
    "interestExpense": 0,
    "depreciationAndAmortization": 27934000,
    "ebitda": 54639000,
    "ebitdaratio": 0.5690791872,
    "operatingIncome": 4702000,
    "operatingIncomeRatio": 0.048972535,
    "totalOtherIncomeExpensesNet": -1303000,
    "incomeBeforeTax": 3399000,
    "incomeBeforeTaxRatio": 0.0354014561,
    "incomeTaxExpense": 400000,
    "netIncome": 53597000,
    "netIncomeRatio": 0.5582264902,
    "eps": 2.13,
    "epsdiluted": 2.13,
    "weightedAverageShsOut": 25081460,
    "weightedAverageShsOutDil": 25165276,
    "link": "https://www.sec.gov/Archives/edgar/data/920522/000092052208000009/0000920522-08-000009-index.htm",
    "finalLink": "https://www.sec.gov/Archives/edgar/data/920522/000092052208000009/body_10-k.htm"
  },
  {
    "date": "2007-09-30",
    "symbol": "ESS",
    "reportedCurrency": "USD",
    "cik": "0000920522",
    "fillingDate": "2007-11-07",
    "acceptedDate": "2007-11-06 20:06:20",
    "calendarYear": "2007",
    "period": "Q3",
    "revenue": 96280000,
    "costOfRevenue": 31134000,
    "grossProfit": 65146000,
    "grossProfitRatio": 0.6766306606,
    "researchAndDevelopmentExpenses": 0,
    "generalAndAdministrativeExpenses": 6415000,
    "sellingAndMarketingExpenses": 0,
    "sellingGeneralAndAdministrativeExpenses": 6415000,
    "otherExpenses": 44329000,
    "operatingExpenses": 50744000,
    "costAndExpenses": 81878000,
    "interestIncome": 2407000,
    "interestExpense": 19459000,
    "depreciationAndAmortization": 24169000,
    "ebitda": 38571000,
    "ebitdaratio": 0.400612796,
    "operatingIncome": 14402000,
    "operatingIncomeRatio": 0.1495845451,
    "totalOtherIncomeExpensesNet": -2142000,
    "incomeBeforeTax": 12260000,
    "incomeBeforeTaxRatio": 0.1273369339,
    "incomeTaxExpense": 0,
    "netIncome": 12308000,
    "netIncomeRatio": 0.1278354799,
    "eps": 0.4,
    "epsdiluted": 0.39,
    "weightedAverageShsOut": 25165276,
    "weightedAverageShsOutDil": 25555928,
    "link": "https://www.sec.gov/Archives/edgar/data/920522/000092052207000070/0000920522-07-000070-index.htm",
    "finalLink": "https://www.sec.gov/Archives/edgar/data/920522/000092052207000070/body_10-q.htm"
  },
  {
    "date": "2007-06-30",
    "symbol": "ESS",
    "reportedCurrency": "USD",
    "cik": "0000920522",
    "fillingDate": "2007-08-07",
    "acceptedDate": "2007-08-07 17:22:14",
    "calendarYear": "2007",
    "period": "Q2",
    "revenue": 95548000,
    "costOfRevenue": 30871000,
    "grossProfit": 64677000,
    "grossProfitRatio": 0.6769058484,
    "researchAndDevelopmentExpenses": 0,
    "generalAndAdministrativeExpenses": 6008000,
    "sellingAndMarketingExpenses": 0,
    "sellingGeneralAndAdministrativeExpenses": 6008000,
    "otherExpenses": 45799000,
    "operatingExpenses": 51807000,
    "costAndExpenses": 82678000,
    "interestIncome": 2865000,
    "interestExpense": 20491000,
    "depreciationAndAmortization": 24630000,
    "ebitda": 37500000,
    "ebitdaratio": 0.3924728932,
    "operatingIncome": 12870000,
    "operatingIncomeRatio": 0.1346966969,
    "totalOtherIncomeExpensesNet": -968000,
    "incomeBeforeTax": 11902000,
    "incomeBeforeTaxRatio": 0.1245656633,
    "incomeTaxExpense": 0,
    "netIncome": 12187000,
    "netIncomeRatio": 0.1275484573,
    "eps": 0.4,
    "epsdiluted": 0.39,
    "weightedAverageShsOut": 24493816,
    "weightedAverageShsOutDil": 25104021,
    "link": "https://www.sec.gov/Archives/edgar/data/920522/000092052207000051/0000920522-07-000051-index.htm",
    "finalLink": "https://www.sec.gov/Archives/edgar/data/920522/000092052207000051/body_10-q.htm"
  },
  {
    "date": "2007-03-31",
    "symbol": "ESS",
    "reportedCurrency": "USD",
    "cik": "0000920522",
    "fillingDate": "2007-05-08",
    "acceptedDate": "2007-05-08 16:04:33",
    "calendarYear": "2007",
    "period": "Q1",
    "revenue": 90706000,
    "costOfRevenue": 29594000,
    "grossProfit": 61112000,
    "grossProfitRatio": 0.6737371287,
    "researchAndDevelopmentExpenses": 0,
    "generalAndAdministrativeExpenses": 6096000,
    "sellingAndMarketingExpenses": 0,
    "sellingGeneralAndAdministrativeExpenses": 6096000,
    "otherExpenses": 40099000,
    "operatingExpenses": 46195000,
    "costAndExpenses": 75789000,
    "interestIncome": 2182000,
    "interestExpense": 18266000,
    "depreciationAndAmortization": 21156000,
    "ebitda": 36073000,
    "ebitdaratio": 0.3976914427,
    "operatingIncome": 14917000,
    "operatingIncomeRatio": 0.1644543911,
    "totalOtherIncomeExpensesNet": -414000,
    "incomeBeforeTax": 14503000,
    "incomeBeforeTaxRatio": 0.1598901947,
    "incomeTaxExpense": 0,
    "netIncome": 37546000,
    "netIncomeRatio": 0.4139307212,
    "eps": 1.51,
    "epsdiluted": 1.46,
    "weightedAverageShsOut": 23432419,
    "weightedAverageShsOutDil": 24214984,
    "link": "https://www.sec.gov/Archives/edgar/data/920522/000092052207000030/0000920522-07-000030-index.htm",
    "finalLink": "https://www.sec.gov/Archives/edgar/data/920522/000092052207000030/form10q.htm"
  },
  {
    "date": "2006-12-31",
    "symbol": "ESS",
    "reportedCurrency": "USD",
    "cik": "0000920522",
    "fillingDate": "2007-03-01",
    "acceptedDate": "2007-03-01 17:23:25",
    "calendarYear": "2006",
    "period": "Q4",
    "revenue": 82959000,
    "costOfRevenue": 0,
    "grossProfit": 82959000,
    "grossProfitRatio": 1,
    "researchAndDevelopmentExpenses": 0,
    "generalAndAdministrativeExpenses": 7045000,
    "sellingAndMarketingExpenses": 0,
    "sellingGeneralAndAdministrativeExpenses": 7045000,
    "otherExpenses": 62834000,
    "operatingExpenses": 69879000,
    "costAndExpenses": 69879000,
    "interestIncome": 0,
    "interestExpense": 0,
    "depreciationAndAmortization": 18715000,
    "ebitda": -25217000,
    "ebitdaratio": -0.3039694307,
    "operatingIncome": 13080000,
    "operatingIncomeRatio": 0.1576682458,
    "totalOtherIncomeExpensesNet": -3302000,
    "incomeBeforeTax": 9778000,
    "incomeBeforeTaxRatio": 0.1178654516,
    "incomeTaxExpense": 200000,
    "netIncome": 17437000,
    "netIncomeRatio": 0.2101881652,
    "eps": 0.75,
    "epsdiluted": 0.75,
    "weightedAverageShsOut": 23142385,
    "weightedAverageShsOutDil": 23142385,
    "link": "https://www.sec.gov/Archives/edgar/data/920522/000092052207000015/0000920522-07-000015-index.htm",
    "finalLink": "https://www.sec.gov/Archives/edgar/data/920522/000092052207000015/form10k.htm"
  },
  {
    "date": "2006-06-30",
    "symbol": "ESS",
    "reportedCurrency": "USD",
    "cik": "0000920522",
    "fillingDate": "2006-06-30",
    "acceptedDate": "2006-06-29 20:00:00",
    "calendarYear": "2006",
    "period": "Q2",
    "revenue": 84547000,
    "costOfRevenue": 0,
    "grossProfit": 84547000,
    "grossProfitRatio": 1,
    "researchAndDevelopmentExpenses": 0,
    "generalAndAdministrativeExpenses": 5002000,
    "sellingAndMarketingExpenses": 0,
    "sellingGeneralAndAdministrativeExpenses": 5002000,
    "otherExpenses": 68530000,
    "operatingExpenses": 73510000,
    "costAndExpenses": 73510000,
    "interestIncome": 0,
    "interestExpense": 0,
    "depreciationAndAmortization": 19907000,
    "ebitda": 30944000,
    "ebitdaratio": 0.3659976108,
    "operatingIncome": 11037000,
    "operatingIncomeRatio": 0.130542775,
    "totalOtherIncomeExpensesNet": -4281000,
    "incomeBeforeTax": 6756000,
    "incomeBeforeTaxRatio": 0.0799082167,
    "incomeTaxExpense": 138000,
    "netIncome": 22512000,
    "netIncomeRatio": 0.2662661005,
    "eps": 0.96,
    "epsdiluted": 0.95,
    "weightedAverageShsOut": 22950172,
    "weightedAverageShsOutDil": 23226466,
    "link": "",
    "finalLink": ""
  },
  {
    "date": "2006-03-31",
    "symbol": "ESS",
    "reportedCurrency": "USD",
    "cik": "0000920522",
    "fillingDate": "2006-03-31",
    "acceptedDate": "2006-03-30 19:00:00",
    "calendarYear": "2006",
    "period": "Q1",
    "revenue": 83057000,
    "costOfRevenue": 0,
    "grossProfit": 83057000,
    "grossProfitRatio": 1,
    "researchAndDevelopmentExpenses": 0,
    "generalAndAdministrativeExpenses": 4899000,
    "sellingAndMarketingExpenses": 0,
    "sellingGeneralAndAdministrativeExpenses": 4899000,
    "otherExpenses": 68228000,
    "operatingExpenses": 73127000,
    "costAndExpenses": 73127000,
    "interestIncome": 0,
    "interestExpense": 0,
    "depreciationAndAmortization": 19320000,
    "ebitda": 29250000,
    "ebitdaratio": 0.3521677884,
    "operatingIncome": 9930000,
    "operatingIncomeRatio": 0.1195564492,
    "totalOtherIncomeExpensesNet": -2855000,
    "incomeBeforeTax": 7075000,
    "incomeBeforeTaxRatio": 0.0851824651,
    "incomeTaxExpense": 37000,
    "netIncome": 10322000,
    "netIncomeRatio": 0.1242760995,
    "eps": 0.43,
    "epsdiluted": 0.43,
    "weightedAverageShsOut": 22871800,
    "weightedAverageShsOutDil": 23095493,
    "link": "",
    "finalLink": ""
  },
  {
    "date": "2005-12-31",
    "symbol": "ESS",
    "reportedCurrency": "USD",
    "cik": "0000920522",
    "fillingDate": "2005-12-31",
    "acceptedDate": "2005-12-30 19:00:00",
    "calendarYear": "2005",
    "period": "Q4",
    "revenue": 83332000,
    "costOfRevenue": 0,
    "grossProfit": 83332000,
    "grossProfitRatio": 1,
    "researchAndDevelopmentExpenses": 0,
    "generalAndAdministrativeExpenses": 5574000,
    "sellingAndMarketingExpenses": 0,
    "sellingGeneralAndAdministrativeExpenses": 5574000,
    "otherExpenses": 51076000,
    "operatingExpenses": 56650000,
    "costAndExpenses": 56650000,
    "interestIncome": 0,
    "interestExpense": 0,
    "depreciationAndAmortization": 20033000,
    "ebitda": 46715000,
    "ebitdaratio": 0.5605889694,
    "operatingIncome": 26682000,
    "operatingIncomeRatio": 0.320189123,
    "totalOtherIncomeExpensesNet": -21317000,
    "incomeBeforeTax": 5365000,
    "incomeBeforeTaxRatio": 0.0643810301,
    "incomeTaxExpense": 152000,
    "netIncome": 5213000,
    "netIncomeRatio": 0.0625570009,
    "eps": 0.23,
    "epsdiluted": 0.23,
    "weightedAverageShsOut": 22933294,
    "weightedAverageShsOutDil": 23106569,
    "link": "",
    "finalLink": ""
  },
  {
    "date": "2005-09-30",
    "symbol": "ESS",
    "reportedCurrency": "USD",
    "cik": "0000920522",
    "fillingDate": "2005-11-08",
    "acceptedDate": "2005-11-08 17:30:57",
    "calendarYear": "2005",
    "period": "Q3",
    "revenue": 83482000,
    "costOfRevenue": 0,
    "grossProfit": 83482000,
    "grossProfitRatio": 1,
    "researchAndDevelopmentExpenses": 0,
    "generalAndAdministrativeExpenses": 4560000,
    "sellingAndMarketingExpenses": 0,
    "sellingGeneralAndAdministrativeExpenses": 4560000,
    "otherExpenses": 69060000,
    "operatingExpenses": 73620000,
    "costAndExpenses": 73620000,
    "interestIncome": 0,
    "interestExpense": 0,
    "depreciationAndAmortization": 20323000,
    "ebitda": 48751000,
    "ebitdaratio": 0.5839701972,
    "operatingIncome": 9862000,
    "operatingIncomeRatio": 0.1181332503,
    "totalOtherIncomeExpensesNet": -38000,
    "incomeBeforeTax": 9824000,
    "incomeBeforeTaxRatio": 0.1176780623,
    "incomeTaxExpense": 1185000,
    "netIncome": 8747000,
    "netIncomeRatio": 0.1047770777,
    "eps": 0.36,
    "epsdiluted": 0.35,
    "weightedAverageShsOut": 23106569,
    "weightedAverageShsOutDil": 23411959,
    "link": "https://www.sec.gov/Archives/edgar/data/920522/000105305905000018/0001053059-05-000018-index.htm",
    "finalLink": "https://www.sec.gov/Archives/edgar/data/920522/000105305905000018/body_10q.htm"
  },
  {
    "date": "2005-06-30",
    "symbol": "ESS",
    "reportedCurrency": "USD",
    "cik": "0000920522",
    "fillingDate": "2005-08-05",
    "acceptedDate": "2005-08-05 17:14:23",
    "calendarYear": "2005",
    "period": "Q2",
    "revenue": 80593000,
    "costOfRevenue": 0,
    "grossProfit": 80593000,
    "grossProfitRatio": 1,
    "researchAndDevelopmentExpenses": 0,
    "generalAndAdministrativeExpenses": 4573000,
    "sellingAndMarketingExpenses": 0,
    "sellingGeneralAndAdministrativeExpenses": 4573000,
    "otherExpenses": 49401000,
    "operatingExpenses": 53974000,
    "costAndExpenses": 53974000,
    "interestIncome": 0,
    "interestExpense": 0,
    "depreciationAndAmortization": 20043000,
    "ebitda": 46662000,
    "ebitdaratio": 0.5789832864,
    "operatingIncome": 26619000,
    "operatingIncomeRatio": 0.3302892311,
    "totalOtherIncomeExpensesNet": -13082000,
    "incomeBeforeTax": 13537000,
    "incomeBeforeTaxRatio": 0.1679674413,
    "incomeTaxExpense": 1100000,
    "netIncome": 38878000,
    "netIncomeRatio": 0.4823992158,
    "eps": 1.66,
    "epsdiluted": 1.64,
    "weightedAverageShsOut": 23069620,
    "weightedAverageShsOutDil": 23372873,
    "link": "https://www.sec.gov/Archives/edgar/data/920522/000105305905000005/0001053059-05-000005-index.htm",
    "finalLink": "https://www.sec.gov/Archives/edgar/data/920522/000105305905000005/body_10q.htm"
  },
  {
    "date": "2005-03-31",
    "symbol": "ESS",
    "reportedCurrency": "USD",
    "cik": "0000920522",
    "fillingDate": "2005-05-06",
    "acceptedDate": "2005-05-06 16:52:19",
    "calendarYear": "2005",
    "period": "Q1",
    "revenue": 84853000,
    "costOfRevenue": 0,
    "grossProfit": 84853000,
    "grossProfitRatio": 1,
    "researchAndDevelopmentExpenses": 0,
    "generalAndAdministrativeExpenses": 11861000,
    "sellingAndMarketingExpenses": 1166000,
    "sellingGeneralAndAdministrativeExpenses": 13027000,
    "otherExpenses": 47124000,
    "operatingExpenses": 51565000,
    "costAndExpenses": 51565000,
    "interestIncome": 0,
    "interestExpense": 0,
    "depreciationAndAmortization": 19579000,
    "ebitda": 52867000,
    "ebitdaratio": 0.6230422024,
    "operatingIncome": 33288000,
    "operatingIncomeRatio": 0.3923019811,
    "totalOtherIncomeExpensesNet": -8250000,
    "incomeBeforeTax": 25038000,
    "incomeBeforeTaxRatio": 0.2950750121,
    "incomeTaxExpense": 101000,
    "netIncome": 26877000,
    "netIncomeRatio": 0.3167477873,
    "eps": 1.15,
    "epsdiluted": 1.13,
    "weightedAverageShsOut": 23044075,
    "weightedAverageShsOutDil": 23330358,
    "link": "https://www.sec.gov/Archives/edgar/data/920522/000101540205002285/0001015402-05-002285-index.htm",
    "finalLink": "https://www.sec.gov/Archives/edgar/data/920522/000101540205002285/body.htm"
  },
  {
    "date": "2004-12-31",
    "symbol": "ESS",
    "reportedCurrency": "USD",
    "cik": "0000920522",
    "fillingDate": "2005-03-31",
    "acceptedDate": "2005-03-31 12:16:57",
    "calendarYear": "2004",
    "period": "Q4",
    "revenue": 74412000,
    "costOfRevenue": 0,
    "grossProfit": 74412000,
    "grossProfitRatio": 1,
    "researchAndDevelopmentExpenses": 0,
    "generalAndAdministrativeExpenses": 11814000,
    "sellingAndMarketingExpenses": 919000,
    "sellingGeneralAndAdministrativeExpenses": 12733000,
    "otherExpenses": 35796000,
    "operatingExpenses": 48529000,
    "costAndExpenses": 48529000,
    "interestIncome": 0,
    "interestExpense": 0,
    "depreciationAndAmortization": 18200000,
    "ebitda": 44083000,
    "ebitdaratio": 0.5924178896,
    "operatingIncome": 25883000,
    "operatingIncomeRatio": 0.3478336827,
    "totalOtherIncomeExpensesNet": -25883000,
    "incomeBeforeTax": 0,
    "incomeBeforeTaxRatio": 0,
    "incomeTaxExpense": 0,
    "netIncome": 32513000,
    "netIncomeRatio": 0.4369322152,
    "eps": 1.42,
    "epsdiluted": 1.42,
    "weightedAverageShsOut": 22940419,
    "weightedAverageShsOutDil": 22940419,
    "link": "https://www.sec.gov/Archives/edgar/data/920522/000110465905014152/0001104659-05-014152-index.htm",
    "finalLink": "https://www.sec.gov/Archives/edgar/data/920522/000110465905014152/a05-5625_110k.htm"
  },
  {
    "date": "2004-09-30",
    "symbol": "ESS",
    "reportedCurrency": "USD",
    "cik": "0000920522",
    "fillingDate": "2004-11-09",
    "acceptedDate": "2004-11-09 16:49:19",
    "calendarYear": "2004",
    "period": "Q3",
    "revenue": 87434000,
    "costOfRevenue": 0,
    "grossProfit": 87434000,
    "grossProfitRatio": 1,
    "researchAndDevelopmentExpenses": 0,
    "generalAndAdministrativeExpenses": 14600000,
    "sellingAndMarketingExpenses": 1444000,
    "sellingGeneralAndAdministrativeExpenses": 16044000,
    "otherExpenses": 43436000,
    "operatingExpenses": 51075000,
    "costAndExpenses": 51075000,
    "interestIncome": 0,
    "interestExpense": 0,
    "depreciationAndAmortization": 18061000,
    "ebitda": 54420000,
    "ebitdaratio": 0.6224123339,
    "operatingIncome": 36359000,
    "operatingIncomeRatio": 0.4158450946,
    "totalOtherIncomeExpensesNet": -1793000,
    "incomeBeforeTax": 34566000,
    "incomeBeforeTaxRatio": 0.395338198,
    "incomeTaxExpense": 122000,
    "netIncome": 35030000,
    "netIncomeRatio": 0.400645058,
    "eps": 1.51,
    "epsdiluted": 1.49,
    "weightedAverageShsOut": 22940419,
    "weightedAverageShsOutDil": 23205958,
    "link": "https://www.sec.gov/Archives/edgar/data/920522/000092052204000042/0000920522-04-000042-index.htm",
    "finalLink": "https://www.sec.gov/Archives/edgar/data/920522/000092052204000042/form10-q.htm"
  },
  {
    "date": "2004-06-30",
    "symbol": "ESS",
    "reportedCurrency": "USD",
    "cik": "0000920522",
    "fillingDate": "2004-08-09",
    "acceptedDate": "2004-08-09 16:07:08",
    "calendarYear": "2004",
    "period": "Q2",
    "revenue": 70953000,
    "costOfRevenue": 0,
    "grossProfit": 70953000,
    "grossProfitRatio": 1,
    "researchAndDevelopmentExpenses": 0,
    "generalAndAdministrativeExpenses": 2536000,
    "sellingAndMarketingExpenses": 966000,
    "sellingGeneralAndAdministrativeExpenses": 3502000,
    "otherExpenses": 41774000,
    "operatingExpenses": 45253000,
    "costAndExpenses": 45253000,
    "interestIncome": 0,
    "interestExpense": 0,
    "depreciationAndAmortization": 17526000,
    "ebitda": 43226000,
    "ebitdaratio": 0.609220188,
    "operatingIncome": 25700000,
    "operatingIncomeRatio": 0.3622116049,
    "totalOtherIncomeExpensesNet": -25700000,
    "incomeBeforeTax": 0,
    "incomeBeforeTaxRatio": 0,
    "incomeTaxExpense": -5737000,
    "netIncome": 5713000,
    "netIncomeRatio": 0.0805180894,
    "eps": 0.23,
    "epsdiluted": 0.23,
    "weightedAverageShsOut": 22907331,
    "weightedAverageShsOutDil": 23128951,
    "link": "https://www.sec.gov/Archives/edgar/data/920522/000092052204000028/0000920522-04-000028-index.htm",
    "finalLink": "https://www.sec.gov/Archives/edgar/data/920522/000092052204000028/form10q.htm"
  },
  {
    "date": "2004-03-31",
    "symbol": "ESS",
    "reportedCurrency": "USD",
    "cik": "0000920522",
    "fillingDate": "2004-05-17",
    "acceptedDate": "2004-05-17 16:08:26",
    "calendarYear": "2004",
    "period": "Q1",
    "revenue": 66311000,
    "costOfRevenue": 0,
    "grossProfit": 66311000,
    "grossProfitRatio": 1,
    "researchAndDevelopmentExpenses": 0,
    "generalAndAdministrativeExpenses": 9846000,
    "sellingAndMarketingExpenses": 840000,
    "sellingGeneralAndAdministrativeExpenses": 10686000,
    "otherExpenses": 32697000,
    "operatingExpenses": 43379000,
    "costAndExpenses": 43379000,
    "interestIncome": 0,
    "interestExpense": 0,
    "depreciationAndAmortization": 18346000,
    "ebitda": 41278000,
    "ebitdaratio": 0.6224909894,
    "operatingIncome": 22932000,
    "operatingIncomeRatio": 0.3458249762,
    "totalOtherIncomeExpensesNet": -22932000,
    "incomeBeforeTax": 0,
    "incomeBeforeTaxRatio": 0,
    "incomeTaxExpense": 0,
    "netIncome": 6450000,
    "netIncomeRatio": 0.0972689297,
    "eps": 0.26,
    "epsdiluted": 0.26,
    "weightedAverageShsOut": 22843258,
    "weightedAverageShsOutDil": 23104929,
    "link": "https://www.sec.gov/Archives/edgar/data/920522/000092052204000024/0000920522-04-000024-index.htm",
    "finalLink": "https://www.sec.gov/Archives/edgar/data/920522/000092052204000024/form10q.htm"
  },
  {
    "date": "2003-12-31",
    "symbol": "ESS",
    "reportedCurrency": "USD",
    "cik": "0000920522",
    "fillingDate": "2004-03-15",
    "acceptedDate": "2004-03-15 12:27:46",
    "calendarYear": "2003",
    "period": "Q4",
    "revenue": 58771000,
    "costOfRevenue": 0,
    "grossProfit": 58771000,
    "grossProfitRatio": 1,
    "researchAndDevelopmentExpenses": 0,
    "generalAndAdministrativeExpenses": 6905000,
    "sellingAndMarketingExpenses": 964000,
    "sellingGeneralAndAdministrativeExpenses": 7869000,
    "otherExpenses": 27258000,
    "operatingExpenses": 35127000,
    "costAndExpenses": 35127000,
    "interestIncome": 0,
    "interestExpense": 0,
    "depreciationAndAmortization": 13936000,
    "ebitda": 37580000,
    "ebitdaratio": 0.6394310119,
    "operatingIncome": 23644000,
    "operatingIncomeRatio": 0.4023072604,
    "totalOtherIncomeExpensesNet": -23644000,
    "incomeBeforeTax": 0,
    "incomeBeforeTaxRatio": 0,
    "incomeTaxExpense": 0,
    "netIncome": 7806000,
    "netIncomeRatio": 0.1328206088,
    "eps": 0.37,
    "epsdiluted": 0.37,
    "weightedAverageShsOut": 21126229,
    "weightedAverageShsOutDil": 21126229,
    "link": "https://www.sec.gov/Archives/edgar/data/920522/000092052204000006/0000920522-04-000006-index.htm",
    "finalLink": "https://www.sec.gov/Archives/edgar/data/920522/000092052204000006/body10k.htm"
  },
  {
    "date": "2003-09-30",
    "symbol": "ESS",
    "reportedCurrency": "USD",
    "cik": "0000920522",
    "fillingDate": "2003-11-14",
    "acceptedDate": "2003-11-14 15:30:36",
    "calendarYear": "2003",
    "period": "Q3",
    "revenue": 62945000,
    "costOfRevenue": 0,
    "grossProfit": 62945000,
    "grossProfitRatio": 1,
    "researchAndDevelopmentExpenses": 0,
    "generalAndAdministrativeExpenses": 6055000,
    "sellingAndMarketingExpenses": 1016000,
    "sellingGeneralAndAdministrativeExpenses": 7071000,
    "otherExpenses": 29204000,
    "operatingExpenses": 37723000,
    "costAndExpenses": 37723000,
    "interestIncome": 0,
    "interestExpense": 0,
    "depreciationAndAmortization": 14506000,
    "ebitda": 39728000,
    "ebitdaratio": 0.6311541822,
    "operatingIncome": 25222000,
    "operatingIncomeRatio": 0.400699023,
    "totalOtherIncomeExpensesNet": -25222000,
    "incomeBeforeTax": 0,
    "incomeBeforeTaxRatio": 0,
    "incomeTaxExpense": 0,
    "netIncome": 9260000,
    "netIncomeRatio": 0.1471125586,
    "eps": 0.41,
    "epsdiluted": 0.41,
    "weightedAverageShsOut": 21126229,
    "weightedAverageShsOutDil": 21377735,
    "link": "https://www.sec.gov/Archives/edgar/data/920522/000092052203000034/0000920522-03-000034-index.htm",
    "finalLink": "https://www.sec.gov/Archives/edgar/data/920522/000092052203000034/form10q.htm"
  },
  {
    "date": "2003-06-30",
    "symbol": "ESS",
    "reportedCurrency": "USD",
    "cik": "0000920522",
    "fillingDate": "2003-08-13",
    "acceptedDate": "2003-08-13 15:22:54",
    "calendarYear": "2003",
    "period": "Q2",
    "revenue": 65315000,
    "costOfRevenue": 0,
    "grossProfit": 65315000,
    "grossProfitRatio": 1,
    "researchAndDevelopmentExpenses": 0,
    "generalAndAdministrativeExpenses": 6280000,
    "sellingAndMarketingExpenses": 1002000,
    "sellingGeneralAndAdministrativeExpenses": 7282000,
    "otherExpenses": 30983000,
    "operatingExpenses": 33345000,
    "costAndExpenses": 33345000,
    "interestIncome": 0,
    "interestExpense": 0,
    "depreciationAndAmortization": 13225000,
    "ebitda": 45195000,
    "ebitdaratio": 0.691954375,
    "operatingIncome": 31970000,
    "operatingIncomeRatio": 0.4894740871,
    "totalOtherIncomeExpensesNet": -31970000,
    "incomeBeforeTax": 0,
    "incomeBeforeTaxRatio": 0,
    "incomeTaxExpense": 0,
    "netIncome": 10650000,
    "netIncomeRatio": 0.1630559596,
    "eps": 0.47,
    "epsdiluted": 0.46,
    "weightedAverageShsOut": 21036074,
    "weightedAverageShsOutDil": 23558314,
    "link": "https://www.sec.gov/Archives/edgar/data/920522/000092052203000022/0000920522-03-000022-index.htm",
    "finalLink": "https://www.sec.gov/Archives/edgar/data/920522/000092052203000022/form10q.htm"
  },
  {
    "date": "2003-03-31",
    "symbol": "ESS",
    "reportedCurrency": "USD",
    "cik": "0000920522",
    "fillingDate": "2003-05-15",
    "acceptedDate": "2003-05-14 21:08:56",
    "calendarYear": "2003",
    "period": "Q1",
    "revenue": 66285000,
    "costOfRevenue": 0,
    "grossProfit": 66285000,
    "grossProfitRatio": 1,
    "researchAndDevelopmentExpenses": 0,
    "generalAndAdministrativeExpenses": 7823000,
    "sellingAndMarketingExpenses": 860000,
    "sellingGeneralAndAdministrativeExpenses": 8683000,
    "otherExpenses": 26508000,
    "operatingExpenses": 36621000,
    "costAndExpenses": 36621000,
    "interestIncome": 0,
    "interestExpense": 0,
    "depreciationAndAmortization": 13302000,
    "ebitda": 42966000,
    "ebitdaratio": 0.6482009504,
    "operatingIncome": 29664000,
    "operatingIncomeRatio": 0.4475220638,
    "totalOtherIncomeExpensesNet": -29664000,
    "incomeBeforeTax": 0,
    "incomeBeforeTaxRatio": 0,
    "incomeTaxExpense": 0,
    "netIncome": 10231000,
    "netIncomeRatio": 0.154348646,
    "eps": 0.46,
    "epsdiluted": 0.45,
    "weightedAverageShsOut": 20995908,
    "weightedAverageShsOutDil": 21208098,
    "link": "https://www.sec.gov/Archives/edgar/data/920522/000092052203000018/0000920522-03-000018-index.htm",
    "finalLink": "https://www.sec.gov/Archives/edgar/data/920522/000092052203000018/form10q.htm"
  },
  {
    "date": "2002-12-31",
    "symbol": "ESS",
    "reportedCurrency": "USD",
    "cik": "0000920522",
    "fillingDate": "2003-03-31",
    "acceptedDate": "2003-03-31 13:42:55",
    "calendarYear": "2002",
    "period": "Q4",
    "revenue": 50934000,
    "costOfRevenue": 0,
    "grossProfit": 50934000,
    "grossProfitRatio": 1,
    "researchAndDevelopmentExpenses": 0,
    "generalAndAdministrativeExpenses": 6432000,
    "sellingAndMarketingExpenses": 921000,
    "sellingGeneralAndAdministrativeExpenses": 7353000,
    "otherExpenses": 19209000,
    "operatingExpenses": 26562000,
    "costAndExpenses": 26562000,
    "interestIncome": 0,
    "interestExpense": 0,
    "depreciationAndAmortization": 9813000,
    "ebitda": 34185000,
    "ebitdaratio": 0.6711626811,
    "operatingIncome": 24372000,
    "operatingIncomeRatio": 0.4785015903,
    "totalOtherIncomeExpensesNet": -24372000,
    "incomeBeforeTax": 0,
    "incomeBeforeTaxRatio": 0,
    "incomeTaxExpense": 0,
    "netIncome": 9605000,
    "netIncomeRatio": 0.1885773746,
    "eps": 0.52,
    "epsdiluted": 0.52,
    "weightedAverageShsOut": 18345664,
    "weightedAverageShsOutDil": 18345664,
    "link": "https://www.sec.gov/Archives/edgar/data/920522/000092052203000011/0000920522-03-000011-index.htm",
    "finalLink": "https://www.sec.gov/Archives/edgar/data/920522/000092052203000011/body10k.htm"
  },
  {
    "date": "2002-09-30",
    "symbol": "ESS",
    "reportedCurrency": "USD",
    "cik": "0000920522",
    "fillingDate": "2002-11-14",
    "acceptedDate": "2002-11-14 17:19:06",
    "calendarYear": "2002",
    "period": "Q3",
    "revenue": 48795000,
    "costOfRevenue": 0,
    "grossProfit": 48795000,
    "grossProfitRatio": 1,
    "researchAndDevelopmentExpenses": 0,
    "generalAndAdministrativeExpenses": 4885000,
    "sellingAndMarketingExpenses": 658000,
    "sellingGeneralAndAdministrativeExpenses": 5543000,
    "otherExpenses": 18053000,
    "operatingExpenses": 23596000,
    "costAndExpenses": 23596000,
    "interestIncome": 0,
    "interestExpense": 0,
    "depreciationAndAmortization": 9129000,
    "ebitda": 34328000,
    "ebitdaratio": 0.7035147044,
    "operatingIncome": 25199000,
    "operatingIncomeRatio": 0.5164258633,
    "totalOtherIncomeExpensesNet": -25199000,
    "incomeBeforeTax": 0,
    "incomeBeforeTaxRatio": 0,
    "incomeTaxExpense": 0,
    "netIncome": 10614000,
    "netIncomeRatio": 0.2175222871,
    "eps": 0.58,
    "epsdiluted": 0.57,
    "weightedAverageShsOut": 18345664,
    "weightedAverageShsOutDil": 18508907,
    "link": "https://www.sec.gov/Archives/edgar/data/920522/000092052202000004/0000920522-02-000004-index.htm",
    "finalLink": "https://www.sec.gov/Archives/edgar/data/920522/000092052202000004/form10q.htm"
  },
  {
    "date": "2002-06-30",
    "symbol": "ESS",
    "reportedCurrency": "USD",
    "cik": "0000920522",
    "fillingDate": "2002-08-13",
    "acceptedDate": "2002-08-13 17:26:43",
    "calendarYear": "2002",
    "period": "Q2",
    "revenue": 50983000,
    "costOfRevenue": 0,
    "grossProfit": 50983000,
    "grossProfitRatio": 1,
    "researchAndDevelopmentExpenses": 0,
    "generalAndAdministrativeExpenses": 4610000,
    "sellingAndMarketingExpenses": 732000,
    "sellingGeneralAndAdministrativeExpenses": 5342000,
    "otherExpenses": 34783000,
    "operatingExpenses": 40125000,
    "costAndExpenses": 40125000,
    "interestIncome": 0,
    "interestExpense": 0,
    "depreciationAndAmortization": 9114000,
    "ebitda": 19972000,
    "ebitdaratio": 0.3917384226,
    "operatingIncome": 10858000,
    "operatingIncomeRatio": 0.2129729518,
    "totalOtherIncomeExpensesNet": -10858000,
    "incomeBeforeTax": 0,
    "incomeBeforeTaxRatio": 0,
    "incomeTaxExpense": 0,
    "netIncome": 21358000,
    "netIncomeRatio": 0.418923955,
    "eps": 1.15,
    "epsdiluted": 1.14,
    "weightedAverageShsOut": 18603394,
    "weightedAverageShsOutDil": 18793987,
    "link": "https://www.sec.gov/Archives/edgar/data/920522/000102140802010698/0001021408-02-010698-index.htm",
    "finalLink": "https://www.sec.gov/Archives/edgar/data/920522/000102140802010698/d10q.htm"
  },
  {
    "date": "2002-03-31",
    "symbol": "ESS",
    "reportedCurrency": "USD",
    "cik": "0000920522",
    "fillingDate": "2002-05-15",
    "acceptedDate": "2002-05-14 18:16:42",
    "calendarYear": "2002",
    "period": "Q1",
    "revenue": 49412000,
    "costOfRevenue": 0,
    "grossProfit": 49412000,
    "grossProfitRatio": 1,
    "researchAndDevelopmentExpenses": 0,
    "generalAndAdministrativeExpenses": 5370000,
    "sellingAndMarketingExpenses": 628000,
    "sellingGeneralAndAdministrativeExpenses": 5998000,
    "otherExpenses": 17202000,
    "operatingExpenses": 23150000,
    "costAndExpenses": 23150000,
    "interestIncome": 0,
    "interestExpense": 0,
    "depreciationAndAmortization": 9080000,
    "ebitda": 66879000,
    "ebitdaratio": 1.3534971262,
    "operatingIncome": 26262000,
    "operatingIncomeRatio": 0.5314903262,
    "totalOtherIncomeExpensesNet": -26262000,
    "incomeBeforeTax": 0,
    "incomeBeforeTaxRatio": 0,
    "incomeTaxExpense": 0,
    "netIncome": 11296000,
    "netIncomeRatio": 0.2286084352,
    "eps": 0.61,
    "epsdiluted": 0.61,
    "weightedAverageShsOut": 18500117,
    "weightedAverageShsOutDil": 18681096,
    "link": "https://www.sec.gov/Archives/edgar/data/920522/000101287002002293/0001012870-02-002293-index.htm",
    "finalLink": "https://www.sec.gov/Archives/edgar/data/920522/000101287002002293/d10q.htm"
  },
  {
    "date": "2001-12-31",
    "symbol": "ESS",
    "reportedCurrency": "USD",
    "cik": "0000920522",
    "fillingDate": "2002-03-29",
    "acceptedDate": "2002-03-29 00:00:00",
    "calendarYear": "2001",
    "period": "Q4",
    "revenue": 52717000,
    "costOfRevenue": 0,
    "grossProfit": 52717000,
    "grossProfitRatio": 1,
    "researchAndDevelopmentExpenses": 0,
    "generalAndAdministrativeExpenses": -11872000,
    "sellingAndMarketingExpenses": 857000,
    "sellingGeneralAndAdministrativeExpenses": -11015000,
    "otherExpenses": -21687000,
    "operatingExpenses": -32702000,
    "costAndExpenses": -32702000,
    "interestIncome": 0,
    "interestExpense": 0,
    "depreciationAndAmortization": 9345000,
    "ebitda": 94764000,
    "ebitdaratio": 1.7975984976,
    "operatingIncome": 85419000,
    "operatingIncomeRatio": 1.6203312025,
    "totalOtherIncomeExpensesNet": -85419000,
    "incomeBeforeTax": 0,
    "incomeBeforeTaxRatio": 0,
    "incomeTaxExpense": 0,
    "netIncome": 11069000,
    "netIncomeRatio": 0.2099702183,
    "eps": 0.6,
    "epsdiluted": 0.6,
    "weightedAverageShsOut": 18450330,
    "weightedAverageShsOutDil": 18491144,
    "link": "https://www.sec.gov/Archives/edgar/data/920522/000102140802004494/0001021408-02-004494-index.htm",
    "finalLink": "https://www.sec.gov/Archives/edgar/data/920522/000102140802004494/d10k.txt"
  },
  {
    "date": "2001-09-30",
    "symbol": "ESS",
    "reportedCurrency": "USD",
    "cik": "0000920522",
    "fillingDate": "2001-11-09",
    "acceptedDate": "2001-11-09 00:00:00",
    "calendarYear": "2001",
    "period": "Q3",
    "revenue": 55024000,
    "costOfRevenue": 0,
    "grossProfit": 55024000,
    "grossProfitRatio": 1,
    "researchAndDevelopmentExpenses": 0,
    "generalAndAdministrativeExpenses": 5527000,
    "sellingAndMarketingExpenses": 655000,
    "sellingGeneralAndAdministrativeExpenses": 6182000,
    "otherExpenses": 41470000,
    "operatingExpenses": 47578000,
    "costAndExpenses": 47578000,
    "interestIncome": 0,
    "interestExpense": 0,
    "depreciationAndAmortization": 9197000,
    "ebitda": 72744000,
    "ebitdaratio": 1.3220412911,
    "operatingIncome": 7446000,
    "operatingIncomeRatio": 0.1353227682,
    "totalOtherIncomeExpensesNet": -7446000,
    "incomeBeforeTax": 0,
    "incomeBeforeTaxRatio": 0,
    "incomeTaxExpense": 0,
    "netIncome": 14899000,
    "netIncomeRatio": 0.2707727537,
    "eps": 0.81,
    "epsdiluted": 0.79,
    "weightedAverageShsOut": 18491144,
    "weightedAverageShsOutDil": 21093631,
    "link": "https://www.sec.gov/Archives/edgar/data/920522/000101287001502683/0001012870-01-502683-index.htm",
    "finalLink": "https://www.sec.gov/Archives/edgar/data/920522/000101287001502683/d10q.txt"
  },
  {
    "date": "2001-06-30",
    "symbol": "ESS",
    "reportedCurrency": "USD",
    "cik": "0000920522",
    "fillingDate": "2001-08-13",
    "acceptedDate": "2001-08-13 00:00:00",
    "calendarYear": "2001",
    "period": "Q2",
    "revenue": 50519000,
    "costOfRevenue": 0,
    "grossProfit": 50519000,
    "grossProfitRatio": 1,
    "researchAndDevelopmentExpenses": 0,
    "generalAndAdministrativeExpenses": 5476000,
    "sellingAndMarketingExpenses": 648000,
    "sellingGeneralAndAdministrativeExpenses": 6124000,
    "otherExpenses": 17244000,
    "operatingExpenses": 23345000,
    "costAndExpenses": 23345000,
    "interestIncome": 0,
    "interestExpense": 0,
    "depreciationAndAmortization": 8927000,
    "ebitda": 68028000,
    "ebitdaratio": 1.3465824739,
    "operatingIncome": 27174000,
    "operatingIncomeRatio": 0.5378966329,
    "totalOtherIncomeExpensesNet": -27174000,
    "incomeBeforeTax": 0,
    "incomeBeforeTaxRatio": 0,
    "incomeTaxExpense": 0,
    "netIncome": 11527000,
    "netIncomeRatio": 0.228171579,
    "eps": 0.62,
    "epsdiluted": 0.61,
    "weightedAverageShsOut": 18462237,
    "weightedAverageShsOutDil": 18777636,
    "link": "https://www.sec.gov/Archives/edgar/data/920522/000101287001501557/0001012870-01-501557-index.htm",
    "finalLink": "https://www.sec.gov/Archives/edgar/data/920522/000101287001501557/d10q.txt"
  },
  {
    "date": "2001-03-31",
    "symbol": "ESS",
    "reportedCurrency": "USD",
    "cik": "0000920522",
    "fillingDate": "2001-05-14",
    "acceptedDate": "2001-05-14 00:00:00",
    "calendarYear": "2001",
    "period": "Q1",
    "revenue": 50110000,
    "costOfRevenue": 0,
    "grossProfit": 50110000,
    "grossProfitRatio": 1,
    "researchAndDevelopmentExpenses": 0,
    "generalAndAdministrativeExpenses": 5497000,
    "sellingAndMarketingExpenses": 710000,
    "sellingGeneralAndAdministrativeExpenses": 6207000,
    "otherExpenses": 36407000,
    "operatingExpenses": 42614000,
    "costAndExpenses": 42614000,
    "interestIncome": 0,
    "interestExpense": 0,
    "depreciationAndAmortization": 8826000,
    "ebitda": 16322000,
    "ebitdaratio": 0.3257234085,
    "operatingIncome": 7496000,
    "operatingIncomeRatio": 0.1495909,
    "totalOtherIncomeExpensesNet": -7496000,
    "incomeBeforeTax": 0,
    "incomeBeforeTaxRatio": 0,
    "incomeTaxExpense": 0,
    "netIncome": 11049000,
    "netIncomeRatio": 0.2204949112,
    "eps": 0.6,
    "epsdiluted": 0.59,
    "weightedAverageShsOut": 18427644,
    "weightedAverageShsOutDil": 18810140,
    "link": "https://www.sec.gov/Archives/edgar/data/920522/000092962401500275/0000929624-01-500275-index.htm",
    "finalLink": "https://www.sec.gov/Archives/edgar/data/920522/000092962401500275/d10q.txt"
  },
  {
    "date": "2000-12-31",
    "symbol": "ESS",
    "reportedCurrency": "USD",
    "cik": "0000920522",
    "fillingDate": "2001-03-30",
    "acceptedDate": "2001-03-30 00:00:00",
    "calendarYear": "2000",
    "period": "Q4",
    "revenue": 49434000,
    "costOfRevenue": 0,
    "grossProfit": 49434000,
    "grossProfitRatio": 1,
    "researchAndDevelopmentExpenses": 0,
    "generalAndAdministrativeExpenses": 4967000,
    "sellingAndMarketingExpenses": 542000,
    "sellingGeneralAndAdministrativeExpenses": 5509000,
    "otherExpenses": 17047000,
    "operatingExpenses": 22556000,
    "costAndExpenses": 22556000,
    "interestIncome": 0,
    "interestExpense": 0,
    "depreciationAndAmortization": 8459000,
    "ebitda": 35337000,
    "ebitdaratio": 0.7148318971,
    "operatingIncome": 26878000,
    "operatingIncomeRatio": 0.5437148521,
    "totalOtherIncomeExpensesNet": -26878000,
    "incomeBeforeTax": 0,
    "incomeBeforeTaxRatio": 0,
    "incomeTaxExpense": 0,
    "netIncome": 11081000,
    "netIncomeRatio": 0.2241574625,
    "eps": 0.6,
    "epsdiluted": 0.6,
    "weightedAverageShsOut": 18328001,
    "weightedAverageShsOutDil": 18328001,
    "link": "https://www.sec.gov/Archives/edgar/data/920522/000101287001001399/0001012870-01-001399-index.htm",
    "finalLink": "https://www.sec.gov/Archives/edgar/data/920522/000101287001001399/0001012870-01-001399-0001.txt"
  },
  {
    "date": "2000-09-30",
    "symbol": "ESS",
    "reportedCurrency": "USD",
    "cik": "0000920522",
    "fillingDate": "2000-11-14",
    "acceptedDate": "2000-11-14 00:00:00",
    "calendarYear": "2000",
    "period": "Q3",
    "revenue": 47358000,
    "costOfRevenue": 0,
    "grossProfit": 47358000,
    "grossProfitRatio": 1,
    "researchAndDevelopmentExpenses": 0,
    "generalAndAdministrativeExpenses": 5723000,
    "sellingAndMarketingExpenses": 657000,
    "sellingGeneralAndAdministrativeExpenses": 6380000,
    "otherExpenses": 16687000,
    "operatingExpenses": 23067000,
    "costAndExpenses": 23067000,
    "interestIncome": 0,
    "interestExpense": 0,
    "depreciationAndAmortization": 8689000,
    "ebitda": 32980000,
    "ebitdaratio": 0.6963976519,
    "operatingIncome": 24291000,
    "operatingIncomeRatio": 0.512922843,
    "totalOtherIncomeExpensesNet": -24291000,
    "incomeBeforeTax": 0,
    "incomeBeforeTaxRatio": 0,
    "incomeTaxExpense": 0,
    "netIncome": 10249000,
    "netIncomeRatio": 0.2164153892,
    "eps": 0.56,
    "epsdiluted": 0.54,
    "weightedAverageShsOut": 18328001,
    "weightedAverageShsOutDil": 20891729,
    "link": "https://www.sec.gov/Archives/edgar/data/920522/000101287000005771/0001012870-00-005771-index.htm",
    "finalLink": "https://www.sec.gov/Archives/edgar/data/920522/000101287000005771/0001012870-00-005771-0001.txt"
  },
  {
    "date": "2000-06-30",
    "symbol": "ESS",
    "reportedCurrency": "USD",
    "cik": "0000920522",
    "fillingDate": "2000-08-14",
    "acceptedDate": "2000-08-14 00:00:00",
    "calendarYear": "2000",
    "period": "Q2",
    "revenue": 42412000,
    "costOfRevenue": 0,
    "grossProfit": 42412000,
    "grossProfitRatio": 1,
    "researchAndDevelopmentExpenses": 0,
    "generalAndAdministrativeExpenses": 4610000,
    "sellingAndMarketingExpenses": 515000,
    "sellingGeneralAndAdministrativeExpenses": 5125000,
    "otherExpenses": 14602000,
    "operatingExpenses": 19727000,
    "costAndExpenses": 19727000,
    "interestIncome": 0,
    "interestExpense": 0,
    "depreciationAndAmortization": 6950000,
    "ebitda": 29635000,
    "ebitdaratio": 0.6987409224,
    "operatingIncome": 22685000,
    "operatingIncomeRatio": 0.534872206,
    "totalOtherIncomeExpensesNet": -22685000,
    "incomeBeforeTax": 0,
    "incomeBeforeTaxRatio": 0,
    "incomeTaxExpense": 0,
    "netIncome": 10273000,
    "netIncomeRatio": 0.2422191833,
    "eps": 0.56,
    "epsdiluted": 0.55,
    "weightedAverageShsOut": 18109641,
    "weightedAverageShsOutDil": 18617756,
    "link": "https://www.sec.gov/Archives/edgar/data/920522/000101287000004412/0001012870-00-004412-index.htm",
    "finalLink": "https://www.sec.gov/Archives/edgar/data/920522/000101287000004412/0001012870-00-004412-0001.txt"
  },
  {
    "date": "2000-03-31",
    "symbol": "ESS",
    "reportedCurrency": "USD",
    "cik": "0000920522",
    "fillingDate": "2000-05-12",
    "acceptedDate": "2000-05-12 00:00:00",
    "calendarYear": "2000",
    "period": "Q1",
    "revenue": 39536000,
    "costOfRevenue": 0,
    "grossProfit": 39536000,
    "grossProfitRatio": 1,
    "researchAndDevelopmentExpenses": 0,
    "generalAndAdministrativeExpenses": 4457000,
    "sellingAndMarketingExpenses": 497000,
    "sellingGeneralAndAdministrativeExpenses": 4954000,
    "otherExpenses": 13852000,
    "operatingExpenses": 18806000,
    "costAndExpenses": 18806000,
    "interestIncome": 0,
    "interestExpense": 0,
    "depreciationAndAmortization": 6667000,
    "ebitda": 27397000,
    "ebitdaratio": 0.6929633752,
    "operatingIncome": 20730000,
    "operatingIncomeRatio": 0.5243322541,
    "totalOtherIncomeExpensesNet": -20730000,
    "incomeBeforeTax": 0,
    "incomeBeforeTaxRatio": 0,
    "incomeTaxExpense": 0,
    "netIncome": 12750000,
    "netIncomeRatio": 0.3224908944,
    "eps": 0.7,
    "epsdiluted": 0.69,
    "weightedAverageShsOut": 18067694,
    "weightedAverageShsOutDil": 18499759,
    "link": "https://www.sec.gov/Archives/edgar/data/920522/000101287000002718/0001012870-00-002718-index.html",
    "finalLink": "https://www.sec.gov/Archives/edgar/data/920522/000101287000002718/"
  },
  {
    "date": "1999-12-31",
    "symbol": "ESS",
    "reportedCurrency": "USD",
    "cik": "0000920522",
    "fillingDate": "2000-03-30",
    "acceptedDate": "2000-03-30 00:00:00",
    "calendarYear": "1999",
    "period": "Q4",
    "revenue": 34845000,
    "costOfRevenue": 0,
    "grossProfit": 34845000,
    "grossProfitRatio": 1,
    "researchAndDevelopmentExpenses": 0,
    "generalAndAdministrativeExpenses": 11645000,
    "sellingAndMarketingExpenses": 687000,
    "sellingGeneralAndAdministrativeExpenses": 12332000,
    "otherExpenses": 109053000,
    "operatingExpenses": 121385000,
    "costAndExpenses": 121385000,
    "interestIncome": 0,
    "interestExpense": 0,
    "depreciationAndAmortization": 0,
    "ebitda": -86540000,
    "ebitdaratio": -2.4835700961,
    "operatingIncome": -86540000,
    "operatingIncomeRatio": -2.4835700961,
    "totalOtherIncomeExpensesNet": 86540000,
    "incomeBeforeTax": 0,
    "incomeBeforeTaxRatio": 0,
    "incomeTaxExpense": 0,
    "netIncome": 13164000,
    "netIncomeRatio": 0.377787344,
    "eps": 0.73,
    "epsdiluted": 0.73,
    "weightedAverageShsOut": 17941883,
    "weightedAverageShsOutDil": 18055556,
    "link": "https://www.sec.gov/Archives/edgar/data/920522/000101287000001770/0001012870-00-001770-index.html",
    "finalLink": "https://www.sec.gov/Archives/edgar/data/920522/000101287000001770/"
  },
  {
    "date": "1999-09-30",
    "symbol": "ESS",
    "reportedCurrency": "USD",
    "cik": "0000920522",
    "fillingDate": "1999-11-15",
    "acceptedDate": "1999-11-15 00:00:00",
    "calendarYear": "1999",
    "period": "Q3",
    "revenue": 42500000,
    "costOfRevenue": 0,
    "grossProfit": 42500000,
    "grossProfitRatio": 1,
    "researchAndDevelopmentExpenses": 0,
    "generalAndAdministrativeExpenses": 1100000,
    "sellingAndMarketingExpenses": 500000,
    "sellingGeneralAndAdministrativeExpenses": 1600000,
    "otherExpenses": -18800000,
    "operatingExpenses": -14600000,
    "costAndExpenses": -14600000,
    "interestIncome": 0,
    "interestExpense": 0,
    "depreciationAndAmortization": 0,
    "ebitda": 57100000,
    "ebitdaratio": 1.3435294118,
    "operatingIncome": 57100000,
    "operatingIncomeRatio": 1.3435294118,
    "totalOtherIncomeExpensesNet": -57100000,
    "incomeBeforeTax": 0,
    "incomeBeforeTaxRatio": 0,
    "incomeTaxExpense": 0,
    "netIncome": 13100000,
    "netIncomeRatio": 0.3082352941,
    "eps": 0.72,
    "epsdiluted": 0.71,
    "weightedAverageShsOut": 18055556,
    "weightedAverageShsOutDil": 18309859,
    "link": "https://www.sec.gov/Archives/edgar/data/920522/000101287099004231/0001012870-99-004231-index.html",
    "finalLink": "https://www.sec.gov/Archives/edgar/data/920522/000101287099004231/"
  },
  {
    "date": "1999-06-30",
    "symbol": "ESS",
    "reportedCurrency": "USD",
    "cik": "0000920522",
    "fillingDate": "1999-08-13",
    "acceptedDate": "1999-08-13 00:00:00",
    "calendarYear": "1999",
    "period": "Q2",
    "revenue": 34898000,
    "costOfRevenue": 0,
    "grossProfit": 34898000,
    "grossProfitRatio": 1,
    "researchAndDevelopmentExpenses": 0,
    "generalAndAdministrativeExpenses": 2400000,
    "sellingAndMarketingExpenses": 500000,
    "sellingGeneralAndAdministrativeExpenses": 2900000,
    "otherExpenses": -17313000,
    "operatingExpenses": -13354000,
    "costAndExpenses": -13354000,
    "interestIncome": 0,
    "interestExpense": 0,
    "depreciationAndAmortization": 0,
    "ebitda": 48252000,
    "ebitdaratio": 1.382658032,
    "operatingIncome": 48252000,
    "operatingIncomeRatio": 1.382658032,
    "totalOtherIncomeExpensesNet": -48252000,
    "incomeBeforeTax": 0,
    "incomeBeforeTaxRatio": 0,
    "incomeTaxExpense": 0,
    "netIncome": 8900000,
    "netIncomeRatio": 0.2550289415,
    "eps": 0.5,
    "epsdiluted": 0.49,
    "weightedAverageShsOut": 17238910,
    "weightedAverageShsOutDil": 18447710,
    "link": "https://www.sec.gov/Archives/edgar/data/920522/000101287099002780/0001012870-99-002780-index.html",
    "finalLink": "https://www.sec.gov/Archives/edgar/data/920522/000101287099002780/"
  },
  {
    "date": "1999-03-31",
    "symbol": "ESS",
    "reportedCurrency": "USD",
    "cik": "0000920522",
    "fillingDate": "1999-05-14",
    "acceptedDate": "1999-05-14 00:00:00",
    "calendarYear": "1999",
    "period": "Q1",
    "revenue": 33890000,
    "costOfRevenue": 0,
    "grossProfit": 33890000,
    "grossProfitRatio": 1,
    "researchAndDevelopmentExpenses": 0,
    "generalAndAdministrativeExpenses": 2700000,
    "sellingAndMarketingExpenses": 500000,
    "sellingGeneralAndAdministrativeExpenses": 3200000,
    "otherExpenses": -17266000,
    "operatingExpenses": -13003000,
    "costAndExpenses": -13003000,
    "interestIncome": 0,
    "interestExpense": 0,
    "depreciationAndAmortization": 0,
    "ebitda": 46893000,
    "ebitdaratio": 1.3836825022,
    "operatingIncome": 46893000,
    "operatingIncomeRatio": 1.3836825022,
    "totalOtherIncomeExpensesNet": -46893000,
    "incomeBeforeTax": 0,
    "incomeBeforeTaxRatio": 0,
    "incomeTaxExpense": 0,
    "netIncome": 8500000,
    "netIncomeRatio": 0.2508114488,
    "eps": 0.46,
    "epsdiluted": 0.45,
    "weightedAverageShsOut": 16735640,
    "weightedAverageShsOutDil": 16888989,
    "link": "https://www.sec.gov/Archives/edgar/data/920522/000101287099001570/0001012870-99-001570-index.html",
    "finalLink": "https://www.sec.gov/Archives/edgar/data/920522/"
  },
  {
    "date": "1998-12-31",
    "symbol": "ESS",
    "reportedCurrency": "USD",
    "cik": "0000920522",
    "fillingDate": "1999-03-31",
    "acceptedDate": "1999-03-31 00:00:00",
    "calendarYear": "1998",
    "period": "Q4",
    "revenue": 33059000,
    "costOfRevenue": 0,
    "grossProfit": 33059000,
    "grossProfitRatio": 1,
    "researchAndDevelopmentExpenses": 0,
    "generalAndAdministrativeExpenses": 10193000,
    "sellingAndMarketingExpenses": 542000,
    "sellingGeneralAndAdministrativeExpenses": 10735000,
    "otherExpenses": 98859000,
    "operatingExpenses": 109594000,
    "costAndExpenses": 109594000,
    "interestIncome": 0,
    "interestExpense": 0,
    "depreciationAndAmortization": 0,
    "ebitda": -76535000,
    "ebitdaratio": -2.3151033002,
    "operatingIncome": -76535000,
    "operatingIncomeRatio": -2.3151033002,
    "totalOtherIncomeExpensesNet": 76535000,
    "incomeBeforeTax": 0,
    "incomeBeforeTaxRatio": 0,
    "incomeTaxExpense": 0,
    "netIncome": 4128000,
    "netIncomeRatio": 0.1248676608,
    "eps": 0.22,
    "epsdiluted": 0.22,
    "weightedAverageShsOut": 19142857,
    "weightedAverageShsOutDil": 19142857,
    "link": "https://www.sec.gov/Archives/edgar/data/920522/000101287099000923/0001012870-99-000923-index.html",
    "finalLink": "https://www.sec.gov/Archives/edgar/data/920522/"
  },
  {
    "date": "1998-09-30",
    "symbol": "ESS",
    "reportedCurrency": "USD",
    "cik": "0000920522",
    "fillingDate": "1998-11-16",
    "acceptedDate": "1998-11-16 00:00:00",
    "calendarYear": "1998",
    "period": "Q3",
    "revenue": 32700000,
    "costOfRevenue": 0,
    "grossProfit": 32700000,
    "grossProfitRatio": 1,
    "researchAndDevelopmentExpenses": 0,
    "generalAndAdministrativeExpenses": 1000000,
    "sellingAndMarketingExpenses": 300000,
    "sellingGeneralAndAdministrativeExpenses": 1300000,
    "otherExpenses": -17400000,
    "operatingExpenses": -16100000,
    "costAndExpenses": -16100000,
    "interestIncome": 0,
    "interestExpense": 0,
    "depreciationAndAmortization": 0,
    "ebitda": 48800000,
    "ebitdaratio": 1.4923547401,
    "operatingIncome": 48800000,
    "operatingIncomeRatio": 1.4923547401,
    "totalOtherIncomeExpensesNet": -48800000,
    "incomeBeforeTax": 0,
    "incomeBeforeTaxRatio": 0,
    "incomeTaxExpense": 0,
    "netIncome": 6700000,
    "netIncomeRatio": 0.2048929664,
    "eps": 0.35,
    "epsdiluted": 0.35,
    "weightedAverageShsOut": 16571429,
    "weightedAverageShsOutDil": 16571429,
    "link": "https://www.sec.gov/Archives/edgar/data/920522/000089161898004944/0000891618-98-004944-index.html",
    "finalLink": "https://www.sec.gov/Archives/edgar/data/920522/"
  },
  {
    "date": "1998-06-30",
    "symbol": "ESS",
    "reportedCurrency": "USD",
    "cik": "0000920522",
    "fillingDate": "1998-08-14",
    "acceptedDate": "1998-08-14 00:00:00",
    "calendarYear": "1998",
    "period": "Q2",
    "revenue": 31600000,
    "costOfRevenue": 0,
    "grossProfit": 31600000,
    "grossProfitRatio": 1,
    "researchAndDevelopmentExpenses": 0,
    "generalAndAdministrativeExpenses": 1000000,
    "sellingAndMarketingExpenses": 500000,
    "sellingGeneralAndAdministrativeExpenses": 1500000,
    "otherExpenses": -16500000,
    "operatingExpenses": -15000000,
    "costAndExpenses": -15000000,
    "interestIncome": 0,
    "interestExpense": 0,
    "depreciationAndAmortization": 0,
    "ebitda": 46600000,
    "ebitdaratio": 1.4746835443,
    "operatingIncome": 46600000,
    "operatingIncomeRatio": 1.4746835443,
    "totalOtherIncomeExpensesNet": -46600000,
    "incomeBeforeTax": 0,
    "incomeBeforeTaxRatio": 0,
    "incomeTaxExpense": 0,
    "netIncome": 7500000,
    "netIncomeRatio": 0.2373417722,
    "eps": 0.4,
    "epsdiluted": 0.4,
    "weightedAverageShsOut": 18750000,
    "weightedAverageShsOutDil": 18750000,
    "link": "https://www.sec.gov/Archives/edgar/data/920522/000089161898003864/0000891618-98-003864-index.html",
    "finalLink": "https://www.sec.gov/Archives/edgar/data/920522/"
  },
  {
    "date": "1998-03-31",
    "symbol": "ESS",
    "reportedCurrency": "USD",
    "cik": "0000920522",
    "fillingDate": "1998-05-15",
    "acceptedDate": "1998-05-15 00:00:00",
    "calendarYear": "1998",
    "period": "Q1",
    "revenue": 27800000,
    "costOfRevenue": 0,
    "grossProfit": 27800000,
    "grossProfitRatio": 1,
    "researchAndDevelopmentExpenses": 0,
    "generalAndAdministrativeExpenses": 1900000,
    "sellingAndMarketingExpenses": 400000,
    "sellingGeneralAndAdministrativeExpenses": 2300000,
    "otherExpenses": -14400000,
    "operatingExpenses": -12100000,
    "costAndExpenses": -12100000,
    "interestIncome": 0,
    "interestExpense": 0,
    "depreciationAndAmortization": 0,
    "ebitda": 39900000,
    "ebitdaratio": 1.4352517986,
    "operatingIncome": 39900000,
    "operatingIncomeRatio": 1.4352517986,
    "totalOtherIncomeExpensesNet": -39900000,
    "incomeBeforeTax": 0,
    "incomeBeforeTaxRatio": 0,
    "incomeTaxExpense": 0,
    "netIncome": 7900000,
    "netIncomeRatio": 0.2841726619,
    "eps": 0.42,
    "epsdiluted": 0.42,
    "weightedAverageShsOut": 16666667,
    "weightedAverageShsOutDil": 16666667,
    "link": "https://www.sec.gov/Archives/edgar/data/920522/000092052298000011/0000920522-98-000011-index.html",
    "finalLink": "https://www.sec.gov/Archives/edgar/data/920522/"
  },
  {
    "date": "1997-12-31",
    "symbol": "ESS",
    "reportedCurrency": "USD",
    "cik": "0000920522",
    "fillingDate": "1998-03-31",
    "acceptedDate": "1998-03-31 00:00:00",
    "calendarYear": "1997",
    "period": "Q4",
    "revenue": 19369000,
    "costOfRevenue": 0,
    "grossProfit": 19369000,
    "grossProfitRatio": 1,
    "researchAndDevelopmentExpenses": 0,
    "generalAndAdministrativeExpenses": 6227000,
    "sellingAndMarketingExpenses": 325000,
    "sellingGeneralAndAdministrativeExpenses": 6552000,
    "otherExpenses": 64026000,
    "operatingExpenses": 70578000,
    "costAndExpenses": 70578000,
    "interestIncome": 0,
    "interestExpense": 0,
    "depreciationAndAmortization": 0,
    "ebitda": -51209000,
    "ebitdaratio": -2.6438639062,
    "operatingIncome": -51209000,
    "operatingIncomeRatio": -2.6438639062,
    "totalOtherIncomeExpensesNet": 51209000,
    "incomeBeforeTax": 0,
    "incomeBeforeTaxRatio": 0,
    "incomeTaxExpense": 0,
    "netIncome": 7216000,
    "netIncomeRatio": 0.3725540813,
    "eps": 0.48,
    "epsdiluted": 0.48,
    "weightedAverageShsOut": 15068493,
    "weightedAverageShsOutDil": 15068493,
    "link": "https://www.sec.gov/Archives/edgar/data/920522/000089161898001429/0000891618-98-001429-index.html",
    "finalLink": "https://www.sec.gov/Archives/edgar/data/920522/"
  },
  {
    "date": "1997-09-30",
    "symbol": "ESS",
    "reportedCurrency": "USD",
    "cik": "0000920522",
    "fillingDate": "1997-11-12",
    "acceptedDate": "1997-11-12 00:00:00",
    "calendarYear": "1997",
    "period": "Q3",
    "revenue": 26700000,
    "costOfRevenue": 0,
    "grossProfit": 26700000,
    "grossProfitRatio": 1,
    "researchAndDevelopmentExpenses": 0,
    "generalAndAdministrativeExpenses": 600000,
    "sellingAndMarketingExpenses": 300000,
    "sellingGeneralAndAdministrativeExpenses": 900000,
    "otherExpenses": -11800000,
    "operatingExpenses": -10900000,
    "costAndExpenses": -10900000,
    "interestIncome": 0,
    "interestExpense": 0,
    "depreciationAndAmortization": 0,
    "ebitda": 37600000,
    "ebitdaratio": 1.4082397004,
    "operatingIncome": 37600000,
    "operatingIncomeRatio": 1.4082397004,
    "totalOtherIncomeExpensesNet": -37600000,
    "incomeBeforeTax": 0,
    "incomeBeforeTaxRatio": 0,
    "incomeTaxExpense": 0,
    "netIncome": 11000000,
    "netIncomeRatio": 0.4119850187,
    "eps": 0.73,
    "epsdiluted": 0.69,
    "weightedAverageShsOut": 15068493,
    "weightedAverageShsOutDil": 15942029,
    "link": "https://www.sec.gov/Archives/edgar/data/920522/000092052297000012/0000920522-97-000012-index.html",
    "finalLink": "https://www.sec.gov/Archives/edgar/data/920522/"
  },
  {
    "date": "1997-06-30",
    "symbol": "ESS",
    "reportedCurrency": "USD",
    "cik": "0000920522",
    "fillingDate": "1997-08-13",
    "acceptedDate": "1997-08-13 00:00:00",
    "calendarYear": "1997",
    "period": "Q2",
    "revenue": 20000000,
    "costOfRevenue": 0,
    "grossProfit": 20000000,
    "grossProfitRatio": 1,
    "researchAndDevelopmentExpenses": 0,
    "generalAndAdministrativeExpenses": 500000,
    "sellingAndMarketingExpenses": 300000,
    "sellingGeneralAndAdministrativeExpenses": 800000,
    "otherExpenses": -9800000,
    "operatingExpenses": -9000000,
    "costAndExpenses": -9000000,
    "interestIncome": 0,
    "interestExpense": 0,
    "depreciationAndAmortization": 0,
    "ebitda": 29000000,
    "ebitdaratio": 1.45,
    "operatingIncome": 29000000,
    "operatingIncomeRatio": 1.45,
    "totalOtherIncomeExpensesNet": -29000000,
    "incomeBeforeTax": 0,
    "incomeBeforeTaxRatio": 0,
    "incomeTaxExpense": 0,
    "netIncome": 6300000,
    "netIncomeRatio": 0.315,
    "eps": 0.42,
    "epsdiluted": 0.42,
    "weightedAverageShsOut": 15000000,
    "weightedAverageShsOutDil": 15000000,
    "link": "https://www.sec.gov/Archives/edgar/data/920522/000092052297000002/0000920522-97-000002-index.html",
    "finalLink": "https://www.sec.gov/Archives/edgar/data/920522/"
  },
  {
    "date": "1997-03-31",
    "symbol": "ESS",
    "reportedCurrency": "USD",
    "cik": "0000920522",
    "fillingDate": "1997-05-13",
    "acceptedDate": "1997-05-13 00:00:00",
    "calendarYear": "1997",
    "period": "Q1",
    "revenue": 18600000,
    "costOfRevenue": 0,
    "grossProfit": 18600000,
    "grossProfitRatio": 1,
    "researchAndDevelopmentExpenses": 0,
    "generalAndAdministrativeExpenses": 1700000,
    "sellingAndMarketingExpenses": 300000,
    "sellingGeneralAndAdministrativeExpenses": 2000000,
    "otherExpenses": -9400000,
    "operatingExpenses": -7400000,
    "costAndExpenses": -7400000,
    "interestIncome": 0,
    "interestExpense": 0,
    "depreciationAndAmortization": 0,
    "ebitda": 26000000,
    "ebitdaratio": 1.3978494624,
    "operatingIncome": 26000000,
    "operatingIncomeRatio": 1.3978494624,
    "totalOtherIncomeExpensesNet": -26000000,
    "incomeBeforeTax": 0,
    "incomeBeforeTaxRatio": 0,
    "incomeTaxExpense": 0,
    "netIncome": 4900000,
    "netIncomeRatio": 0.2634408602,
    "eps": 0.39,
    "epsdiluted": 0.39,
    "weightedAverageShsOut": 12564103,
    "weightedAverageShsOutDil": 12564103,
    "link": "https://www.sec.gov/Archives/edgar/data/920522/000101287097000999/0001012870-97-000999-index.html",
    "finalLink": "https://www.sec.gov/Archives/edgar/data/920522/"
  },
  {
    "date": "1996-12-31",
    "symbol": "ESS",
    "reportedCurrency": "USD",
    "cik": "0000920522",
    "fillingDate": "1997-03-31",
    "acceptedDate": "1997-03-31 00:00:00",
    "calendarYear": "1996",
    "period": "Q4",
    "revenue": 12093000,
    "costOfRevenue": 0,
    "grossProfit": 12093000,
    "grossProfitRatio": 1,
    "researchAndDevelopmentExpenses": 0,
    "generalAndAdministrativeExpenses": 3328000,
    "sellingAndMarketingExpenses": 153000,
    "sellingGeneralAndAdministrativeExpenses": 3481000,
    "otherExpenses": 40977000,
    "operatingExpenses": 44458000,
    "costAndExpenses": 44458000,
    "interestIncome": 0,
    "interestExpense": 0,
    "depreciationAndAmortization": 0,
    "ebitda": -32365000,
    "ebitdaratio": -2.6763416853,
    "operatingIncome": -32365000,
    "operatingIncomeRatio": -2.6763416853,
    "totalOtherIncomeExpensesNet": 32365000,
    "incomeBeforeTax": 0,
    "incomeBeforeTaxRatio": 0,
    "incomeTaxExpense": 0,
    "netIncome": 3581000,
    "netIncomeRatio": 0.2961217233,
    "eps": 0.44,
    "epsdiluted": 0.44,
    "weightedAverageShsOut": 8148148,
    "weightedAverageShsOutDil": 8148148,
    "link": "https://www.sec.gov/Archives/edgar/data/920522/000101287097000645/0001012870-97-000645-index.html",
    "finalLink": "https://www.sec.gov/Archives/edgar/data/920522/"
  },
  {
    "date": "1996-09-30",
    "symbol": "ESS",
    "reportedCurrency": "USD",
    "cik": "0000920522",
    "fillingDate": "1996-11-13",
    "acceptedDate": "1996-11-13 00:00:00",
    "calendarYear": "1996",
    "period": "Q3",
    "revenue": 12900000,
    "costOfRevenue": 0,
    "grossProfit": 12900000,
    "grossProfitRatio": 1,
    "researchAndDevelopmentExpenses": 0,
    "generalAndAdministrativeExpenses": 400000,
    "sellingAndMarketingExpenses": 200000,
    "sellingGeneralAndAdministrativeExpenses": 600000,
    "otherExpenses": -6700000,
    "operatingExpenses": -6100000,
    "costAndExpenses": -6100000,
    "interestIncome": 0,
    "interestExpense": 0,
    "depreciationAndAmortization": 0,
    "ebitda": 19000000,
    "ebitdaratio": 1.4728682171,
    "operatingIncome": 19000000,
    "operatingIncomeRatio": 1.4728682171,
    "totalOtherIncomeExpensesNet": -19000000,
    "incomeBeforeTax": 0,
    "incomeBeforeTaxRatio": 0,
    "incomeTaxExpense": 0,
    "netIncome": 2200000,
    "netIncomeRatio": 0.1705426357,
    "eps": 0.27,
    "epsdiluted": 0.27,
    "weightedAverageShsOut": 8148148,
    "weightedAverageShsOutDil": 8148148,
    "link": "https://www.sec.gov/Archives/edgar/data/920522/000091205796026054/0000912057-96-026054-index.html",
    "finalLink": "https://www.sec.gov/Archives/edgar/data/920522/"
  },
  {
    "date": "1996-06-30",
    "symbol": "ESS",
    "reportedCurrency": "USD",
    "cik": "0000920522",
    "fillingDate": "1996-08-14",
    "acceptedDate": "1996-08-14 00:00:00",
    "calendarYear": "1996",
    "period": "Q2",
    "revenue": 14200000,
    "costOfRevenue": 0,
    "grossProfit": 14200000,
    "grossProfitRatio": 1,
    "researchAndDevelopmentExpenses": 0,
    "generalAndAdministrativeExpenses": 500000,
    "sellingAndMarketingExpenses": 100000,
    "sellingGeneralAndAdministrativeExpenses": 600000,
    "otherExpenses": -6300000,
    "operatingExpenses": -5700000,
    "costAndExpenses": -5700000,
    "interestIncome": 0,
    "interestExpense": 0,
    "depreciationAndAmortization": 0,
    "ebitda": 19900000,
    "ebitdaratio": 1.4014084507,
    "operatingIncome": 19900000,
    "operatingIncomeRatio": 1.4014084507,
    "totalOtherIncomeExpensesNet": -19900000,
    "incomeBeforeTax": 0,
    "incomeBeforeTaxRatio": 0,
    "incomeTaxExpense": 0,
    "netIncome": 3100000,
    "netIncomeRatio": 0.2183098592,
    "eps": 0.51,
    "epsdiluted": 0.51,
    "weightedAverageShsOut": 6078431,
    "weightedAverageShsOutDil": 6078431,
    "link": "https://www.sec.gov/Archives/edgar/data/920522/000091205796017671/0000912057-96-017671-index.html",
    "finalLink": "https://www.sec.gov/Archives/edgar/data/920522/"
  },
  {
    "date": "1996-03-31",
    "symbol": "ESS",
    "reportedCurrency": "USD",
    "cik": "0000920522",
    "fillingDate": "1996-05-14",
    "acceptedDate": "1996-05-14 00:00:00",
    "calendarYear": "1996",
    "period": "Q1",
    "revenue": 11600000,
    "costOfRevenue": 0,
    "grossProfit": 11600000,
    "grossProfitRatio": 1,
    "researchAndDevelopmentExpenses": 0,
    "generalAndAdministrativeExpenses": 1100000,
    "sellingAndMarketingExpenses": 200000,
    "sellingGeneralAndAdministrativeExpenses": 1300000,
    "otherExpenses": -6500000,
    "operatingExpenses": -5200000,
    "costAndExpenses": -5200000,
    "interestIncome": 0,
    "interestExpense": 0,
    "depreciationAndAmortization": 0,
    "ebitda": 16800000,
    "ebitdaratio": 1.4482758621,
    "operatingIncome": 16800000,
    "operatingIncomeRatio": 1.4482758621,
    "totalOtherIncomeExpensesNet": -16800000,
    "incomeBeforeTax": 0,
    "incomeBeforeTaxRatio": 0,
    "incomeTaxExpense": 0,
    "netIncome": -100000,
    "netIncomeRatio": -0.0086206897,
    "eps": -0.0159,
    "epsdiluted": -0.0159,
    "weightedAverageShsOut": 6275000,
    "weightedAverageShsOutDil": 6275000,
    "link": "https://www.sec.gov/Archives/edgar/data/920522/000095014996000556/0000950149-96-000556-index.html",
    "finalLink": "https://www.sec.gov/Archives/edgar/data/920522/"
  },
  {
    "date": "1995-12-31",
    "symbol": "ESS",
    "reportedCurrency": "USD",
    "cik": "0000920522",
    "fillingDate": "1996-06-05",
    "acceptedDate": "1996-06-05 00:00:00",
    "calendarYear": "1995",
    "period": "Q4",
    "revenue": 16300000,
    "costOfRevenue": 0,
    "grossProfit": 16300000,
    "grossProfitRatio": 1,
    "researchAndDevelopmentExpenses": 0,
    "generalAndAdministrativeExpenses": 400000,
    "sellingAndMarketingExpenses": 100000,
    "sellingGeneralAndAdministrativeExpenses": 500000,
    "otherExpenses": -6400000,
    "operatingExpenses": -5900000,
    "costAndExpenses": -5900000,
    "interestIncome": 0,
    "interestExpense": 0,
    "depreciationAndAmortization": 0,
    "ebitda": 22200000,
    "ebitdaratio": 1.3619631902,
    "operatingIncome": 22200000,
    "operatingIncomeRatio": 1.3619631902,
    "totalOtherIncomeExpensesNet": -22200000,
    "incomeBeforeTax": 0,
    "incomeBeforeTaxRatio": 0,
    "incomeTaxExpense": 0,
    "netIncome": 5900000,
    "netIncomeRatio": 0.3619631902,
    "eps": 0.92,
    "epsdiluted": 0.92,
    "weightedAverageShsOut": 6400000,
    "weightedAverageShsOutDil": 6400000,
    "link": "https://www.sec.gov/Archives/edgar/data/920522/000095014996000675/0000950149-96-000675-index.html",
    "finalLink": "https://www.sec.gov/Archives/edgar/data/920522/"
  },
  {
    "date": "1995-09-30",
    "symbol": "ESS",
    "reportedCurrency": "USD",
    "cik": "0000920522",
    "fillingDate": "1995-09-30",
    "acceptedDate": "1995-09-30 00:00:00",
    "calendarYear": "1995",
    "period": "Q3",
    "revenue": 11000000,
    "costOfRevenue": 0,
    "grossProfit": 11000000,
    "grossProfitRatio": 1,
    "researchAndDevelopmentExpenses": 0,
    "generalAndAdministrativeExpenses": 400000,
    "sellingAndMarketingExpenses": 100000,
    "sellingGeneralAndAdministrativeExpenses": 500000,
    "otherExpenses": -6200000,
    "operatingExpenses": -5700000,
    "costAndExpenses": -5700000,
    "interestIncome": 0,
    "interestExpense": 0,
    "depreciationAndAmortization": 0,
    "ebitda": 16700000,
    "ebitdaratio": 1.5181818182,
    "operatingIncome": 16700000,
    "operatingIncomeRatio": 1.5181818182,
    "totalOtherIncomeExpensesNet": -16700000,
    "incomeBeforeTax": 0,
    "incomeBeforeTaxRatio": 0,
    "incomeTaxExpense": 0,
    "netIncome": 1600000,
    "netIncomeRatio": 0.1454545455,
    "eps": 0.25,
    "epsdiluted": 0.25,
    "weightedAverageShsOut": 6400000,
    "weightedAverageShsOutDil": 6400000,
    "link": null,
    "finalLink": null
  },
  {
    "date": "1995-06-30",
    "symbol": "ESS",
    "reportedCurrency": "USD",
    "cik": "0000920522",
    "fillingDate": "1995-06-30",
    "acceptedDate": "1995-06-30 00:00:00",
    "calendarYear": "1995",
    "period": "Q2",
    "revenue": 11700000,
    "costOfRevenue": 0,
    "grossProfit": 11700000,
    "grossProfitRatio": 1,
    "researchAndDevelopmentExpenses": 0,
    "generalAndAdministrativeExpenses": 400000,
    "sellingAndMarketingExpenses": 100000,
    "sellingGeneralAndAdministrativeExpenses": 500000,
    "otherExpenses": -6100000,
    "operatingExpenses": -5600000,
    "costAndExpenses": -5600000,
    "interestIncome": 0,
    "interestExpense": 0,
    "depreciationAndAmortization": 0,
    "ebitda": 17300000,
    "ebitdaratio": 1.4786324786,
    "operatingIncome": 17300000,
    "operatingIncomeRatio": 1.4786324786,
    "totalOtherIncomeExpensesNet": -17300000,
    "incomeBeforeTax": 0,
    "incomeBeforeTaxRatio": 0,
    "incomeTaxExpense": 0,
    "netIncome": 1800000,
    "netIncomeRatio": 0.1538461538,
    "eps": 0.34,
    "epsdiluted": 0.34,
    "weightedAverageShsOut": 5294118,
    "weightedAverageShsOutDil": 5294118,
    "link": null,
    "finalLink": null
  }
]