[
  {
    "date": "2025-06-30",
    "symbol": "ETN",
    "reportedCurrency": "USD",
    "cik": "0001551182",
    "fillingDate": "2025-08-05",
    "acceptedDate": "2025-08-05 13:37:11",
    "calendarYear": "2025",
    "period": "Q2",
    "revenue": 7028000000,
    "costOfRevenue": 4431000000,
    "grossProfit": 2597000000,
    "grossProfitRatio": 0.3695219124,
    "researchAndDevelopmentExpenses": 192000000,
    "generalAndAdministrativeExpenses": 0,
    "sellingAndMarketingExpenses": 0,
    "sellingGeneralAndAdministrativeExpenses": 1055000000,
    "otherExpenses": 94000000,
    "operatingExpenses": 1341000000,
    "costAndExpenses": 5772000000,
    "interestIncome": 0,
    "interestExpense": 62000000,
    "depreciationAndAmortization": 0,
    "ebitda": 1154000000,
    "ebitdaratio": 0.1642003415,
    "operatingIncome": 1256000000,
    "operatingIncomeRatio": 0.1787137166,
    "totalOtherIncomeExpensesNet": -70000000,
    "incomeBeforeTax": 1186000000,
    "incomeBeforeTaxRatio": 0.1687535572,
    "incomeTaxExpense": 203000000,
    "netIncome": 981000000,
    "netIncomeRatio": 0.1395845191,
    "eps": 2.51,
    "epsdiluted": 2.51,
    "weightedAverageShsOut": 391200000,
    "weightedAverageShsOutDil": 392500000,
    "link": "https://www.sec.gov/Archives/edgar/data/1551182/000155118225000028/0001551182-25-000028-index.htm",
    "finalLink": "https://www.sec.gov/Archives/edgar/data/1551182/000155118225000028/etn-20250630.htm"
  },
  {
    "date": "2025-03-31",
    "symbol": "ETN",
    "reportedCurrency": "USD",
    "cik": "0001551182",
    "fillingDate": "2025-05-02",
    "acceptedDate": "2025-05-02 12:05:42",
    "calendarYear": "2025",
    "period": "Q1",
    "revenue": 6377000000,
    "costOfRevenue": 3930000000,
    "grossProfit": 2447000000,
    "grossProfitRatio": 0.3837227536,
    "researchAndDevelopmentExpenses": 198000000,
    "generalAndAdministrativeExpenses": 0,
    "sellingAndMarketingExpenses": 0,
    "sellingGeneralAndAdministrativeExpenses": 1020000000,
    "otherExpenses": 0,
    "operatingExpenses": 1218000000,
    "costAndExpenses": 5148000000,
    "interestIncome": 0,
    "interestExpense": 56000000,
    "depreciationAndAmortization": 232000000,
    "ebitda": 1465000000,
    "ebitdaratio": 0.2297318488,
    "operatingIncome": 1229000000,
    "operatingIncomeRatio": 0.1927238513,
    "totalOtherIncomeExpensesNet": -52000000,
    "incomeBeforeTax": 1177000000,
    "incomeBeforeTaxRatio": 0.1845695468,
    "incomeTaxExpense": 212000000,
    "netIncome": 964000000,
    "netIncomeRatio": 0.1511682609,
    "eps": 2.46,
    "epsdiluted": 2.45,
    "weightedAverageShsOut": 392200000,
    "weightedAverageShsOutDil": 393600000,
    "link": "https://www.sec.gov/Archives/edgar/data/1551182/000155118225000014/0001551182-25-000014-index.htm",
    "finalLink": "https://www.sec.gov/Archives/edgar/data/1551182/000155118225000014/etn-20250331.htm"
  },
  {
    "date": "2024-12-31",
    "symbol": "ETN",
    "reportedCurrency": "USD",
    "cik": "0001551182",
    "fillingDate": "2025-02-27",
    "acceptedDate": "2025-02-27 14:22:18",
    "calendarYear": "2024",
    "period": "Q4",
    "revenue": 6240000000,
    "costOfRevenue": 3812000000,
    "grossProfit": 2428000000,
    "grossProfitRatio": 0.3891025641,
    "researchAndDevelopmentExpenses": 201000000,
    "generalAndAdministrativeExpenses": 0,
    "sellingAndMarketingExpenses": 0,
    "sellingGeneralAndAdministrativeExpenses": 920000000,
    "otherExpenses": 0,
    "operatingExpenses": 1121000000,
    "costAndExpenses": 4933000000,
    "interestIncome": 0,
    "interestExpense": 46000000,
    "depreciationAndAmortization": 234000000,
    "ebitda": 1447000000,
    "ebitdaratio": 0.2318910256,
    "operatingIncome": 1307000000,
    "operatingIncomeRatio": 0.2094551282,
    "totalOtherIncomeExpensesNet": -140000000,
    "incomeBeforeTax": 1167000000,
    "incomeBeforeTaxRatio": 0.1870192308,
    "incomeTaxExpense": 195000000,
    "netIncome": 971000000,
    "netIncomeRatio": 0.1556089744,
    "eps": 2.46,
    "epsdiluted": 2.45,
    "weightedAverageShsOut": 394100000,
    "weightedAverageShsOutDil": 396000000,
    "link": "https://www.sec.gov/Archives/edgar/data/1551182/000155118225000006/0001551182-25-000006-index.htm",
    "finalLink": "https://www.sec.gov/Archives/edgar/data/1551182/000155118225000006/etn-20241231.htm"
  },
  {
    "date": "2024-09-30",
    "symbol": "ETN",
    "reportedCurrency": "USD",
    "cik": "0001551182",
    "fillingDate": "2024-10-31",
    "acceptedDate": "2024-10-31 12:43:37",
    "calendarYear": "2024",
    "period": "Q3",
    "revenue": 6345000000,
    "costOfRevenue": 3901000000,
    "grossProfit": 2444000000,
    "grossProfitRatio": 0.3851851852,
    "researchAndDevelopmentExpenses": 207000000,
    "generalAndAdministrativeExpenses": 0,
    "sellingAndMarketingExpenses": 0,
    "sellingGeneralAndAdministrativeExpenses": 978000000,
    "otherExpenses": 0,
    "operatingExpenses": 1185000000,
    "costAndExpenses": 5086000000,
    "interestIncome": 0,
    "interestExpense": 33000000,
    "depreciationAndAmortization": 234000000,
    "ebitda": 1471000000,
    "ebitdaratio": 0.2318360914,
    "operatingIncome": 1259000000,
    "operatingIncomeRatio": 0.1984239559,
    "totalOtherIncomeExpensesNet": -55000000,
    "incomeBeforeTax": 1204000000,
    "incomeBeforeTaxRatio": 0.1897557132,
    "incomeTaxExpense": 193000000,
    "netIncome": 1009000000,
    "netIncomeRatio": 0.1590228526,
    "eps": 2.54,
    "epsdiluted": 2.53,
    "weightedAverageShsOut": 397100000,
    "weightedAverageShsOutDil": 398900000,
    "link": "https://www.sec.gov/Archives/edgar/data/1551182/000155118224000041/0001551182-24-000041-index.htm",
    "finalLink": "https://www.sec.gov/Archives/edgar/data/1551182/000155118224000041/etn-20240930.htm"
  },
  {
    "date": "2024-06-30",
    "symbol": "ETN",
    "reportedCurrency": "USD",
    "cik": "0001551182",
    "fillingDate": "2024-08-01",
    "acceptedDate": "2024-08-01 13:28:25",
    "calendarYear": "2024",
    "period": "Q2",
    "revenue": 6350000000,
    "costOfRevenue": 3941000000,
    "grossProfit": 2409000000,
    "grossProfitRatio": 0.3793700787,
    "researchAndDevelopmentExpenses": 196000000,
    "generalAndAdministrativeExpenses": 0,
    "sellingAndMarketingExpenses": 0,
    "sellingGeneralAndAdministrativeExpenses": 996000000,
    "otherExpenses": 0,
    "operatingExpenses": 1192000000,
    "costAndExpenses": 5133000000,
    "interestIncome": 0,
    "interestExpense": 6000000,
    "depreciationAndAmortization": 227000000,
    "ebitda": 1429000000,
    "ebitdaratio": 0.2250393701,
    "operatingIncome": 1217000000,
    "operatingIncomeRatio": 0.1916535433,
    "totalOtherIncomeExpensesNet": -22000000,
    "incomeBeforeTax": 1195000000,
    "incomeBeforeTaxRatio": 0.1881889764,
    "incomeTaxExpense": 201000000,
    "netIncome": 993000000,
    "netIncomeRatio": 0.1563779528,
    "eps": 2.49,
    "epsdiluted": 2.48,
    "weightedAverageShsOut": 399200000,
    "weightedAverageShsOutDil": 401000000,
    "link": "https://www.sec.gov/Archives/edgar/data/1551182/000155118224000035/0001551182-24-000035-index.htm",
    "finalLink": "https://www.sec.gov/Archives/edgar/data/1551182/000155118224000035/etn-20240630.htm"
  },
  {
    "date": "2024-03-31",
    "symbol": "ETN",
    "reportedCurrency": "USD",
    "cik": "0001551182",
    "fillingDate": "2024-04-30",
    "acceptedDate": "2024-04-30 12:07:49",
    "calendarYear": "2024",
    "period": "Q1",
    "revenue": 5943000000,
    "costOfRevenue": 3726000000,
    "grossProfit": 2217000000,
    "grossProfitRatio": 0.3730439172,
    "researchAndDevelopmentExpenses": 189000000,
    "generalAndAdministrativeExpenses": 0,
    "sellingAndMarketingExpenses": 0,
    "sellingGeneralAndAdministrativeExpenses": 945000000,
    "otherExpenses": 0,
    "operatingExpenses": 1134000000,
    "costAndExpenses": 4860000000,
    "interestIncome": 0,
    "interestExpense": 57000000,
    "depreciationAndAmortization": 225000000,
    "ebitda": 1282000000,
    "ebitdaratio": 0.2157159684,
    "operatingIncome": 1083000000,
    "operatingIncomeRatio": 0.1822311964,
    "totalOtherIncomeExpensesNet": -82000000,
    "incomeBeforeTax": 1001000000,
    "incomeBeforeTaxRatio": 0.1684334511,
    "incomeTaxExpense": 179000000,
    "netIncome": 821000000,
    "netIncomeRatio": 0.1381457177,
    "eps": 2.05,
    "epsdiluted": 2.04,
    "weightedAverageShsOut": 399900000,
    "weightedAverageShsOutDil": 401900000,
    "link": "https://www.sec.gov/Archives/edgar/data/1551182/000155118224000013/0001551182-24-000013-index.htm",
    "finalLink": "https://www.sec.gov/Archives/edgar/data/1551182/000155118224000013/etn-20240331.htm"
  },
  {
    "date": "2023-12-31",
    "symbol": "ETN",
    "reportedCurrency": "USD",
    "cik": "0001551182",
    "fillingDate": "2024-02-29",
    "acceptedDate": "2024-02-29 14:35:53",
    "calendarYear": "2023",
    "period": "Q4",
    "revenue": 5967000000,
    "costOfRevenue": 3732000000,
    "grossProfit": 2235000000,
    "grossProfitRatio": 0.3745600804,
    "researchAndDevelopmentExpenses": 201000000,
    "generalAndAdministrativeExpenses": 0,
    "sellingAndMarketingExpenses": 0,
    "sellingGeneralAndAdministrativeExpenses": 959000000,
    "otherExpenses": 0,
    "operatingExpenses": 1160000000,
    "costAndExpenses": 4892000000,
    "interestIncome": 0,
    "interestExpense": 59000000,
    "depreciationAndAmortization": 231000000,
    "ebitda": 1378000000,
    "ebitdaratio": 0.2309368192,
    "operatingIncome": 1078000000,
    "operatingIncomeRatio": 0.1806602983,
    "totalOtherIncomeExpensesNet": 10000000,
    "incomeBeforeTax": 1088000000,
    "incomeBeforeTaxRatio": 0.1823361823,
    "incomeTaxExpense": 141000000,
    "netIncome": 945000000,
    "netIncomeRatio": 0.1583710407,
    "eps": 2.37,
    "epsdiluted": 2.35,
    "weightedAverageShsOut": 399600000,
    "weightedAverageShsOutDil": 401800000,
    "link": "https://www.sec.gov/Archives/edgar/data/1551182/000155118224000006/0001551182-24-000006-index.htm",
    "finalLink": "https://www.sec.gov/Archives/edgar/data/1551182/000155118224000006/etn-20231231.htm"
  },
  {
    "date": "2023-09-30",
    "symbol": "ETN",
    "reportedCurrency": "USD",
    "cik": "0001551182",
    "fillingDate": "2023-10-31",
    "acceptedDate": "2023-10-31 12:31:56",
    "calendarYear": "2023",
    "period": "Q3",
    "revenue": 5880000000,
    "costOfRevenue": 3684000000,
    "grossProfit": 2196000000,
    "grossProfitRatio": 0.3734693878,
    "researchAndDevelopmentExpenses": 187000000,
    "generalAndAdministrativeExpenses": 0,
    "sellingAndMarketingExpenses": 0,
    "sellingGeneralAndAdministrativeExpenses": 924000000,
    "otherExpenses": 0,
    "operatingExpenses": 1111000000,
    "costAndExpenses": 4795000000,
    "interestIncome": 0,
    "interestExpense": 52000000,
    "depreciationAndAmortization": 229000000,
    "ebitda": 1360000000,
    "ebitdaratio": 0.231292517,
    "operatingIncome": 1085000000,
    "operatingIncomeRatio": 0.1845238095,
    "totalOtherIncomeExpensesNet": -6000000,
    "incomeBeforeTax": 1079000000,
    "incomeBeforeTaxRatio": 0.1835034014,
    "incomeTaxExpense": 187000000,
    "netIncome": 891000000,
    "netIncomeRatio": 0.1515306122,
    "eps": 2.23,
    "epsdiluted": 2.22,
    "weightedAverageShsOut": 399400000,
    "weightedAverageShsOutDil": 401600000,
    "link": "https://www.sec.gov/Archives/edgar/data/1551182/000155118223000029/0001551182-23-000029-index.htm",
    "finalLink": "https://www.sec.gov/Archives/edgar/data/1551182/000155118223000029/etn-20230930.htm"
  },
  {
    "date": "2023-06-30",
    "symbol": "ETN",
    "reportedCurrency": "USD",
    "cik": "0001551182",
    "fillingDate": "2023-08-01",
    "acceptedDate": "2023-08-01 12:23:11",
    "calendarYear": "2023",
    "period": "Q2",
    "revenue": 5866000000,
    "costOfRevenue": 3747000000,
    "grossProfit": 2119000000,
    "grossProfitRatio": 0.3612342312,
    "researchAndDevelopmentExpenses": 187000000,
    "generalAndAdministrativeExpenses": 0,
    "sellingAndMarketingExpenses": 0,
    "sellingGeneralAndAdministrativeExpenses": 919000000,
    "otherExpenses": 0,
    "operatingExpenses": 1106000000,
    "costAndExpenses": 4853000000,
    "interestIncome": 0,
    "interestExpense": 52000000,
    "depreciationAndAmortization": 228000000,
    "ebitda": 1177000000,
    "ebitdaratio": 0.2006478009,
    "operatingIncome": 1013000000,
    "operatingIncomeRatio": 0.1726900784,
    "totalOtherIncomeExpensesNet": -115000000,
    "incomeBeforeTax": 898000000,
    "incomeBeforeTaxRatio": 0.1530855779,
    "incomeTaxExpense": 153000000,
    "netIncome": 744000000,
    "netIncomeRatio": 0.1268325946,
    "eps": 1.87,
    "epsdiluted": 1.86,
    "weightedAverageShsOut": 398900000,
    "weightedAverageShsOutDil": 400700000,
    "link": "https://www.sec.gov/Archives/edgar/data/1551182/000155118223000024/0001551182-23-000024-index.htm",
    "finalLink": "https://www.sec.gov/Archives/edgar/data/1551182/000155118223000024/etn-20230630.htm"
  },
  {
    "date": "2023-03-31",
    "symbol": "ETN",
    "reportedCurrency": "USD",
    "cik": "0001551182",
    "fillingDate": "2023-05-02",
    "acceptedDate": "2023-05-02 12:22:59",
    "calendarYear": "2023",
    "period": "Q1",
    "revenue": 5483000000,
    "costOfRevenue": 3599000000,
    "grossProfit": 1884000000,
    "grossProfitRatio": 0.3436075141,
    "researchAndDevelopmentExpenses": 179000000,
    "generalAndAdministrativeExpenses": 0,
    "sellingAndMarketingExpenses": 0,
    "sellingGeneralAndAdministrativeExpenses": 904000000,
    "otherExpenses": 0,
    "operatingExpenses": 1083000000,
    "costAndExpenses": 4682000000,
    "interestIncome": 0,
    "interestExpense": 62000000,
    "depreciationAndAmortization": 238000000,
    "ebitda": 1062000000,
    "ebitdaratio": 0.193689586,
    "operatingIncome": 801000000,
    "operatingIncomeRatio": 0.1460879081,
    "totalOtherIncomeExpensesNet": -39000000,
    "incomeBeforeTax": 762000000,
    "incomeBeforeTaxRatio": 0.1389750137,
    "incomeTaxExpense": 123000000,
    "netIncome": 638000000,
    "netIncomeRatio": 0.1163596571,
    "eps": 1.6,
    "epsdiluted": 1.59,
    "weightedAverageShsOut": 398500000,
    "weightedAverageShsOutDil": 400500000,
    "link": "https://www.sec.gov/Archives/edgar/data/1551182/000155118223000008/0001551182-23-000008-index.htm",
    "finalLink": "https://www.sec.gov/Archives/edgar/data/1551182/000155118223000008/etn-20230331.htm"
  },
  {
    "date": "2022-12-31",
    "symbol": "ETN",
    "reportedCurrency": "USD",
    "cik": "0001551182",
    "fillingDate": "2023-02-23",
    "acceptedDate": "2023-02-23 16:22:19",
    "calendarYear": "2022",
    "period": "Q4",
    "revenue": 5384000000,
    "costOfRevenue": 3543000000,
    "grossProfit": 1841000000,
    "grossProfitRatio": 0.3419390788,
    "researchAndDevelopmentExpenses": 167000000,
    "generalAndAdministrativeExpenses": 0,
    "sellingAndMarketingExpenses": 0,
    "sellingGeneralAndAdministrativeExpenses": 800000000,
    "otherExpenses": 0,
    "operatingExpenses": 967000000,
    "costAndExpenses": 4510000000,
    "interestIncome": 0,
    "interestExpense": 73000000,
    "depreciationAndAmortization": 238000000,
    "ebitda": 1161000000,
    "ebitdaratio": 0.2156389302,
    "operatingIncome": 874000000,
    "operatingIncomeRatio": 0.162332838,
    "totalOtherIncomeExpensesNet": -23000000,
    "incomeBeforeTax": 851000000,
    "incomeBeforeTaxRatio": 0.1580609212,
    "incomeTaxExpense": 129000000,
    "netIncome": 721000000,
    "netIncomeRatio": 0.1339153046,
    "eps": 1.81,
    "epsdiluted": 1.8,
    "weightedAverageShsOut": 398000000,
    "weightedAverageShsOutDil": 400300000,
    "link": "https://www.sec.gov/Archives/edgar/data/1551182/000155118223000004/0001551182-23-000004-index.htm",
    "finalLink": "https://www.sec.gov/Archives/edgar/data/1551182/000155118223000004/etn-20221231.htm"
  },
  {
    "date": "2022-09-30",
    "symbol": "ETN",
    "reportedCurrency": "USD",
    "cik": "0001551182",
    "fillingDate": "2022-11-01",
    "acceptedDate": "2022-11-01 14:34:31",
    "calendarYear": "2022",
    "period": "Q3",
    "revenue": 5313000000,
    "costOfRevenue": 3542000000,
    "grossProfit": 1771000000,
    "grossProfitRatio": 0.3333333333,
    "researchAndDevelopmentExpenses": 165000000,
    "generalAndAdministrativeExpenses": 0,
    "sellingAndMarketingExpenses": 0,
    "sellingGeneralAndAdministrativeExpenses": 688000000,
    "otherExpenses": 0,
    "operatingExpenses": 853000000,
    "costAndExpenses": 4395000000,
    "interestIncome": 15000000,
    "interestExpense": 0,
    "depreciationAndAmortization": 237000000,
    "ebitda": 956000000,
    "ebitdaratio": 0.179936006,
    "operatingIncome": 918000000,
    "operatingIncomeRatio": 0.172783738,
    "totalOtherIncomeExpensesNet": -198000000,
    "incomeBeforeTax": 720000000,
    "incomeBeforeTaxRatio": 0.1355166573,
    "incomeTaxExpense": 112000000,
    "netIncome": 607000000,
    "netIncomeRatio": 0.1142480708,
    "eps": 1.52,
    "epsdiluted": 1.52,
    "weightedAverageShsOut": 398400000,
    "weightedAverageShsOutDil": 400300000,
    "link": "https://www.sec.gov/Archives/edgar/data/1551182/000155118222000024/0001551182-22-000024-index.htm",
    "finalLink": "https://www.sec.gov/Archives/edgar/data/1551182/000155118222000024/etn-20220930.htm"
  },
  {
    "date": "2022-06-30",
    "symbol": "ETN",
    "reportedCurrency": "USD",
    "cik": "0001551182",
    "fillingDate": "2022-08-02",
    "acceptedDate": "2022-08-02 14:06:44",
    "calendarYear": "2022",
    "period": "Q2",
    "revenue": 5212000000,
    "costOfRevenue": 3490000000,
    "grossProfit": 1722000000,
    "grossProfitRatio": 0.3303914045,
    "researchAndDevelopmentExpenses": 168000000,
    "generalAndAdministrativeExpenses": 0,
    "sellingAndMarketingExpenses": 0,
    "sellingGeneralAndAdministrativeExpenses": 767000000,
    "otherExpenses": 0,
    "operatingExpenses": 935000000,
    "costAndExpenses": 4425000000,
    "interestIncome": 0,
    "interestExpense": 6000000,
    "depreciationAndAmortization": 235000000,
    "ebitda": 962000000,
    "ebitdaratio": 0.1845740599,
    "operatingIncome": 787000000,
    "operatingIncomeRatio": 0.1509976976,
    "totalOtherIncomeExpensesNet": -67000000,
    "incomeBeforeTax": 720000000,
    "incomeBeforeTaxRatio": 0.1381427475,
    "incomeTaxExpense": 119000000,
    "netIncome": 601000000,
    "netIncomeRatio": 0.1153108212,
    "eps": 1.51,
    "epsdiluted": 1.5,
    "weightedAverageShsOut": 399000000,
    "weightedAverageShsOutDil": 400700000,
    "link": "https://www.sec.gov/Archives/edgar/data/1551182/000155118222000020/0001551182-22-000020-index.htm",
    "finalLink": "https://www.sec.gov/Archives/edgar/data/1551182/000155118222000020/etn-20220630.htm"
  },
  {
    "date": "2022-03-31",
    "symbol": "ETN",
    "reportedCurrency": "USD",
    "cik": "0001551182",
    "fillingDate": "2022-05-03",
    "acceptedDate": "2022-05-03 12:09:48",
    "calendarYear": "2022",
    "period": "Q1",
    "revenue": 4843000000,
    "costOfRevenue": 3271000000,
    "grossProfit": 1572000000,
    "grossProfitRatio": 0.3245921949,
    "researchAndDevelopmentExpenses": 165000000,
    "generalAndAdministrativeExpenses": 0,
    "sellingAndMarketingExpenses": 0,
    "sellingGeneralAndAdministrativeExpenses": 743000000,
    "otherExpenses": 0,
    "operatingExpenses": 908000000,
    "costAndExpenses": 4179000000,
    "interestIncome": 0,
    "interestExpense": 24000000,
    "depreciationAndAmortization": 244000000,
    "ebitda": 887000000,
    "ebitdaratio": 0.1831509395,
    "operatingIncome": 664000000,
    "operatingIncomeRatio": 0.1371051001,
    "totalOtherIncomeExpensesNet": -45000000,
    "incomeBeforeTax": 619000000,
    "incomeBeforeTaxRatio": 0.1278133388,
    "incomeTaxExpense": 86000000,
    "netIncome": 532000000,
    "netIncomeRatio": 0.109849267,
    "eps": 1.33,
    "epsdiluted": 1.32,
    "weightedAverageShsOut": 399200000,
    "weightedAverageShsOutDil": 401800000,
    "link": "https://www.sec.gov/Archives/edgar/data/1551182/000155118222000008/0001551182-22-000008-index.htm",
    "finalLink": "https://www.sec.gov/Archives/edgar/data/1551182/000155118222000008/etn-20220331.htm"
  },
  {
    "date": "2021-12-31",
    "symbol": "ETN",
    "reportedCurrency": "USD",
    "cik": "0001551182",
    "fillingDate": "2022-02-23",
    "acceptedDate": "2022-02-23 16:31:49",
    "calendarYear": "2021",
    "period": "Q4",
    "revenue": 4798000000,
    "costOfRevenue": 3229000000,
    "grossProfit": 1569000000,
    "grossProfitRatio": 0.3270112547,
    "researchAndDevelopmentExpenses": 162000000,
    "generalAndAdministrativeExpenses": 0,
    "sellingAndMarketingExpenses": 0,
    "sellingGeneralAndAdministrativeExpenses": 699000000,
    "otherExpenses": 0,
    "operatingExpenses": 861000000,
    "costAndExpenses": 4090000000,
    "interestIncome": 0,
    "interestExpense": 41000000,
    "depreciationAndAmortization": 238000000,
    "ebitda": 904000000,
    "ebitdaratio": 0.1884118383,
    "operatingIncome": 708000000,
    "operatingIncomeRatio": 0.147561484,
    "totalOtherIncomeExpensesNet": -83000000,
    "incomeBeforeTax": 625000000,
    "incomeBeforeTaxRatio": 0.1302626094,
    "incomeTaxExpense": 74000000,
    "netIncome": 551000000,
    "netIncomeRatio": 0.1148395165,
    "eps": 1.38,
    "epsdiluted": 1.37,
    "weightedAverageShsOut": 398900000,
    "weightedAverageShsOutDil": 402100000,
    "link": "https://www.sec.gov/Archives/edgar/data/1551182/000155118222000004/0001551182-22-000004-index.htm",
    "finalLink": "https://www.sec.gov/Archives/edgar/data/1551182/000155118222000004/etn-20211231.htm"
  },
  {
    "date": "2021-09-30",
    "symbol": "ETN",
    "reportedCurrency": "USD",
    "cik": "0001551182",
    "fillingDate": "2021-11-02",
    "acceptedDate": "2021-11-02 12:18:54",
    "calendarYear": "2021",
    "period": "Q3",
    "revenue": 4923000000,
    "costOfRevenue": 3341000000,
    "grossProfit": 1582000000,
    "grossProfitRatio": 0.3213487711,
    "researchAndDevelopmentExpenses": 152000000,
    "generalAndAdministrativeExpenses": 0,
    "sellingAndMarketingExpenses": 0,
    "sellingGeneralAndAdministrativeExpenses": 621000000,
    "otherExpenses": 0,
    "operatingExpenses": 773000000,
    "costAndExpenses": 4114000000,
    "interestIncome": 0,
    "interestExpense": 5000000,
    "depreciationAndAmortization": 247000000,
    "ebitda": 1365000000,
    "ebitdaratio": 0.2772699573,
    "operatingIncome": 809000000,
    "operatingIncomeRatio": 0.1643306927,
    "totalOtherIncomeExpensesNet": 304000000,
    "incomeBeforeTax": 1113000000,
    "incomeBeforeTaxRatio": 0.2260816575,
    "incomeTaxExpense": 483000000,
    "netIncome": 629000000,
    "netIncomeRatio": 0.1277676214,
    "eps": 1.58,
    "epsdiluted": 1.57,
    "weightedAverageShsOut": 398900000,
    "weightedAverageShsOutDil": 401900000,
    "link": "https://www.sec.gov/Archives/edgar/data/1551182/000155118221000184/0001551182-21-000184-index.htm",
    "finalLink": "https://www.sec.gov/Archives/edgar/data/1551182/000155118221000184/etn-20210930.htm"
  },
  {
    "date": "2021-06-30",
    "symbol": "ETN",
    "reportedCurrency": "USD",
    "cik": "0001551182",
    "fillingDate": "2021-08-03",
    "acceptedDate": "2021-08-03 12:17:14",
    "calendarYear": "2021",
    "period": "Q2",
    "revenue": 5215000000,
    "costOfRevenue": 3555000000,
    "grossProfit": 1660000000,
    "grossProfitRatio": 0.3183125599,
    "researchAndDevelopmentExpenses": 154000000,
    "generalAndAdministrativeExpenses": 0,
    "sellingAndMarketingExpenses": 0,
    "sellingGeneralAndAdministrativeExpenses": 776000000,
    "otherExpenses": 0,
    "operatingExpenses": 930000000,
    "costAndExpenses": 4485000000,
    "interestIncome": 0,
    "interestExpense": 123000000,
    "depreciationAndAmortization": 229000000,
    "ebitda": 972000000,
    "ebitdaratio": 0.1863854267,
    "operatingIncome": 730000000,
    "operatingIncomeRatio": 0.1399808245,
    "totalOtherIncomeExpensesNet": -110000000,
    "incomeBeforeTax": 620000000,
    "incomeBeforeTaxRatio": 0.1188878236,
    "incomeTaxExpense": 114000000,
    "netIncome": 506000000,
    "netIncomeRatio": 0.0970278044,
    "eps": 1.27,
    "epsdiluted": 1.26,
    "weightedAverageShsOut": 398800000,
    "weightedAverageShsOutDil": 401400000,
    "link": "https://www.sec.gov/Archives/edgar/data/1551182/000155118221000161/0001551182-21-000161-index.htm",
    "finalLink": "https://www.sec.gov/Archives/edgar/data/1551182/000155118221000161/etn-20210630.htm"
  },
  {
    "date": "2021-03-31",
    "symbol": "ETN",
    "reportedCurrency": "USD",
    "cik": "0001551182",
    "fillingDate": "2021-05-04",
    "acceptedDate": "2021-05-04 12:17:04",
    "calendarYear": "2021",
    "period": "Q1",
    "revenue": 4692000000,
    "costOfRevenue": 3188000000,
    "grossProfit": 1504000000,
    "grossProfitRatio": 0.3205456095,
    "researchAndDevelopmentExpenses": 148000000,
    "generalAndAdministrativeExpenses": 0,
    "sellingAndMarketingExpenses": 0,
    "sellingGeneralAndAdministrativeExpenses": 733000000,
    "otherExpenses": 0,
    "operatingExpenses": 881000000,
    "costAndExpenses": 4069000000,
    "interestIncome": 25000000,
    "interestExpense": 0,
    "depreciationAndAmortization": 208000000,
    "ebitda": 746000000,
    "ebitdaratio": 0.1589940324,
    "operatingIncome": 623000000,
    "operatingIncomeRatio": 0.1327791986,
    "totalOtherIncomeExpensesNet": -85000000,
    "incomeBeforeTax": 538000000,
    "incomeBeforeTaxRatio": 0.1146632566,
    "incomeTaxExpense": 79000000,
    "netIncome": 458000000,
    "netIncomeRatio": 0.0976129582,
    "eps": 1.15,
    "epsdiluted": 1.14,
    "weightedAverageShsOut": 398300000,
    "weightedAverageShsOutDil": 400900000,
    "link": "https://www.sec.gov/Archives/edgar/data/1551182/000155118221000120/0001551182-21-000120-index.htm",
    "finalLink": "https://www.sec.gov/Archives/edgar/data/1551182/000155118221000120/etn-20210331.htm"
  },
  {
    "date": "2020-12-31",
    "symbol": "ETN",
    "reportedCurrency": "USD",
    "cik": "0001551182",
    "fillingDate": "2021-02-24",
    "acceptedDate": "2021-02-24 16:00:55",
    "calendarYear": "2020",
    "period": "Q4",
    "revenue": 4687000000,
    "costOfRevenue": 3182000000,
    "grossProfit": 1505000000,
    "grossProfitRatio": 0.3211009174,
    "researchAndDevelopmentExpenses": 140000000,
    "generalAndAdministrativeExpenses": 0,
    "sellingAndMarketingExpenses": 0,
    "sellingGeneralAndAdministrativeExpenses": 723000000,
    "otherExpenses": 0,
    "operatingExpenses": 863000000,
    "costAndExpenses": 4045000000,
    "interestIncome": 0,
    "interestExpense": 162000000,
    "depreciationAndAmortization": 208000000,
    "ebitda": 923000000,
    "ebitdaratio": 0.1969276723,
    "operatingIncome": 642000000,
    "operatingIncomeRatio": 0.1369746106,
    "totalOtherIncomeExpensesNet": -89000000,
    "incomeBeforeTax": 553000000,
    "incomeBeforeTaxRatio": 0.1179859185,
    "incomeTaxExpense": 77000000,
    "netIncome": 475000000,
    "netIncomeRatio": 0.1013441434,
    "eps": 1.19,
    "epsdiluted": 1.18,
    "weightedAverageShsOut": 398700000,
    "weightedAverageShsOutDil": 401300000,
    "link": "https://www.sec.gov/Archives/edgar/data/1551182/000155118221000022/0001551182-21-000022-index.htm",
    "finalLink": "https://www.sec.gov/Archives/edgar/data/1551182/000155118221000022/etn-20201231.htm"
  },
  {
    "date": "2020-09-30",
    "symbol": "ETN",
    "reportedCurrency": "USD",
    "cik": "0001551182",
    "fillingDate": "2020-11-03",
    "acceptedDate": "2020-11-03 12:32:39",
    "calendarYear": "2020",
    "period": "Q3",
    "revenue": 4526000000,
    "costOfRevenue": 3051000000,
    "grossProfit": 1475000000,
    "grossProfitRatio": 0.3258948299,
    "researchAndDevelopmentExpenses": 132000000,
    "generalAndAdministrativeExpenses": 0,
    "sellingAndMarketingExpenses": 0,
    "sellingGeneralAndAdministrativeExpenses": 716000000,
    "otherExpenses": 0,
    "operatingExpenses": 848000000,
    "costAndExpenses": 3899000000,
    "interestIncome": 0,
    "interestExpense": 90000000,
    "depreciationAndAmortization": 206000000,
    "ebitda": 821000000,
    "ebitdaratio": 0.1813963765,
    "operatingIncome": 627000000,
    "operatingIncomeRatio": 0.1385329209,
    "totalOtherIncomeExpensesNet": -102000000,
    "incomeBeforeTax": 525000000,
    "incomeBeforeTaxRatio": 0.1159964649,
    "incomeTaxExpense": 78000000,
    "netIncome": 446000000,
    "netIncomeRatio": 0.0985417587,
    "eps": 1.11,
    "epsdiluted": 1.11,
    "weightedAverageShsOut": 400400000,
    "weightedAverageShsOutDil": 402300000,
    "link": "https://www.sec.gov/Archives/edgar/data/1551182/000155118220000190/0001551182-20-000190-index.htm",
    "finalLink": "https://www.sec.gov/Archives/edgar/data/1551182/000155118220000190/etn-20200930.htm"
  },
  {
    "date": "2020-06-30",
    "symbol": "ETN",
    "reportedCurrency": "USD",
    "cik": "0001551182",
    "fillingDate": "2020-07-29",
    "acceptedDate": "2020-07-29 12:27:40",
    "calendarYear": "2020",
    "period": "Q2",
    "revenue": 3856000000,
    "costOfRevenue": 2876000000,
    "grossProfit": 980000000,
    "grossProfitRatio": 0.2541493776,
    "researchAndDevelopmentExpenses": 126000000,
    "generalAndAdministrativeExpenses": 0,
    "sellingAndMarketingExpenses": 0,
    "sellingGeneralAndAdministrativeExpenses": 401000000,
    "otherExpenses": 0,
    "operatingExpenses": 527000000,
    "costAndExpenses": 3403000000,
    "interestIncome": 0,
    "interestExpense": 84000000,
    "depreciationAndAmortization": 198000000,
    "ebitda": 329000000,
    "ebitdaratio": 0.0853215768,
    "operatingIncome": 453000000,
    "operatingIncomeRatio": 0.1174792531,
    "totalOtherIncomeExpensesNet": -406000000,
    "incomeBeforeTax": 47000000,
    "incomeBeforeTaxRatio": 0.0121887967,
    "incomeTaxExpense": -7000000,
    "netIncome": 51000000,
    "netIncomeRatio": 0.0132261411,
    "eps": 0.13,
    "epsdiluted": 0.13,
    "weightedAverageShsOut": 400400000,
    "weightedAverageShsOutDil": 401300000,
    "link": "https://www.sec.gov/Archives/edgar/data/1551182/000155118220000167/0001551182-20-000167-index.htm",
    "finalLink": "https://www.sec.gov/Archives/edgar/data/1551182/000155118220000167/etn0630202010-q.htm"
  },
  {
    "date": "2020-03-31",
    "symbol": "ETN",
    "reportedCurrency": "USD",
    "cik": "0001551182",
    "fillingDate": "2020-04-30",
    "acceptedDate": "2020-04-30 14:05:03",
    "calendarYear": "2020",
    "period": "Q1",
    "revenue": 4789000000,
    "costOfRevenue": 3302000000,
    "grossProfit": 1487000000,
    "grossProfitRatio": 0.3105032366,
    "researchAndDevelopmentExpenses": 153000000,
    "generalAndAdministrativeExpenses": 0,
    "sellingAndMarketingExpenses": 0,
    "sellingGeneralAndAdministrativeExpenses": 733000000,
    "otherExpenses": 0,
    "operatingExpenses": 886000000,
    "costAndExpenses": 4188000000,
    "interestIncome": 115000000,
    "interestExpense": 0,
    "depreciationAndAmortization": 199000000,
    "ebitda": 820000000,
    "ebitdaratio": 0.1712257256,
    "operatingIncome": 601000000,
    "operatingIncomeRatio": 0.1254959282,
    "totalOtherIncomeExpensesNet": 20000000,
    "incomeBeforeTax": 621000000,
    "incomeBeforeTaxRatio": 0.1296721654,
    "incomeTaxExpense": 183000000,
    "netIncome": 438000000,
    "netIncomeRatio": 0.0914595949,
    "eps": 1.07,
    "epsdiluted": 1.07,
    "weightedAverageShsOut": 409300000,
    "weightedAverageShsOutDil": 411100000,
    "link": "https://www.sec.gov/Archives/edgar/data/1551182/000155118220000127/0001551182-20-000127-index.htm",
    "finalLink": "https://www.sec.gov/Archives/edgar/data/1551182/000155118220000127/etn0331202010-q.htm"
  },
  {
    "date": "2019-12-31",
    "symbol": "ETN",
    "reportedCurrency": "USD",
    "cik": "0001551182",
    "fillingDate": "2020-02-26",
    "acceptedDate": "2020-02-26 13:07:06",
    "calendarYear": "2019",
    "period": "Q4",
    "revenue": 5238000000,
    "costOfRevenue": 3555000000,
    "grossProfit": 1683000000,
    "grossProfitRatio": 0.3213058419,
    "researchAndDevelopmentExpenses": 152000000,
    "generalAndAdministrativeExpenses": 0,
    "sellingAndMarketingExpenses": 0,
    "sellingGeneralAndAdministrativeExpenses": 741000000,
    "otherExpenses": 0,
    "operatingExpenses": 893000000,
    "costAndExpenses": 4448000000,
    "interestIncome": 0,
    "interestExpense": 53000000,
    "depreciationAndAmortization": 216000000,
    "ebitda": 801000000,
    "ebitdaratio": 0.1529209622,
    "operatingIncome": 790000000,
    "operatingIncomeRatio": 0.150820924,
    "totalOtherIncomeExpensesNet": -258000000,
    "incomeBeforeTax": 532000000,
    "incomeBeforeTaxRatio": 0.101565483,
    "incomeTaxExpense": 79000000,
    "netIncome": 452000000,
    "netIncomeRatio": 0.086292478,
    "eps": 1.09,
    "epsdiluted": 1.09,
    "weightedAverageShsOut": 413600000,
    "weightedAverageShsOutDil": 415800000,
    "link": "https://www.sec.gov/Archives/edgar/data/1551182/000155118220000050/0001551182-20-000050-index.htm",
    "finalLink": "https://www.sec.gov/Archives/edgar/data/1551182/000155118220000050/etn12312019form10-k.htm"
  },
  {
    "date": "2019-09-30",
    "symbol": "ETN",
    "reportedCurrency": "USD",
    "cik": "0001551182",
    "fillingDate": "2019-10-29",
    "acceptedDate": "2019-10-29 12:29:45",
    "calendarYear": "2019",
    "period": "Q3",
    "revenue": 5314000000,
    "costOfRevenue": 3513000000,
    "grossProfit": 1801000000,
    "grossProfitRatio": 0.3389160708,
    "researchAndDevelopmentExpenses": 147000000,
    "generalAndAdministrativeExpenses": 0,
    "sellingAndMarketingExpenses": 0,
    "sellingGeneralAndAdministrativeExpenses": 846000000,
    "otherExpenses": 0,
    "operatingExpenses": 993000000,
    "costAndExpenses": 4506000000,
    "interestIncome": 0,
    "interestExpense": 54000000,
    "depreciationAndAmortization": 226000000,
    "ebitda": 998000000,
    "ebitdaratio": 0.187805796,
    "operatingIncome": 808000000,
    "operatingIncomeRatio": 0.1520511855,
    "totalOtherIncomeExpensesNet": -90000000,
    "incomeBeforeTax": 718000000,
    "incomeBeforeTaxRatio": 0.1351147911,
    "incomeTaxExpense": 116000000,
    "netIncome": 601000000,
    "netIncomeRatio": 0.1130974784,
    "eps": 1.44,
    "epsdiluted": 1.44,
    "weightedAverageShsOut": 416600000,
    "weightedAverageShsOutDil": 418400000,
    "link": "https://www.sec.gov/Archives/edgar/data/1551182/000155118219000183/0001551182-19-000183-index.htm",
    "finalLink": "https://www.sec.gov/Archives/edgar/data/1551182/000155118219000183/etn0930201910-q.htm"
  },
  {
    "date": "2019-06-30",
    "symbol": "ETN",
    "reportedCurrency": "USD",
    "cik": "0001551182",
    "fillingDate": "2019-07-30",
    "acceptedDate": "2019-07-30 12:17:20",
    "calendarYear": "2019",
    "period": "Q2",
    "revenue": 5533000000,
    "costOfRevenue": 3698000000,
    "grossProfit": 1835000000,
    "grossProfitRatio": 0.3316464847,
    "researchAndDevelopmentExpenses": 151000000,
    "generalAndAdministrativeExpenses": 0,
    "sellingAndMarketingExpenses": 0,
    "sellingGeneralAndAdministrativeExpenses": 893000000,
    "otherExpenses": 0,
    "operatingExpenses": 1044000000,
    "costAndExpenses": 4742000000,
    "interestIncome": 0,
    "interestExpense": 63000000,
    "depreciationAndAmortization": 221000000,
    "ebitda": 1022000000,
    "ebitdaratio": 0.1847099223,
    "operatingIncome": 791000000,
    "operatingIncomeRatio": 0.1429604193,
    "totalOtherIncomeExpensesNet": -53000000,
    "incomeBeforeTax": 738000000,
    "incomeBeforeTaxRatio": 0.133381529,
    "incomeTaxExpense": 102000000,
    "netIncome": 636000000,
    "netIncomeRatio": 0.1149466835,
    "eps": 1.51,
    "epsdiluted": 1.5,
    "weightedAverageShsOut": 421600000,
    "weightedAverageShsOutDil": 423100000,
    "link": "https://www.sec.gov/Archives/edgar/data/1551182/000155118219000160/0001551182-19-000160-index.htm",
    "finalLink": "https://www.sec.gov/Archives/edgar/data/1551182/000155118219000160/etn0630201910-q.htm"
  },
  {
    "date": "2019-03-31",
    "symbol": "ETN",
    "reportedCurrency": "USD",
    "cik": "0001551182",
    "fillingDate": "2019-04-30",
    "acceptedDate": "2019-04-30 13:03:50",
    "calendarYear": "2019",
    "period": "Q1",
    "revenue": 5305000000,
    "costOfRevenue": 3576000000,
    "grossProfit": 1729000000,
    "grossProfitRatio": 0.3259189444,
    "researchAndDevelopmentExpenses": 156000000,
    "generalAndAdministrativeExpenses": 0,
    "sellingAndMarketingExpenses": 0,
    "sellingGeneralAndAdministrativeExpenses": 905000000,
    "otherExpenses": 0,
    "operatingExpenses": 1061000000,
    "costAndExpenses": 4637000000,
    "interestIncome": 0,
    "interestExpense": 66000000,
    "depreciationAndAmortization": 221000000,
    "ebitda": 890000000,
    "ebitdaratio": 0.1677662582,
    "operatingIncome": 668000000,
    "operatingIncomeRatio": 0.1259189444,
    "totalOtherIncomeExpensesNet": -65000000,
    "incomeBeforeTax": 603000000,
    "incomeBeforeTaxRatio": 0.1136663525,
    "incomeTaxExpense": 81000000,
    "netIncome": 522000000,
    "netIncomeRatio": 0.098397738,
    "eps": 1.23,
    "epsdiluted": 1.23,
    "weightedAverageShsOut": 424000000,
    "weightedAverageShsOutDil": 425900000,
    "link": "https://www.sec.gov/Archives/edgar/data/1551182/000155118219000124/0001551182-19-000124-index.htm",
    "finalLink": "https://www.sec.gov/Archives/edgar/data/1551182/000155118219000124/etn0331201910-q.htm"
  },
  {
    "date": "2018-12-31",
    "symbol": "ETN",
    "reportedCurrency": "USD",
    "cik": "0001551182",
    "fillingDate": "2019-02-27",
    "acceptedDate": "2019-02-27 15:05:59",
    "calendarYear": "2018",
    "period": "Q4",
    "revenue": 5459000000,
    "costOfRevenue": 3666000000,
    "grossProfit": 1793000000,
    "grossProfitRatio": 0.3284484338,
    "researchAndDevelopmentExpenses": 145000000,
    "generalAndAdministrativeExpenses": 0,
    "sellingAndMarketingExpenses": 0,
    "sellingGeneralAndAdministrativeExpenses": 869000000,
    "otherExpenses": 0,
    "operatingExpenses": 1014000000,
    "costAndExpenses": 4680000000,
    "interestIncome": 0,
    "interestExpense": 66000000,
    "depreciationAndAmortization": 223000000,
    "ebitda": 1015000000,
    "ebitdaratio": 0.1859314893,
    "operatingIncome": 779000000,
    "operatingIncomeRatio": 0.1427001282,
    "totalOtherIncomeExpensesNet": -53000000,
    "incomeBeforeTax": 726000000,
    "incomeBeforeTaxRatio": 0.1329913904,
    "incomeTaxExpense": 94000000,
    "netIncome": 631000000,
    "netIncomeRatio": 0.1155889357,
    "eps": 1.46,
    "epsdiluted": 1.46,
    "weightedAverageShsOut": 429900000,
    "weightedAverageShsOutDil": 432400000,
    "link": "https://www.sec.gov/Archives/edgar/data/1551182/000155118219000045/0001551182-19-000045-index.htm",
    "finalLink": "https://www.sec.gov/Archives/edgar/data/1551182/000155118219000045/etn12312018form10-k.htm"
  },
  {
    "date": "2018-09-30",
    "symbol": "ETN",
    "reportedCurrency": "USD",
    "cik": "0001551182",
    "fillingDate": "2018-10-30",
    "acceptedDate": "2018-10-30 12:33:22",
    "calendarYear": "2018",
    "period": "Q3",
    "revenue": 5412000000,
    "costOfRevenue": 3593000000,
    "grossProfit": 1819000000,
    "grossProfitRatio": 0.336104952,
    "researchAndDevelopmentExpenses": 138000000,
    "generalAndAdministrativeExpenses": 0,
    "sellingAndMarketingExpenses": 0,
    "sellingGeneralAndAdministrativeExpenses": 889000000,
    "otherExpenses": 0,
    "operatingExpenses": 1027000000,
    "costAndExpenses": 4620000000,
    "interestIncome": 0,
    "interestExpense": 67000000,
    "depreciationAndAmortization": 223000000,
    "ebitda": 729000000,
    "ebitdaratio": 0.1347006652,
    "operatingIncome": 792000000,
    "operatingIncomeRatio": 0.1463414634,
    "totalOtherIncomeExpensesNet": -353000000,
    "incomeBeforeTax": 439000000,
    "incomeBeforeTaxRatio": 0.0811160384,
    "incomeTaxExpense": 23000000,
    "netIncome": 416000000,
    "netIncomeRatio": 0.0768662232,
    "eps": 0.96,
    "epsdiluted": 0.95,
    "weightedAverageShsOut": 433500000,
    "weightedAverageShsOutDil": 436300000,
    "link": "https://www.sec.gov/Archives/edgar/data/1551182/000155118218000225/0001551182-18-000225-index.htm",
    "finalLink": "https://www.sec.gov/Archives/edgar/data/1551182/000155118218000225/etn0930201810-qdoc.htm"
  },
  {
    "date": "2018-06-30",
    "symbol": "ETN",
    "reportedCurrency": "USD",
    "cik": "0001551182",
    "fillingDate": "2018-07-31",
    "acceptedDate": "2018-07-31 11:28:54",
    "calendarYear": "2018",
    "period": "Q2",
    "revenue": 5487000000,
    "costOfRevenue": 3667000000,
    "grossProfit": 1820000000,
    "grossProfitRatio": 0.3316930928,
    "researchAndDevelopmentExpenses": 145000000,
    "generalAndAdministrativeExpenses": 0,
    "sellingAndMarketingExpenses": 0,
    "sellingGeneralAndAdministrativeExpenses": 901000000,
    "otherExpenses": 0,
    "operatingExpenses": 1046000000,
    "costAndExpenses": 4713000000,
    "interestIncome": 0,
    "interestExpense": 68000000,
    "depreciationAndAmortization": 227000000,
    "ebitda": 989000000,
    "ebitdaratio": 0.1802442136,
    "operatingIncome": 774000000,
    "operatingIncomeRatio": 0.1410606889,
    "totalOtherIncomeExpensesNet": -80000000,
    "incomeBeforeTax": 694000000,
    "incomeBeforeTaxRatio": 0.1264807727,
    "incomeTaxExpense": 83000000,
    "netIncome": 610000000,
    "netIncomeRatio": 0.1111718608,
    "eps": 1.4,
    "epsdiluted": 1.39,
    "weightedAverageShsOut": 435200000,
    "weightedAverageShsOutDil": 437300000,
    "link": "https://www.sec.gov/Archives/edgar/data/1551182/000155118218000208/0001551182-18-000208-index.htm",
    "finalLink": "https://www.sec.gov/Archives/edgar/data/1551182/000155118218000208/etn0630201810-qdoc.htm"
  },
  {
    "date": "2018-03-31",
    "symbol": "ETN",
    "reportedCurrency": "USD",
    "cik": "0001551182",
    "fillingDate": "2018-05-01",
    "acceptedDate": "2018-05-01 11:28:10",
    "calendarYear": "2018",
    "period": "Q1",
    "revenue": 5251000000,
    "costOfRevenue": 3569000000,
    "grossProfit": 1682000000,
    "grossProfitRatio": 0.3203199391,
    "researchAndDevelopmentExpenses": 156000000,
    "generalAndAdministrativeExpenses": 0,
    "sellingAndMarketingExpenses": 0,
    "sellingGeneralAndAdministrativeExpenses": 889000000,
    "otherExpenses": 0,
    "operatingExpenses": 1045000000,
    "costAndExpenses": 4614000000,
    "interestIncome": 0,
    "interestExpense": 70000000,
    "depreciationAndAmortization": 230000000,
    "ebitda": 865000000,
    "ebitdaratio": 0.1647305275,
    "operatingIncome": 637000000,
    "operatingIncomeRatio": 0.1213102266,
    "totalOtherIncomeExpensesNet": -72000000,
    "incomeBeforeTax": 565000000,
    "incomeBeforeTaxRatio": 0.1075985527,
    "incomeTaxExpense": 78000000,
    "netIncome": 488000000,
    "netIncomeRatio": 0.0929346791,
    "eps": 1.11,
    "epsdiluted": 1.1,
    "weightedAverageShsOut": 438800000,
    "weightedAverageShsOutDil": 441700000,
    "link": "https://www.sec.gov/Archives/edgar/data/1551182/000155118218000169/0001551182-18-000169-index.htm",
    "finalLink": "https://www.sec.gov/Archives/edgar/data/1551182/000155118218000169/etn0331201810-qdoc.htm"
  },
  {
    "date": "2017-12-31",
    "symbol": "ETN",
    "reportedCurrency": "USD",
    "cik": "0001551182",
    "fillingDate": "2018-02-28",
    "acceptedDate": "2018-02-28 12:45:42",
    "calendarYear": "2017",
    "period": "Q4",
    "revenue": 5213000000,
    "costOfRevenue": 3530000000,
    "grossProfit": 1683000000,
    "grossProfitRatio": 0.3228467293,
    "researchAndDevelopmentExpenses": 144000000,
    "generalAndAdministrativeExpenses": 0,
    "sellingAndMarketingExpenses": 0,
    "sellingGeneralAndAdministrativeExpenses": 815000000,
    "otherExpenses": 0,
    "operatingExpenses": 959000000,
    "costAndExpenses": 4489000000,
    "interestIncome": 0,
    "interestExpense": 65000000,
    "depreciationAndAmortization": 229000000,
    "ebitda": 929000000,
    "ebitdaratio": 0.1782083253,
    "operatingIncome": 724000000,
    "operatingIncomeRatio": 0.1388835603,
    "totalOtherIncomeExpensesNet": -89000000,
    "incomeBeforeTax": 635000000,
    "incomeBeforeTaxRatio": 0.1218108575,
    "incomeTaxExpense": 1000000,
    "netIncome": 639000000,
    "netIncomeRatio": 0.12257817,
    "eps": 1.44,
    "epsdiluted": 1.43,
    "weightedAverageShsOut": 440300000,
    "weightedAverageShsOutDil": 443300000,
    "link": "https://www.sec.gov/Archives/edgar/data/1551182/000155118218000074/0001551182-18-000074-index.htm",
    "finalLink": "https://www.sec.gov/Archives/edgar/data/1551182/000155118218000074/etn12312017form10-k.htm"
  },
  {
    "date": "2017-09-30",
    "symbol": "ETN",
    "reportedCurrency": "USD",
    "cik": "0001551182",
    "fillingDate": "2017-10-31",
    "acceptedDate": "2017-10-31 14:17:05",
    "calendarYear": "2017",
    "period": "Q3",
    "revenue": 5211000000,
    "costOfRevenue": 3459000000,
    "grossProfit": 1752000000,
    "grossProfitRatio": 0.3362118595,
    "researchAndDevelopmentExpenses": 147000000,
    "generalAndAdministrativeExpenses": 0,
    "sellingAndMarketingExpenses": 0,
    "sellingGeneralAndAdministrativeExpenses": 901000000,
    "otherExpenses": 0,
    "operatingExpenses": 1048000000,
    "costAndExpenses": 4507000000,
    "interestIncome": 0,
    "interestExpense": 60000000,
    "depreciationAndAmortization": 232000000,
    "ebitda": 1986000000,
    "ebitdaratio": 0.3811168682,
    "operatingIncome": 704000000,
    "operatingIncomeRatio": 0.1350988294,
    "totalOtherIncomeExpensesNet": 990000000,
    "incomeBeforeTax": 1691000000,
    "incomeBeforeTaxRatio": 0.324505853,
    "incomeTaxExpense": 292000000,
    "netIncome": 1401000000,
    "netIncomeRatio": 0.2688543466,
    "eps": 3.16,
    "epsdiluted": 3.14,
    "weightedAverageShsOut": 442600000,
    "weightedAverageShsOutDil": 445200000,
    "link": "https://www.sec.gov/Archives/edgar/data/1551182/000155118217000181/0001551182-17-000181-index.htm",
    "finalLink": "https://www.sec.gov/Archives/edgar/data/1551182/000155118217000181/etn0930201710-qdoc.htm"
  },
  {
    "date": "2017-06-30",
    "symbol": "ETN",
    "reportedCurrency": "USD",
    "cik": "0001551182",
    "fillingDate": "2017-08-01",
    "acceptedDate": "2017-08-01 11:56:41",
    "calendarYear": "2017",
    "period": "Q2",
    "revenue": 5132000000,
    "costOfRevenue": 3447000000,
    "grossProfit": 1685000000,
    "grossProfitRatio": 0.3283320343,
    "researchAndDevelopmentExpenses": 150000000,
    "generalAndAdministrativeExpenses": 0,
    "sellingAndMarketingExpenses": 0,
    "sellingGeneralAndAdministrativeExpenses": 890000000,
    "otherExpenses": 0,
    "operatingExpenses": 1040000000,
    "costAndExpenses": 4487000000,
    "interestIncome": 0,
    "interestExpense": 60000000,
    "depreciationAndAmortization": 228000000,
    "ebitda": 860000000,
    "ebitdaratio": 0.1675759938,
    "operatingIncome": 645000000,
    "operatingIncomeRatio": 0.1256819953,
    "totalOtherIncomeExpensesNet": -73000000,
    "incomeBeforeTax": 570000000,
    "incomeBeforeTaxRatio": 0.1110678098,
    "incomeTaxExpense": 54000000,
    "netIncome": 516000000,
    "netIncomeRatio": 0.1005455963,
    "eps": 1.16,
    "epsdiluted": 1.15,
    "weightedAverageShsOut": 446300000,
    "weightedAverageShsOutDil": 448600000,
    "link": "https://www.sec.gov/Archives/edgar/data/1551182/000155118217000169/0001551182-17-000169-index.htm",
    "finalLink": "https://www.sec.gov/Archives/edgar/data/1551182/000155118217000169/etn0630201710-qdoc.htm"
  },
  {
    "date": "2017-03-31",
    "symbol": "ETN",
    "reportedCurrency": "USD",
    "cik": "0001551182",
    "fillingDate": "2017-05-02",
    "acceptedDate": "2017-05-02 13:39:47",
    "calendarYear": "2017",
    "period": "Q1",
    "revenue": 4848000000,
    "costOfRevenue": 3306000000,
    "grossProfit": 1542000000,
    "grossProfitRatio": 0.3180693069,
    "researchAndDevelopmentExpenses": 143000000,
    "generalAndAdministrativeExpenses": 0,
    "sellingAndMarketingExpenses": 0,
    "sellingGeneralAndAdministrativeExpenses": 864000000,
    "otherExpenses": 0,
    "operatingExpenses": 1007000000,
    "costAndExpenses": 4313000000,
    "interestIncome": 0,
    "interestExpense": 61000000,
    "depreciationAndAmortization": 225000000,
    "ebitda": 750000000,
    "ebitdaratio": 0.1547029703,
    "operatingIncome": 535000000,
    "operatingIncomeRatio": 0.1103547855,
    "totalOtherIncomeExpensesNet": -71000000,
    "incomeBeforeTax": 464000000,
    "incomeBeforeTaxRatio": 0.095709571,
    "incomeTaxExpense": 32000000,
    "netIncome": 434000000,
    "netIncomeRatio": 0.0895214521,
    "eps": 0.97,
    "epsdiluted": 0.96,
    "weightedAverageShsOut": 448800000,
    "weightedAverageShsOutDil": 451000000,
    "link": "https://www.sec.gov/Archives/edgar/data/1551182/000155118217000131/0001551182-17-000131-index.htm",
    "finalLink": "https://www.sec.gov/Archives/edgar/data/1551182/000155118217000131/etn0331201710-qdoc.htm"
  },
  {
    "date": "2016-12-31",
    "symbol": "ETN",
    "reportedCurrency": "USD",
    "cik": "0001551182",
    "fillingDate": "2017-02-22",
    "acceptedDate": "2017-02-22 16:03:51",
    "calendarYear": "2016",
    "period": "Q4",
    "revenue": 4867000000,
    "costOfRevenue": 3314000000,
    "grossProfit": 1553000000,
    "grossProfitRatio": 0.3190877337,
    "researchAndDevelopmentExpenses": 145000000,
    "generalAndAdministrativeExpenses": 0,
    "sellingAndMarketingExpenses": 0,
    "sellingGeneralAndAdministrativeExpenses": 772000000,
    "otherExpenses": 0,
    "operatingExpenses": 917000000,
    "costAndExpenses": 4231000000,
    "interestIncome": 0,
    "interestExpense": 60000000,
    "depreciationAndAmortization": 229000000,
    "ebitda": 848000000,
    "ebitdaratio": 0.1742346415,
    "operatingIncome": 636000000,
    "operatingIncomeRatio": 0.1306759811,
    "totalOtherIncomeExpensesNet": -77000000,
    "incomeBeforeTax": 559000000,
    "incomeBeforeTaxRatio": 0.1148551469,
    "incomeTaxExpense": 51000000,
    "netIncome": 504000000,
    "netIncomeRatio": 0.1035545511,
    "eps": 1.12,
    "epsdiluted": 1.12,
    "weightedAverageShsOut": 450500000,
    "weightedAverageShsOutDil": 452400000,
    "link": "https://www.sec.gov/Archives/edgar/data/1551182/000155118217000014/0001551182-17-000014-index.htm",
    "finalLink": "https://www.sec.gov/Archives/edgar/data/1551182/000155118217000014/etn12312016form10-k.htm"
  },
  {
    "date": "2016-09-30",
    "symbol": "ETN",
    "reportedCurrency": "USD",
    "cik": "0001551182",
    "fillingDate": "2016-11-01",
    "acceptedDate": "2016-11-01 11:13:45",
    "calendarYear": "2016",
    "period": "Q3",
    "revenue": 4987000000,
    "costOfRevenue": 3367000000,
    "grossProfit": 1620000000,
    "grossProfitRatio": 0.3248445959,
    "researchAndDevelopmentExpenses": 146000000,
    "generalAndAdministrativeExpenses": 0,
    "sellingAndMarketingExpenses": 0,
    "sellingGeneralAndAdministrativeExpenses": 829000000,
    "otherExpenses": 0,
    "operatingExpenses": 975000000,
    "costAndExpenses": 4342000000,
    "interestIncome": 0,
    "interestExpense": 59000000,
    "depreciationAndAmortization": 233000000,
    "ebitda": 865000000,
    "ebitdaratio": 0.1734509725,
    "operatingIncome": 645000000,
    "operatingIncomeRatio": 0.1293362743,
    "totalOtherIncomeExpensesNet": -72000000,
    "incomeBeforeTax": 573000000,
    "incomeBeforeTaxRatio": 0.1148987367,
    "incomeTaxExpense": 51000000,
    "netIncome": 523000000,
    "netIncomeRatio": 0.1048726689,
    "eps": 1.15,
    "epsdiluted": 1.15,
    "weightedAverageShsOut": 453900000,
    "weightedAverageShsOutDil": 455600000,
    "link": "https://www.sec.gov/Archives/edgar/data/1551182/000155118216000106/0001551182-16-000106-index.htm",
    "finalLink": "https://www.sec.gov/Archives/edgar/data/1551182/000155118216000106/etn0930201610-q.htm"
  },
  {
    "date": "2016-06-30",
    "symbol": "ETN",
    "reportedCurrency": "USD",
    "cik": "0001551182",
    "fillingDate": "2016-08-02",
    "acceptedDate": "2016-08-02 11:40:04",
    "calendarYear": "2016",
    "period": "Q2",
    "revenue": 5080000000,
    "costOfRevenue": 3419000000,
    "grossProfit": 1661000000,
    "grossProfitRatio": 0.3269685039,
    "researchAndDevelopmentExpenses": 149000000,
    "generalAndAdministrativeExpenses": 897000000,
    "sellingAndMarketingExpenses": 0,
    "sellingGeneralAndAdministrativeExpenses": 897000000,
    "otherExpenses": -5000000,
    "operatingExpenses": 1046000000,
    "costAndExpenses": 4465000000,
    "interestIncome": 0,
    "interestExpense": 57000000,
    "depreciationAndAmortization": 234000000,
    "ebitda": 850000000,
    "ebitdaratio": 0.1673228346,
    "operatingIncome": 615000000,
    "operatingIncomeRatio": 0.1210629921,
    "totalOtherIncomeExpensesNet": -62000000,
    "incomeBeforeTax": 553000000,
    "incomeBeforeTaxRatio": 0.1088582677,
    "incomeTaxExpense": 61000000,
    "netIncome": 491000000,
    "netIncomeRatio": 0.0966535433,
    "eps": 1.08,
    "epsdiluted": 1.07,
    "weightedAverageShsOut": 457000000,
    "weightedAverageShsOutDil": 458300000,
    "link": "https://www.sec.gov/Archives/edgar/data/1551182/000155118216000092/0001551182-16-000092-index.htm",
    "finalLink": "https://www.sec.gov/Archives/edgar/data/1551182/000155118216000092/etn0630201610-q.htm"
  },
  {
    "date": "2016-03-31",
    "symbol": "ETN",
    "reportedCurrency": "USD",
    "cik": "0001551182",
    "fillingDate": "2016-04-29",
    "acceptedDate": "2016-04-29 11:16:07",
    "calendarYear": "2016",
    "period": "Q1",
    "revenue": 4813000000,
    "costOfRevenue": 3291000000,
    "grossProfit": 1522000000,
    "grossProfitRatio": 0.3162268855,
    "researchAndDevelopmentExpenses": 149000000,
    "generalAndAdministrativeExpenses": 892000000,
    "sellingAndMarketingExpenses": 0,
    "sellingGeneralAndAdministrativeExpenses": 892000000,
    "otherExpenses": 0,
    "operatingExpenses": 1041000000,
    "costAndExpenses": 4332000000,
    "interestIncome": 0,
    "interestExpense": 57000000,
    "depreciationAndAmortization": 233000000,
    "ebitda": 715000000,
    "ebitdaratio": 0.1485559942,
    "operatingIncome": 481000000,
    "operatingIncomeRatio": 0.0999376688,
    "totalOtherIncomeExpensesNet": -39000000,
    "incomeBeforeTax": 442000000,
    "incomeBeforeTaxRatio": 0.0918346146,
    "incomeTaxExpense": 39000000,
    "netIncome": 404000000,
    "netIncomeRatio": 0.083939331,
    "eps": 0.88,
    "epsdiluted": 0.88,
    "weightedAverageShsOut": 458600000,
    "weightedAverageShsOutDil": 459800000,
    "link": "https://www.sec.gov/Archives/edgar/data/1551182/000155118216000051/0001551182-16-000051-index.htm",
    "finalLink": "https://www.sec.gov/Archives/edgar/data/1551182/000155118216000051/etn0331201610-q.htm"
  },
  {
    "date": "2015-12-31",
    "symbol": "ETN",
    "reportedCurrency": "USD",
    "cik": "0001551182",
    "fillingDate": "2016-02-24",
    "acceptedDate": "2016-02-24 15:56:29",
    "calendarYear": "2015",
    "period": "Q4",
    "revenue": 5057000000,
    "costOfRevenue": 3427000000,
    "grossProfit": 1630000000,
    "grossProfitRatio": 0.3223254894,
    "researchAndDevelopmentExpenses": 153000000,
    "generalAndAdministrativeExpenses": 873000000,
    "sellingAndMarketingExpenses": 0,
    "sellingGeneralAndAdministrativeExpenses": 873000000,
    "otherExpenses": 8000000,
    "operatingExpenses": 1026000000,
    "costAndExpenses": 4453000000,
    "interestIncome": 0,
    "interestExpense": 57000000,
    "depreciationAndAmortization": 233000000,
    "ebitda": 851000000,
    "ebitdaratio": 0.1682815899,
    "operatingIncome": 547000000,
    "operatingIncomeRatio": 0.1081668974,
    "totalOtherIncomeExpensesNet": -49000000,
    "incomeBeforeTax": 555000000,
    "incomeBeforeTaxRatio": 0.109748863,
    "incomeTaxExpense": 21000000,
    "netIncome": 532000000,
    "netIncomeRatio": 0.1052007119,
    "eps": 1.15,
    "epsdiluted": 1.15,
    "weightedAverageShsOut": 461400000,
    "weightedAverageShsOutDil": 462700000,
    "link": "https://www.sec.gov/Archives/edgar/data/1551182/000155118216000041/0001551182-16-000041-index.htm",
    "finalLink": "https://www.sec.gov/Archives/edgar/data/1551182/000155118216000041/etn12312015form10-k.htm"
  },
  {
    "date": "2015-09-30",
    "symbol": "ETN",
    "reportedCurrency": "USD",
    "cik": "0001551182",
    "fillingDate": "2015-10-30",
    "acceptedDate": "2015-10-30 11:11:12",
    "calendarYear": "2015",
    "period": "Q3",
    "revenue": 5203000000,
    "costOfRevenue": 3597000000,
    "grossProfit": 1606000000,
    "grossProfitRatio": 0.3086680761,
    "researchAndDevelopmentExpenses": 156000000,
    "generalAndAdministrativeExpenses": 907000000,
    "sellingAndMarketingExpenses": 0,
    "sellingGeneralAndAdministrativeExpenses": 907000000,
    "otherExpenses": 3000000,
    "operatingExpenses": 1063000000,
    "costAndExpenses": 4660000000,
    "interestIncome": 0,
    "interestExpense": 59000000,
    "depreciationAndAmortization": 232000000,
    "ebitda": 785000000,
    "ebitdaratio": 0.1508744955,
    "operatingIncome": 543000000,
    "operatingIncomeRatio": 0.1043628676,
    "totalOtherIncomeExpensesNet": -56000000,
    "incomeBeforeTax": 487000000,
    "incomeBeforeTaxRatio": 0.0935998462,
    "incomeTaxExpense": 42000000,
    "netIncome": 446000000,
    "netIncomeRatio": 0.0857197771,
    "eps": 0.96,
    "epsdiluted": 0.96,
    "weightedAverageShsOut": 465100000,
    "weightedAverageShsOutDil": 466400000,
    "link": "https://www.sec.gov/Archives/edgar/data/1551182/000155118215000023/0001551182-15-000023-index.htm",
    "finalLink": "https://www.sec.gov/Archives/edgar/data/1551182/000155118215000023/etn0930201510-q.htm"
  },
  {
    "date": "2015-06-30",
    "symbol": "ETN",
    "reportedCurrency": "USD",
    "cik": "0001551182",
    "fillingDate": "2015-07-29",
    "acceptedDate": "2015-07-29 11:17:09",
    "calendarYear": "2015",
    "period": "Q2",
    "revenue": 5372000000,
    "costOfRevenue": 3675000000,
    "grossProfit": 1697000000,
    "grossProfitRatio": 0.315897245,
    "researchAndDevelopmentExpenses": 158000000,
    "generalAndAdministrativeExpenses": 901000000,
    "sellingAndMarketingExpenses": 0,
    "sellingGeneralAndAdministrativeExpenses": 901000000,
    "otherExpenses": 0,
    "operatingExpenses": 1059000000,
    "costAndExpenses": 4734000000,
    "interestIncome": 0,
    "interestExpense": 59000000,
    "depreciationAndAmortization": 234000000,
    "ebitda": 884000000,
    "ebitdaratio": 0.164556962,
    "operatingIncome": 638000000,
    "operatingIncomeRatio": 0.1187639613,
    "totalOtherIncomeExpensesNet": -40000000,
    "incomeBeforeTax": 598000000,
    "incomeBeforeTaxRatio": 0.1113179449,
    "incomeTaxExpense": 63000000,
    "netIncome": 535000000,
    "netIncomeRatio": 0.0995904691,
    "eps": 1.14,
    "epsdiluted": 1.14,
    "weightedAverageShsOut": 467600000,
    "weightedAverageShsOutDil": 469200000,
    "link": "https://www.sec.gov/Archives/edgar/data/1551182/000155118215000018/0001551182-15-000018-index.htm",
    "finalLink": "https://www.sec.gov/Archives/edgar/data/1551182/000155118215000018/etn0630201510-q.htm"
  },
  {
    "date": "2015-03-31",
    "symbol": "ETN",
    "reportedCurrency": "USD",
    "cik": "0001551182",
    "fillingDate": "2015-04-29",
    "acceptedDate": "2015-04-29 15:02:43",
    "calendarYear": "2015",
    "period": "Q1",
    "revenue": 5223000000,
    "costOfRevenue": 3593000000,
    "grossProfit": 1630000000,
    "grossProfitRatio": 0.3120811794,
    "researchAndDevelopmentExpenses": 158000000,
    "generalAndAdministrativeExpenses": 915000000,
    "sellingAndMarketingExpenses": 0,
    "sellingGeneralAndAdministrativeExpenses": 915000000,
    "otherExpenses": 5000000,
    "operatingExpenses": 1073000000,
    "costAndExpenses": 4666000000,
    "interestIncome": 0,
    "interestExpense": 57000000,
    "depreciationAndAmortization": 226000000,
    "ebitda": 794000000,
    "ebitdaratio": 0.1520199119,
    "operatingIncome": 557000000,
    "operatingIncomeRatio": 0.1066436914,
    "totalOtherIncomeExpensesNet": -52000000,
    "incomeBeforeTax": 505000000,
    "incomeBeforeTaxRatio": 0.0966877274,
    "incomeTaxExpense": 38000000,
    "netIncome": 466000000,
    "netIncomeRatio": 0.0892207544,
    "eps": 1,
    "epsdiluted": 0.99,
    "weightedAverageShsOut": 467900000,
    "weightedAverageShsOutDil": 470000000,
    "link": "https://www.sec.gov/Archives/edgar/data/1551182/000155118215000010/0001551182-15-000010-index.htm",
    "finalLink": "https://www.sec.gov/Archives/edgar/data/1551182/000155118215000010/etn0331201510-q.htm"
  },
  {
    "date": "2014-12-31",
    "symbol": "ETN",
    "reportedCurrency": "USD",
    "cik": "0001551182",
    "fillingDate": "2015-02-26",
    "acceptedDate": "2015-02-26 11:45:24",
    "calendarYear": "2014",
    "period": "Q4",
    "revenue": 5565000000,
    "costOfRevenue": 3847000000,
    "grossProfit": 1718000000,
    "grossProfitRatio": 0.3087151842,
    "researchAndDevelopmentExpenses": 154000000,
    "generalAndAdministrativeExpenses": 903000000,
    "sellingAndMarketingExpenses": 0,
    "sellingGeneralAndAdministrativeExpenses": 903000000,
    "otherExpenses": 2000000,
    "operatingExpenses": 1057000000,
    "costAndExpenses": 4904000000,
    "interestIncome": 0,
    "interestExpense": 54000000,
    "depreciationAndAmortization": 240000000,
    "ebitda": 933000000,
    "ebitdaratio": 0.1676549865,
    "operatingIncome": 661000000,
    "operatingIncomeRatio": 0.1187780773,
    "totalOtherIncomeExpensesNet": -52000000,
    "incomeBeforeTax": 609000000,
    "incomeBeforeTaxRatio": 0.1094339623,
    "incomeTaxExpense": 24000000,
    "netIncome": 581000000,
    "netIncomeRatio": 0.1044025157,
    "eps": 1.24,
    "epsdiluted": 1.23,
    "weightedAverageShsOut": 470000000,
    "weightedAverageShsOutDil": 472500000,
    "link": "https://www.sec.gov/Archives/edgar/data/1551182/000155118215000007/0001551182-15-000007-index.htm",
    "finalLink": "https://www.sec.gov/Archives/edgar/data/1551182/000155118215000007/etn12312014form10-k.htm"
  },
  {
    "date": "2014-09-30",
    "symbol": "ETN",
    "reportedCurrency": "USD",
    "cik": "0001551182",
    "fillingDate": "2014-10-31",
    "acceptedDate": "2014-10-31 12:39:40",
    "calendarYear": "2014",
    "period": "Q3",
    "revenue": 5728000000,
    "costOfRevenue": 3916000000,
    "grossProfit": 1812000000,
    "grossProfitRatio": 0.3163407821,
    "researchAndDevelopmentExpenses": 163000000,
    "generalAndAdministrativeExpenses": 961000000,
    "sellingAndMarketingExpenses": 0,
    "sellingGeneralAndAdministrativeExpenses": 961000000,
    "otherExpenses": 10000000,
    "operatingExpenses": 1124000000,
    "costAndExpenses": 5040000000,
    "interestIncome": 0,
    "interestExpense": 56000000,
    "depreciationAndAmortization": 244000000,
    "ebitda": 951000000,
    "ebitdaratio": 0.1660265363,
    "operatingIncome": 688000000,
    "operatingIncomeRatio": 0.1201117318,
    "totalOtherIncomeExpensesNet": -46000000,
    "incomeBeforeTax": 642000000,
    "incomeBeforeTaxRatio": 0.1120810056,
    "incomeTaxExpense": 37000000,
    "netIncome": 602000000,
    "netIncomeRatio": 0.1050977654,
    "eps": 1.27,
    "epsdiluted": 1.26,
    "weightedAverageShsOut": 474800000,
    "weightedAverageShsOutDil": 477200000,
    "link": "https://www.sec.gov/Archives/edgar/data/1551182/000155118214000036/0001551182-14-000036-index.htm",
    "finalLink": "https://www.sec.gov/Archives/edgar/data/1551182/000155118214000036/etn0930201410-q.htm"
  },
  {
    "date": "2014-06-30",
    "symbol": "ETN",
    "reportedCurrency": "USD",
    "cik": "0001551182",
    "fillingDate": "2014-07-31",
    "acceptedDate": "2014-07-31 13:03:41",
    "calendarYear": "2014",
    "period": "Q2",
    "revenue": 5767000000,
    "costOfRevenue": 4025000000,
    "grossProfit": 1742000000,
    "grossProfitRatio": 0.3020634645,
    "researchAndDevelopmentExpenses": 168000000,
    "generalAndAdministrativeExpenses": 984000000,
    "sellingAndMarketingExpenses": 0,
    "sellingGeneralAndAdministrativeExpenses": 984000000,
    "otherExpenses": 0,
    "operatingExpenses": 1152000000,
    "costAndExpenses": 5177000000,
    "interestIncome": 0,
    "interestExpense": 55000000,
    "depreciationAndAmortization": 250000000,
    "ebitda": 877000000,
    "ebitdaratio": 0.1520721346,
    "operatingIncome": 590000000,
    "operatingIncomeRatio": 0.1023062251,
    "totalOtherIncomeExpensesNet": -533000000,
    "incomeBeforeTax": 57000000,
    "incomeBeforeTaxRatio": 0.0098838217,
    "incomeTaxExpense": -115000000,
    "netIncome": 171000000,
    "netIncomeRatio": 0.0296514652,
    "eps": 0.36,
    "epsdiluted": 0.36,
    "weightedAverageShsOut": 475900000,
    "weightedAverageShsOutDil": 478500000,
    "link": "https://www.sec.gov/Archives/edgar/data/1551182/000155118214000030/0001551182-14-000030-index.htm",
    "finalLink": "https://www.sec.gov/Archives/edgar/data/1551182/000155118214000030/etn0630201410-q.htm"
  },
  {
    "date": "2014-03-31",
    "symbol": "ETN",
    "reportedCurrency": "USD",
    "cik": "0001551182",
    "fillingDate": "2014-05-05",
    "acceptedDate": "2014-05-05 10:55:17",
    "calendarYear": "2014",
    "period": "Q1",
    "revenue": 5492000000,
    "costOfRevenue": 3858000000,
    "grossProfit": 1634000000,
    "grossProfitRatio": 0.2975236708,
    "researchAndDevelopmentExpenses": 162000000,
    "generalAndAdministrativeExpenses": 962000000,
    "sellingAndMarketingExpenses": 0,
    "sellingGeneralAndAdministrativeExpenses": 962000000,
    "otherExpenses": 5000000,
    "operatingExpenses": 1124000000,
    "costAndExpenses": 4982000000,
    "interestIncome": 0,
    "interestExpense": 62000000,
    "depreciationAndAmortization": 249000000,
    "ebitda": 825000000,
    "ebitdaratio": 0.1502184996,
    "operatingIncome": 510000000,
    "operatingIncomeRatio": 0.0928623452,
    "totalOtherIncomeExpensesNet": -57000000,
    "incomeBeforeTax": 453000000,
    "incomeBeforeTaxRatio": 0.0824836125,
    "incomeTaxExpense": 12000000,
    "netIncome": 439000000,
    "netIncomeRatio": 0.0799344501,
    "eps": 0.92,
    "epsdiluted": 0.92,
    "weightedAverageShsOut": 475800000,
    "weightedAverageShsOutDil": 478800000,
    "link": "https://www.sec.gov/Archives/edgar/data/1551182/000155118214000019/0001551182-14-000019-index.htm",
    "finalLink": "https://www.sec.gov/Archives/edgar/data/1551182/000155118214000019/etn0331201410-q.htm"
  },
  {
    "date": "2013-12-31",
    "symbol": "ETN",
    "reportedCurrency": "USD",
    "cik": "0001551182",
    "fillingDate": "2014-02-26",
    "acceptedDate": "2014-02-26 15:39:33",
    "calendarYear": "2013",
    "period": "Q4",
    "revenue": 5527000000,
    "costOfRevenue": 3881000000,
    "grossProfit": 1646000000,
    "grossProfitRatio": 0.2978107472,
    "researchAndDevelopmentExpenses": 165000000,
    "generalAndAdministrativeExpenses": 1001000000,
    "sellingAndMarketingExpenses": 0,
    "sellingGeneralAndAdministrativeExpenses": 1001000000,
    "otherExpenses": 11000000,
    "operatingExpenses": 1166000000,
    "costAndExpenses": 5047000000,
    "interestIncome": 0,
    "interestExpense": 62000000,
    "depreciationAndAmortization": 257000000,
    "ebitda": 792000000,
    "ebitdaratio": 0.1432965442,
    "operatingIncome": 480000000,
    "operatingIncomeRatio": 0.0868463904,
    "totalOtherIncomeExpensesNet": -51000000,
    "incomeBeforeTax": 429000000,
    "incomeBeforeTaxRatio": 0.0776189615,
    "incomeTaxExpense": -53000000,
    "netIncome": 479000000,
    "netIncomeRatio": 0.0866654605,
    "eps": 1.01,
    "epsdiluted": 1,
    "weightedAverageShsOut": 474700000,
    "weightedAverageShsOutDil": 478200000,
    "link": "https://www.sec.gov/Archives/edgar/data/1551182/000155118214000011/0001551182-14-000011-index.htm",
    "finalLink": "https://www.sec.gov/Archives/edgar/data/1551182/000155118214000011/etn12312013form10-k.htm"
  },
  {
    "date": "2013-09-30",
    "symbol": "ETN",
    "reportedCurrency": "USD",
    "cik": "0001551182",
    "fillingDate": "2013-11-07",
    "acceptedDate": "2013-11-07 13:04:48",
    "calendarYear": "2013",
    "period": "Q3",
    "revenue": 5607000000,
    "costOfRevenue": 3883000000,
    "grossProfit": 1724000000,
    "grossProfitRatio": 0.3074728019,
    "researchAndDevelopmentExpenses": 166000000,
    "generalAndAdministrativeExpenses": 967000000,
    "sellingAndMarketingExpenses": 0,
    "sellingGeneralAndAdministrativeExpenses": 967000000,
    "otherExpenses": -7000000,
    "operatingExpenses": 1133000000,
    "costAndExpenses": 5016000000,
    "interestIncome": 0,
    "interestExpense": 63000000,
    "depreciationAndAmortization": 250000000,
    "ebitda": 879000000,
    "ebitdaratio": 0.1567683253,
    "operatingIncome": 591000000,
    "operatingIncomeRatio": 0.1054039593,
    "totalOtherIncomeExpensesNet": -70000000,
    "incomeBeforeTax": 521000000,
    "incomeBeforeTaxRatio": 0.0929195648,
    "incomeTaxExpense": 7000000,
    "netIncome": 510000000,
    "netIncomeRatio": 0.0909577314,
    "eps": 1.08,
    "epsdiluted": 1.07,
    "weightedAverageShsOut": 474000000,
    "weightedAverageShsOutDil": 477200000,
    "link": "https://www.sec.gov/Archives/edgar/data/1551182/000155118213000046/0001551182-13-000046-index.htm",
    "finalLink": "https://www.sec.gov/Archives/edgar/data/1551182/000155118213000046/etn0930201310-q.htm"
  },
  {
    "date": "2013-06-30",
    "symbol": "ETN",
    "reportedCurrency": "USD",
    "cik": "0001551182",
    "fillingDate": "2013-08-02",
    "acceptedDate": "2013-08-02 14:59:02",
    "calendarYear": "2013",
    "period": "Q2",
    "revenue": 5602000000,
    "costOfRevenue": 3870000000,
    "grossProfit": 1732000000,
    "grossProfitRatio": 0.3091752945,
    "researchAndDevelopmentExpenses": 161000000,
    "generalAndAdministrativeExpenses": 960000000,
    "sellingAndMarketingExpenses": 0,
    "sellingGeneralAndAdministrativeExpenses": 960000000,
    "otherExpenses": -6000000,
    "operatingExpenses": 1121000000,
    "costAndExpenses": 4991000000,
    "interestIncome": 0,
    "interestExpense": 71000000,
    "depreciationAndAmortization": 245000000,
    "ebitda": 850000000,
    "ebitdaratio": 0.1517315245,
    "operatingIncome": 611000000,
    "operatingIncomeRatio": 0.1090681899,
    "totalOtherIncomeExpensesNet": -77000000,
    "incomeBeforeTax": 534000000,
    "incomeBeforeTaxRatio": 0.0953230989,
    "incomeTaxExpense": 37000000,
    "netIncome": 494000000,
    "netIncomeRatio": 0.0881827919,
    "eps": 1.04,
    "epsdiluted": 1.04,
    "weightedAverageShsOut": 473400000,
    "weightedAverageShsOutDil": 476300000,
    "link": "https://www.sec.gov/Archives/edgar/data/1551182/000155118213000026/0001551182-13-000026-index.htm",
    "finalLink": "https://www.sec.gov/Archives/edgar/data/1551182/000155118213000026/etn0630201310-q.htm"
  },
  {
    "date": "2013-03-31",
    "symbol": "ETN",
    "reportedCurrency": "USD",
    "cik": "0001551182",
    "fillingDate": "2013-05-03",
    "acceptedDate": "2013-05-03 08:39:30",
    "calendarYear": "2013",
    "period": "Q1",
    "revenue": 5310000000,
    "costOfRevenue": 3735000000,
    "grossProfit": 1575000000,
    "grossProfitRatio": 0.2966101695,
    "researchAndDevelopmentExpenses": 152000000,
    "generalAndAdministrativeExpenses": 958000000,
    "sellingAndMarketingExpenses": 0,
    "sellingGeneralAndAdministrativeExpenses": 958000000,
    "otherExpenses": 10000000,
    "operatingExpenses": 1110000000,
    "costAndExpenses": 4845000000,
    "interestIncome": 0,
    "interestExpense": 75000000,
    "depreciationAndAmortization": 245000000,
    "ebitda": 720000000,
    "ebitdaratio": 0.1355932203,
    "operatingIncome": 465000000,
    "operatingIncomeRatio": 0.0875706215,
    "totalOtherIncomeExpensesNet": -65000000,
    "incomeBeforeTax": 400000000,
    "incomeBeforeTaxRatio": 0.0753295669,
    "incomeTaxExpense": 20000000,
    "netIncome": 378000000,
    "netIncomeRatio": 0.0711864407,
    "eps": 0.8,
    "epsdiluted": 0.79,
    "weightedAverageShsOut": 471900000,
    "weightedAverageShsOutDil": 475100000,
    "link": "https://www.sec.gov/Archives/edgar/data/1551182/000155118213000011/0001551182-13-000011-index.htm",
    "finalLink": "https://www.sec.gov/Archives/edgar/data/1551182/000155118213000011/etn0331201310-q.htm"
  },
  {
    "date": "2012-12-31",
    "symbol": "ETN",
    "reportedCurrency": "USD",
    "cik": "0001551182",
    "fillingDate": "2013-02-28",
    "acceptedDate": "2013-02-28 15:16:14",
    "calendarYear": "2012",
    "period": "Q4",
    "revenue": 4333000000,
    "costOfRevenue": 3132000000,
    "grossProfit": 1201000000,
    "grossProfitRatio": 0.2771751673,
    "researchAndDevelopmentExpenses": 126000000,
    "generalAndAdministrativeExpenses": 815000000,
    "sellingAndMarketingExpenses": 0,
    "sellingGeneralAndAdministrativeExpenses": 815000000,
    "otherExpenses": 0,
    "operatingExpenses": 941000000,
    "costAndExpenses": 4073000000,
    "interestIncome": 0,
    "interestExpense": 108000000,
    "depreciationAndAmortization": 179000000,
    "ebitda": 375000000,
    "ebitdaratio": 0.0865451189,
    "operatingIncome": 260000000,
    "operatingIncomeRatio": 0.0600046157,
    "totalOtherIncomeExpensesNet": -172000000,
    "incomeBeforeTax": 88000000,
    "incomeBeforeTaxRatio": 0.0203092546,
    "incomeTaxExpense": -92000000,
    "netIncome": 179000000,
    "netIncomeRatio": 0.0413108701,
    "eps": 0.47,
    "epsdiluted": 0.46,
    "weightedAverageShsOut": 381300000,
    "weightedAverageShsOutDil": 384400000,
    "link": "https://www.sec.gov/Archives/edgar/data/1551182/000155118213000005/0001551182-13-000005-index.htm",
    "finalLink": "https://www.sec.gov/Archives/edgar/data/1551182/000155118213000005/etn1231201210-k.htm"
  },
  {
    "date": "2012-09-30",
    "symbol": "ETN",
    "reportedCurrency": "USD",
    "cik": "0001551182",
    "fillingDate": "2012-11-14",
    "acceptedDate": "2012-11-14 12:45:19",
    "calendarYear": "2012",
    "period": "Q3",
    "revenue": 3950000000,
    "costOfRevenue": 2747000000,
    "grossProfit": 1203000000,
    "grossProfitRatio": 0.304556962,
    "researchAndDevelopmentExpenses": 102000000,
    "generalAndAdministrativeExpenses": 0,
    "sellingAndMarketingExpenses": 0,
    "sellingGeneralAndAdministrativeExpenses": 687000000,
    "otherExpenses": 4000000,
    "operatingExpenses": 789000000,
    "costAndExpenses": 3536000000,
    "interestIncome": 0,
    "interestExpense": 42000000,
    "depreciationAndAmortization": 141000000,
    "ebitda": 559000000,
    "ebitdaratio": 0.1415189873,
    "operatingIncome": 414000000,
    "operatingIncomeRatio": 0.1048101266,
    "totalOtherIncomeExpensesNet": -38000000,
    "incomeBeforeTax": 376000000,
    "incomeBeforeTaxRatio": 0.0951898734,
    "incomeTaxExpense": 29000000,
    "netIncome": 345000000,
    "netIncomeRatio": 0.0873417722,
    "eps": 1.02,
    "epsdiluted": 1.02,
    "weightedAverageShsOut": 337600000,
    "weightedAverageShsOutDil": 339800000,
    "link": "https://www.sec.gov/Archives/edgar/data/1551182/000155118212000004/0001551182-12-000004-index.htm",
    "finalLink": "https://www.sec.gov/Archives/edgar/data/1551182/000155118212000004/ecl0930201210-q.htm"
  },
  {
    "date": "2012-06-30",
    "symbol": "ETN",
    "reportedCurrency": "USD",
    "cik": "0001551182",
    "fillingDate": "2012-06-30",
    "acceptedDate": "2012-06-29 20:00:00",
    "calendarYear": "2012",
    "period": "Q2",
    "revenue": 4068000000,
    "costOfRevenue": 2815000000,
    "grossProfit": 1253000000,
    "grossProfitRatio": 0.308013766,
    "researchAndDevelopmentExpenses": 106000000,
    "generalAndAdministrativeExpenses": 0,
    "sellingAndMarketingExpenses": 0,
    "sellingGeneralAndAdministrativeExpenses": 690000000,
    "otherExpenses": 0,
    "operatingExpenses": 796000000,
    "costAndExpenses": 3611000000,
    "interestIncome": 0,
    "interestExpense": 30000000,
    "depreciationAndAmortization": 138000000,
    "ebitda": 587000000,
    "ebitdaratio": 0.1442969518,
    "operatingIncome": 457000000,
    "operatingIncomeRatio": 0.1123402163,
    "totalOtherIncomeExpensesNet": -38000000,
    "incomeBeforeTax": 419000000,
    "incomeBeforeTaxRatio": 0.1029990167,
    "incomeTaxExpense": 37000000,
    "netIncome": 382000000,
    "netIncomeRatio": 0.0939036382,
    "eps": 1.13,
    "epsdiluted": 1.12,
    "weightedAverageShsOut": 337000000,
    "weightedAverageShsOutDil": 339500000,
    "link": "",
    "finalLink": ""
  },
  {
    "date": "2012-03-31",
    "symbol": "ETN",
    "reportedCurrency": "USD",
    "cik": "0001551182",
    "fillingDate": "2012-03-31",
    "acceptedDate": "2012-03-30 20:00:00",
    "calendarYear": "2012",
    "period": "Q1",
    "revenue": 3960000000,
    "costOfRevenue": 2754000000,
    "grossProfit": 1206000000,
    "grossProfitRatio": 0.3045454545,
    "researchAndDevelopmentExpenses": 105000000,
    "generalAndAdministrativeExpenses": 0,
    "sellingAndMarketingExpenses": 0,
    "sellingGeneralAndAdministrativeExpenses": 702000000,
    "otherExpenses": -3000000,
    "operatingExpenses": 807000000,
    "costAndExpenses": 3561000000,
    "interestIncome": 0,
    "interestExpense": 28000000,
    "depreciationAndAmortization": 140000000,
    "ebitda": 536000000,
    "ebitdaratio": 0.1353535354,
    "operatingIncome": 399000000,
    "operatingIncomeRatio": 0.1007575758,
    "totalOtherIncomeExpensesNet": -31000000,
    "incomeBeforeTax": 368000000,
    "incomeBeforeTaxRatio": 0.0929292929,
    "incomeTaxExpense": 57000000,
    "netIncome": 311000000,
    "netIncomeRatio": 0.0785353535,
    "eps": 0.93,
    "epsdiluted": 0.91,
    "weightedAverageShsOut": 335400000,
    "weightedAverageShsOutDil": 339800000,
    "link": "",
    "finalLink": ""
  },
  {
    "date": "2011-12-31",
    "symbol": "ETN",
    "reportedCurrency": "USD",
    "cik": "0001551182",
    "fillingDate": "2011-12-31",
    "acceptedDate": "2011-12-30 19:00:00",
    "calendarYear": "2011",
    "period": "Q4",
    "revenue": 4033000000,
    "costOfRevenue": 2817000000,
    "grossProfit": 1216000000,
    "grossProfitRatio": 0.3015125217,
    "researchAndDevelopmentExpenses": 101000000,
    "generalAndAdministrativeExpenses": 0,
    "sellingAndMarketingExpenses": 0,
    "sellingGeneralAndAdministrativeExpenses": 707000000,
    "otherExpenses": 0,
    "operatingExpenses": 808000000,
    "costAndExpenses": 3625000000,
    "interestIncome": 0,
    "interestExpense": 0,
    "depreciationAndAmortization": 137000000,
    "ebitda": 515000000,
    "ebitdaratio": 0.1276965038,
    "operatingIncome": 408000000,
    "operatingIncomeRatio": 0.1011653856,
    "totalOtherIncomeExpensesNet": -18000000,
    "incomeBeforeTax": 390000000,
    "incomeBeforeTaxRatio": 0.0967022068,
    "incomeTaxExpense": 29000000,
    "netIncome": 362000000,
    "netIncomeRatio": 0.0897594843,
    "eps": 1.07,
    "epsdiluted": 1.07,
    "weightedAverageShsOut": 334100000,
    "weightedAverageShsOutDil": 338100000,
    "link": "",
    "finalLink": ""
  },
  {
    "date": "2011-09-30",
    "symbol": "ETN",
    "reportedCurrency": "USD",
    "cik": "0001551182",
    "fillingDate": "2011-09-30",
    "acceptedDate": "2011-09-29 20:00:00",
    "calendarYear": "2011",
    "period": "Q3",
    "revenue": 4123000000,
    "costOfRevenue": 2900000000,
    "grossProfit": 1223000000,
    "grossProfitRatio": 0.2966286684,
    "researchAndDevelopmentExpenses": 104000000,
    "generalAndAdministrativeExpenses": 0,
    "sellingAndMarketingExpenses": 0,
    "sellingGeneralAndAdministrativeExpenses": 668000000,
    "otherExpenses": 0,
    "operatingExpenses": 772000000,
    "costAndExpenses": 3672000000,
    "interestIncome": 0,
    "interestExpense": 29000000,
    "depreciationAndAmortization": 139000000,
    "ebitda": 600000000,
    "ebitdaratio": 0.1455251031,
    "operatingIncome": 451000000,
    "operatingIncomeRatio": 0.1093863691,
    "totalOtherIncomeExpensesNet": -19000000,
    "incomeBeforeTax": 432000000,
    "incomeBeforeTaxRatio": 0.1047780742,
    "incomeTaxExpense": 65000000,
    "netIncome": 365000000,
    "netIncomeRatio": 0.088527771,
    "eps": 1.07,
    "epsdiluted": 1.07,
    "weightedAverageShsOut": 338100000,
    "weightedAverageShsOutDil": 341900000,
    "link": "",
    "finalLink": ""
  },
  {
    "date": "2011-06-30",
    "symbol": "ETN",
    "reportedCurrency": "USD",
    "cik": "0001551182",
    "fillingDate": "2011-06-30",
    "acceptedDate": "2011-06-29 20:00:00",
    "calendarYear": "2011",
    "period": "Q2",
    "revenue": 4090000000,
    "costOfRevenue": 2862000000,
    "grossProfit": 1228000000,
    "grossProfitRatio": 0.3002444988,
    "researchAndDevelopmentExpenses": 107000000,
    "generalAndAdministrativeExpenses": 0,
    "sellingAndMarketingExpenses": 0,
    "sellingGeneralAndAdministrativeExpenses": 698000000,
    "otherExpenses": 4000000,
    "operatingExpenses": 805000000,
    "costAndExpenses": 3667000000,
    "interestIncome": 0,
    "interestExpense": 31000000,
    "depreciationAndAmortization": 141000000,
    "ebitda": 568000000,
    "ebitdaratio": 0.1388753056,
    "operatingIncome": 423000000,
    "operatingIncomeRatio": 0.1034229829,
    "totalOtherIncomeExpensesNet": -27000000,
    "incomeBeforeTax": 396000000,
    "incomeBeforeTaxRatio": 0.0968215159,
    "incomeTaxExpense": 58000000,
    "netIncome": 336000000,
    "netIncomeRatio": 0.0821515892,
    "eps": 0.99,
    "epsdiluted": 0.97,
    "weightedAverageShsOut": 340900000,
    "weightedAverageShsOutDil": 345700000,
    "link": "",
    "finalLink": ""
  },
  {
    "date": "2011-03-31",
    "symbol": "ETN",
    "reportedCurrency": "USD",
    "cik": "0001551182",
    "fillingDate": "2011-03-31",
    "acceptedDate": "2011-03-30 20:00:00",
    "calendarYear": "2011",
    "period": "Q1",
    "revenue": 3803000000,
    "costOfRevenue": 2682000000,
    "grossProfit": 1121000000,
    "grossProfitRatio": 0.294767289,
    "researchAndDevelopmentExpenses": 105000000,
    "generalAndAdministrativeExpenses": 0,
    "sellingAndMarketingExpenses": 0,
    "sellingGeneralAndAdministrativeExpenses": 665000000,
    "otherExpenses": 0,
    "operatingExpenses": 770000000,
    "costAndExpenses": 3452000000,
    "interestIncome": 0,
    "interestExpense": 32000000,
    "depreciationAndAmortization": 139000000,
    "ebitda": 506000000,
    "ebitdaratio": 0.133052853,
    "operatingIncome": 351000000,
    "operatingIncomeRatio": 0.0922955561,
    "totalOtherIncomeExpensesNet": -16000000,
    "incomeBeforeTax": 335000000,
    "incomeBeforeTaxRatio": 0.0880883513,
    "incomeTaxExpense": 49000000,
    "netIncome": 287000000,
    "netIncomeRatio": 0.0754667368,
    "eps": 0.84,
    "epsdiluted": 0.83,
    "weightedAverageShsOut": 340100000,
    "weightedAverageShsOutDil": 345700000,
    "link": "",
    "finalLink": ""
  },
  {
    "date": "2010-12-31",
    "symbol": "ETN",
    "reportedCurrency": "USD",
    "cik": "0001551182",
    "fillingDate": "2010-12-31",
    "acceptedDate": "2010-12-30 19:00:00",
    "calendarYear": "2010",
    "period": "Q4",
    "revenue": 3663000000,
    "costOfRevenue": 2565000000,
    "grossProfit": 1098000000,
    "grossProfitRatio": 0.2997542998,
    "researchAndDevelopmentExpenses": 117000000,
    "generalAndAdministrativeExpenses": 0,
    "sellingAndMarketingExpenses": 0,
    "sellingGeneralAndAdministrativeExpenses": 644000000,
    "otherExpenses": 0,
    "operatingExpenses": 761000000,
    "costAndExpenses": 3326000000,
    "interestIncome": 0,
    "interestExpense": 0,
    "depreciationAndAmortization": 138000000,
    "ebitda": 476000000,
    "ebitdaratio": 0.1299481299,
    "operatingIncome": 337000000,
    "operatingIncomeRatio": 0.092001092,
    "totalOtherIncomeExpensesNet": -44000000,
    "incomeBeforeTax": 293000000,
    "incomeBeforeTaxRatio": 0.07998908,
    "incomeTaxExpense": 10000000,
    "netIncome": 280000000,
    "netIncomeRatio": 0.0764400764,
    "eps": 0.84,
    "epsdiluted": 0.84,
    "weightedAverageShsOut": 335200000,
    "weightedAverageShsOutDil": 335200000,
    "link": "",
    "finalLink": ""
  },
  {
    "date": "2010-09-30",
    "symbol": "ETN",
    "reportedCurrency": "USD",
    "cik": "0001551182",
    "fillingDate": "2010-09-30",
    "acceptedDate": "2010-09-29 20:00:00",
    "calendarYear": "2010",
    "period": "Q3",
    "revenue": 3571000000,
    "costOfRevenue": 2480000000,
    "grossProfit": 1091000000,
    "grossProfitRatio": 0.305516662,
    "researchAndDevelopmentExpenses": 104000000,
    "generalAndAdministrativeExpenses": 0,
    "sellingAndMarketingExpenses": 0,
    "sellingGeneralAndAdministrativeExpenses": 651000000,
    "otherExpenses": 0,
    "operatingExpenses": 755000000,
    "costAndExpenses": 3235000000,
    "interestIncome": 0,
    "interestExpense": 33000000,
    "depreciationAndAmortization": 136000000,
    "ebitda": 474000000,
    "ebitdaratio": 0.1327359283,
    "operatingIncome": 336000000,
    "operatingIncomeRatio": 0.094091291,
    "totalOtherIncomeExpensesNet": -31000000,
    "incomeBeforeTax": 305000000,
    "incomeBeforeTaxRatio": 0.0854102492,
    "incomeTaxExpense": 36000000,
    "netIncome": 268000000,
    "netIncomeRatio": 0.0750490059,
    "eps": 0.8,
    "epsdiluted": 0.78,
    "weightedAverageShsOut": 335200000,
    "weightedAverageShsOutDil": 340600000,
    "link": "",
    "finalLink": ""
  },
  {
    "date": "2010-06-30",
    "symbol": "ETN",
    "reportedCurrency": "USD",
    "cik": "0001551182",
    "fillingDate": "2010-06-30",
    "acceptedDate": "2010-06-29 20:00:00",
    "calendarYear": "2010",
    "period": "Q2",
    "revenue": 3378000000,
    "costOfRevenue": 2387000000,
    "grossProfit": 991000000,
    "grossProfitRatio": 0.2933688573,
    "researchAndDevelopmentExpenses": 103000000,
    "generalAndAdministrativeExpenses": 0,
    "sellingAndMarketingExpenses": 0,
    "sellingGeneralAndAdministrativeExpenses": 604000000,
    "otherExpenses": 0,
    "operatingExpenses": 707000000,
    "costAndExpenses": 3094000000,
    "interestIncome": 0,
    "interestExpense": 34000000,
    "depreciationAndAmortization": 136000000,
    "ebitda": 420000000,
    "ebitdaratio": 0.1243339254,
    "operatingIncome": 284000000,
    "operatingIncomeRatio": 0.0840734162,
    "totalOtherIncomeExpensesNet": -33000000,
    "incomeBeforeTax": 251000000,
    "incomeBeforeTaxRatio": 0.0743043221,
    "incomeTaxExpense": 22000000,
    "netIncome": 226000000,
    "netIncomeRatio": 0.0669034932,
    "eps": 0.67,
    "epsdiluted": 0.66,
    "weightedAverageShsOut": 334700000,
    "weightedAverageShsOutDil": 340400000,
    "link": "",
    "finalLink": ""
  },
  {
    "date": "2010-03-31",
    "symbol": "ETN",
    "reportedCurrency": "USD",
    "cik": "0001551182",
    "fillingDate": "2010-03-31",
    "acceptedDate": "2010-03-30 20:00:00",
    "calendarYear": "2010",
    "period": "Q1",
    "revenue": 3103000000,
    "costOfRevenue": 2201000000,
    "grossProfit": 902000000,
    "grossProfitRatio": 0.2906864325,
    "researchAndDevelopmentExpenses": 101000000,
    "generalAndAdministrativeExpenses": 0,
    "sellingAndMarketingExpenses": 0,
    "sellingGeneralAndAdministrativeExpenses": 587000000,
    "otherExpenses": 0,
    "operatingExpenses": 688000000,
    "costAndExpenses": 2889000000,
    "interestIncome": 0,
    "interestExpense": 35000000,
    "depreciationAndAmortization": 141000000,
    "ebitda": 363000000,
    "ebitdaratio": 0.1169835643,
    "operatingIncome": 214000000,
    "operatingIncomeRatio": 0.0689655172,
    "totalOtherIncomeExpensesNet": -27000000,
    "incomeBeforeTax": 187000000,
    "incomeBeforeTaxRatio": 0.0602642604,
    "incomeTaxExpense": 31000000,
    "netIncome": 155000000,
    "netIncomeRatio": 0.0499516597,
    "eps": 0.46,
    "epsdiluted": 0.46,
    "weightedAverageShsOut": 334200000,
    "weightedAverageShsOutDil": 339200000,
    "link": "",
    "finalLink": ""
  },
  {
    "date": "2009-12-31",
    "symbol": "ETN",
    "reportedCurrency": "USD",
    "cik": "0001551182",
    "fillingDate": "2009-12-31",
    "acceptedDate": "2009-12-30 19:00:00",
    "calendarYear": "2009",
    "period": "Q4",
    "revenue": 3131000000,
    "costOfRevenue": 2241000000,
    "grossProfit": 890000000,
    "grossProfitRatio": 0.2842542319,
    "researchAndDevelopmentExpenses": 103000000,
    "generalAndAdministrativeExpenses": 0,
    "sellingAndMarketingExpenses": 0,
    "sellingGeneralAndAdministrativeExpenses": 587000000,
    "otherExpenses": 0,
    "operatingExpenses": 690000000,
    "costAndExpenses": 2931000000,
    "interestIncome": 0,
    "interestExpense": 0,
    "depreciationAndAmortization": 130000000,
    "ebitda": 325000000,
    "ebitdaratio": 0.1038007027,
    "operatingIncome": 200000000,
    "operatingIncomeRatio": 0.0638773555,
    "totalOtherIncomeExpensesNet": -30000000,
    "incomeBeforeTax": 170000000,
    "incomeBeforeTaxRatio": 0.0542957522,
    "incomeTaxExpense": -42000000,
    "netIncome": 211000000,
    "netIncomeRatio": 0.06739061,
    "eps": 0.63,
    "epsdiluted": 0.63,
    "weightedAverageShsOut": 329400000,
    "weightedAverageShsOutDil": 334000000,
    "link": "",
    "finalLink": ""
  },
  {
    "date": "2009-09-30",
    "symbol": "ETN",
    "reportedCurrency": "USD",
    "cik": "0001551182",
    "fillingDate": "2009-09-30",
    "acceptedDate": "2009-09-29 20:00:00",
    "calendarYear": "2009",
    "period": "Q3",
    "revenue": 3028000000,
    "costOfRevenue": 2178000000,
    "grossProfit": 850000000,
    "grossProfitRatio": 0.2807133421,
    "researchAndDevelopmentExpenses": 99000000,
    "generalAndAdministrativeExpenses": 0,
    "sellingAndMarketingExpenses": 0,
    "sellingGeneralAndAdministrativeExpenses": 553000000,
    "otherExpenses": 0,
    "operatingExpenses": 652000000,
    "costAndExpenses": 2830000000,
    "interestIncome": 0,
    "interestExpense": 38000000,
    "depreciationAndAmortization": 153000000,
    "ebitda": 352000000,
    "ebitdaratio": 0.1162483487,
    "operatingIncome": 198000000,
    "operatingIncomeRatio": 0.0653896962,
    "totalOtherIncomeExpensesNet": -32000000,
    "incomeBeforeTax": 166000000,
    "incomeBeforeTaxRatio": 0.0548216645,
    "incomeTaxExpense": -28000000,
    "netIncome": 193000000,
    "netIncomeRatio": 0.0637384412,
    "eps": 0.58,
    "epsdiluted": 0.57,
    "weightedAverageShsOut": 334000000,
    "weightedAverageShsOutDil": 338400000,
    "link": "",
    "finalLink": ""
  },
  {
    "date": "2009-06-30",
    "symbol": "ETN",
    "reportedCurrency": "USD",
    "cik": "0001551182",
    "fillingDate": "2009-06-30",
    "acceptedDate": "2009-06-29 20:00:00",
    "calendarYear": "2009",
    "period": "Q2",
    "revenue": 2901000000,
    "costOfRevenue": 2189000000,
    "grossProfit": 712000000,
    "grossProfitRatio": 0.2454326094,
    "researchAndDevelopmentExpenses": 95000000,
    "generalAndAdministrativeExpenses": 0,
    "sellingAndMarketingExpenses": 0,
    "sellingGeneralAndAdministrativeExpenses": 554000000,
    "otherExpenses": 0,
    "operatingExpenses": 649000000,
    "costAndExpenses": 2838000000,
    "interestIncome": 0,
    "interestExpense": 41000000,
    "depreciationAndAmortization": 147000000,
    "ebitda": 213000000,
    "ebitdaratio": 0.0734229576,
    "operatingIncome": 63000000,
    "operatingIncomeRatio": 0.0217166494,
    "totalOtherIncomeExpensesNet": -33000000,
    "incomeBeforeTax": 30000000,
    "incomeBeforeTaxRatio": 0.0103412616,
    "incomeTaxExpense": -1000000,
    "netIncome": 29000000,
    "netIncomeRatio": 0.0099965529,
    "eps": 0.085,
    "epsdiluted": 0.085,
    "weightedAverageShsOut": 333800000,
    "weightedAverageShsOutDil": 335200000,
    "link": "",
    "finalLink": ""
  },
  {
    "date": "2009-03-31",
    "symbol": "ETN",
    "reportedCurrency": "USD",
    "cik": "0001551182",
    "fillingDate": "2009-03-31",
    "acceptedDate": "2009-03-30 20:00:00",
    "calendarYear": "2009",
    "period": "Q1",
    "revenue": 2813000000,
    "costOfRevenue": 2174000000,
    "grossProfit": 639000000,
    "grossProfitRatio": 0.2271596161,
    "researchAndDevelopmentExpenses": 98000000,
    "generalAndAdministrativeExpenses": 0,
    "sellingAndMarketingExpenses": 0,
    "sellingGeneralAndAdministrativeExpenses": 558000000,
    "otherExpenses": 0,
    "operatingExpenses": 656000000,
    "costAndExpenses": 2830000000,
    "interestIncome": 0,
    "interestExpense": 37000000,
    "depreciationAndAmortization": 143000000,
    "ebitda": 126000000,
    "ebitdaratio": 0.044792037,
    "operatingIncome": -17000000,
    "operatingIncomeRatio": -0.0060433701,
    "totalOtherIncomeExpensesNet": -46000000,
    "incomeBeforeTax": -63000000,
    "incomeBeforeTaxRatio": -0.0223960185,
    "incomeTaxExpense": -11000000,
    "netIncome": -50000000,
    "netIncomeRatio": -0.0177746178,
    "eps": -0.15,
    "epsdiluted": -0.15,
    "weightedAverageShsOut": 332200000,
    "weightedAverageShsOutDil": 332200000,
    "link": "",
    "finalLink": ""
  },
  {
    "date": "2008-12-31",
    "symbol": "ETN",
    "reportedCurrency": "USD",
    "cik": "0001551182",
    "fillingDate": "2008-12-31",
    "acceptedDate": "2008-12-30 19:00:00",
    "calendarYear": "2008",
    "period": "Q4",
    "revenue": 3487000000,
    "costOfRevenue": 2626000000,
    "grossProfit": 861000000,
    "grossProfitRatio": 0.2469171207,
    "researchAndDevelopmentExpenses": 100000000,
    "generalAndAdministrativeExpenses": 0,
    "sellingAndMarketingExpenses": 0,
    "sellingGeneralAndAdministrativeExpenses": 598000000,
    "otherExpenses": 0,
    "operatingExpenses": 698000000,
    "costAndExpenses": 3324000000,
    "interestIncome": 0,
    "interestExpense": 0,
    "depreciationAndAmortization": 157000000,
    "ebitda": 320000000,
    "ebitdaratio": 0.0917694293,
    "operatingIncome": 163000000,
    "operatingIncomeRatio": 0.0467450531,
    "totalOtherIncomeExpensesNet": -29000000,
    "incomeBeforeTax": 134000000,
    "incomeBeforeTaxRatio": 0.0384284485,
    "incomeTaxExpense": -29000000,
    "netIncome": 163000000,
    "netIncomeRatio": 0.0467450531,
    "eps": 0.49,
    "epsdiluted": 0.49,
    "weightedAverageShsOut": 331200000,
    "weightedAverageShsOutDil": 332400000,
    "link": "",
    "finalLink": ""
  },
  {
    "date": "2008-09-30",
    "symbol": "ETN",
    "reportedCurrency": "USD",
    "cik": "0001551182",
    "fillingDate": "2008-09-30",
    "acceptedDate": "2008-09-29 20:00:00",
    "calendarYear": "2008",
    "period": "Q3",
    "revenue": 4114000000,
    "costOfRevenue": 2964000000,
    "grossProfit": 1150000000,
    "grossProfitRatio": 0.2795333009,
    "researchAndDevelopmentExpenses": 117000000,
    "generalAndAdministrativeExpenses": 0,
    "sellingAndMarketingExpenses": 0,
    "sellingGeneralAndAdministrativeExpenses": 659000000,
    "otherExpenses": 0,
    "operatingExpenses": 776000000,
    "costAndExpenses": 3740000000,
    "interestIncome": 0,
    "interestExpense": 0,
    "depreciationAndAmortization": 155000000,
    "ebitda": 529000000,
    "ebitdaratio": 0.1285853184,
    "operatingIncome": 374000000,
    "operatingIncomeRatio": 0.0909090909,
    "totalOtherIncomeExpensesNet": -20000000,
    "incomeBeforeTax": 354000000,
    "incomeBeforeTaxRatio": 0.0860476422,
    "incomeTaxExpense": 39000000,
    "netIncome": 315000000,
    "netIncomeRatio": 0.0765678172,
    "eps": 0.95,
    "epsdiluted": 0.94,
    "weightedAverageShsOut": 332400000,
    "weightedAverageShsOutDil": 336800000,
    "link": "",
    "finalLink": ""
  },
  {
    "date": "2008-06-30",
    "symbol": "ETN",
    "reportedCurrency": "USD",
    "cik": "0001551182",
    "fillingDate": "2008-06-30",
    "acceptedDate": "2008-06-29 20:00:00",
    "calendarYear": "2008",
    "period": "Q2",
    "revenue": 4279000000,
    "costOfRevenue": 3069000000,
    "grossProfit": 1210000000,
    "grossProfitRatio": 0.2827763496,
    "researchAndDevelopmentExpenses": 111000000,
    "generalAndAdministrativeExpenses": 0,
    "sellingAndMarketingExpenses": 0,
    "sellingGeneralAndAdministrativeExpenses": 704000000,
    "otherExpenses": 0,
    "operatingExpenses": 815000000,
    "costAndExpenses": 3884000000,
    "interestIncome": 0,
    "interestExpense": 0,
    "depreciationAndAmortization": 154000000,
    "ebitda": 549000000,
    "ebitdaratio": 0.1283010049,
    "operatingIncome": 395000000,
    "operatingIncomeRatio": 0.0923112877,
    "totalOtherIncomeExpensesNet": -37000000,
    "incomeBeforeTax": 354000000,
    "incomeBeforeTaxRatio": 0.0827296097,
    "incomeTaxExpense": 21000000,
    "netIncome": 333000000,
    "netIncomeRatio": 0.077821921,
    "eps": 1.03,
    "epsdiluted": 1.01,
    "weightedAverageShsOut": 322400000,
    "weightedAverageShsOutDil": 327200000,
    "link": "",
    "finalLink": ""
  },
  {
    "date": "2008-03-31",
    "symbol": "ETN",
    "reportedCurrency": "USD",
    "cik": "0001551182",
    "fillingDate": "2008-03-31",
    "acceptedDate": "2008-03-30 20:00:00",
    "calendarYear": "2008",
    "period": "Q1",
    "revenue": 3496000000,
    "costOfRevenue": 2532000000,
    "grossProfit": 964000000,
    "grossProfitRatio": 0.2757437071,
    "researchAndDevelopmentExpenses": 89000000,
    "generalAndAdministrativeExpenses": 0,
    "sellingAndMarketingExpenses": 0,
    "sellingGeneralAndAdministrativeExpenses": 552000000,
    "otherExpenses": 0,
    "operatingExpenses": 641000000,
    "costAndExpenses": 3173000000,
    "interestIncome": 0,
    "interestExpense": 38000000,
    "depreciationAndAmortization": 126000000,
    "ebitda": 448000000,
    "ebitdaratio": 0.1281464531,
    "operatingIncome": 323000000,
    "operatingIncomeRatio": 0.0923913043,
    "totalOtherIncomeExpensesNet": -34000000,
    "incomeBeforeTax": 286000000,
    "incomeBeforeTaxRatio": 0.0818077803,
    "incomeTaxExpense": 42000000,
    "netIncome": 247000000,
    "netIncomeRatio": 0.0706521739,
    "eps": 0.84,
    "epsdiluted": 0.82,
    "weightedAverageShsOut": 295400000,
    "weightedAverageShsOutDil": 301000000,
    "link": "",
    "finalLink": ""
  },
  {
    "date": "2007-12-31",
    "symbol": "ETN",
    "reportedCurrency": "USD",
    "cik": "0001551182",
    "fillingDate": "2007-12-31",
    "acceptedDate": "2007-12-30 19:00:00",
    "calendarYear": "2007",
    "period": "Q4",
    "revenue": 3374000000,
    "costOfRevenue": 2428000000,
    "grossProfit": 946000000,
    "grossProfitRatio": 0.2803793717,
    "researchAndDevelopmentExpenses": 77000000,
    "generalAndAdministrativeExpenses": 0,
    "sellingAndMarketingExpenses": 0,
    "sellingGeneralAndAdministrativeExpenses": 581000000,
    "otherExpenses": 0,
    "operatingExpenses": 658000000,
    "costAndExpenses": 3086000000,
    "interestIncome": 0,
    "interestExpense": 0,
    "depreciationAndAmortization": 125000000,
    "ebitda": 413000000,
    "ebitdaratio": 0.122406639,
    "operatingIncome": 288000000,
    "operatingIncomeRatio": 0.0853586248,
    "totalOtherIncomeExpensesNet": -29000000,
    "incomeBeforeTax": 259000000,
    "incomeBeforeTaxRatio": 0.0767634855,
    "incomeTaxExpense": 7000000,
    "netIncome": 256000000,
    "netIncomeRatio": 0.0758743331,
    "eps": 0.87,
    "epsdiluted": 0.87,
    "weightedAverageShsOut": 294000000,
    "weightedAverageShsOutDil": 294000000,
    "link": "",
    "finalLink": ""
  },
  {
    "date": "2007-09-30",
    "symbol": "ETN",
    "reportedCurrency": "USD",
    "cik": "0001551182",
    "fillingDate": "2007-09-30",
    "acceptedDate": "2007-09-29 20:00:00",
    "calendarYear": "2007",
    "period": "Q3",
    "revenue": 3298000000,
    "costOfRevenue": 2381000000,
    "grossProfit": 917000000,
    "grossProfitRatio": 0.2780473014,
    "researchAndDevelopmentExpenses": 88000000,
    "generalAndAdministrativeExpenses": 0,
    "sellingAndMarketingExpenses": 0,
    "sellingGeneralAndAdministrativeExpenses": 528000000,
    "otherExpenses": 0,
    "operatingExpenses": 616000000,
    "costAndExpenses": 2997000000,
    "interestIncome": 0,
    "interestExpense": 0,
    "depreciationAndAmortization": 117000000,
    "ebitda": 418000000,
    "ebitdaratio": 0.1267434809,
    "operatingIncome": 301000000,
    "operatingIncomeRatio": 0.0912674348,
    "totalOtherIncomeExpensesNet": -38000000,
    "incomeBeforeTax": 263000000,
    "incomeBeforeTaxRatio": 0.0797453002,
    "incomeTaxExpense": 25000000,
    "netIncome": 258000000,
    "netIncomeRatio": 0.0782292298,
    "eps": 0.88,
    "epsdiluted": 0.86,
    "weightedAverageShsOut": 294000000,
    "weightedAverageShsOutDil": 300800000,
    "link": "",
    "finalLink": ""
  },
  {
    "date": "2007-06-30",
    "symbol": "ETN",
    "reportedCurrency": "USD",
    "cik": "0001551182",
    "fillingDate": "2007-06-30",
    "acceptedDate": "2007-06-29 20:00:00",
    "calendarYear": "2007",
    "period": "Q2",
    "revenue": 3248000000,
    "costOfRevenue": 2346000000,
    "grossProfit": 902000000,
    "grossProfitRatio": 0.2777093596,
    "researchAndDevelopmentExpenses": 88000000,
    "generalAndAdministrativeExpenses": 0,
    "sellingAndMarketingExpenses": 0,
    "sellingGeneralAndAdministrativeExpenses": 525000000,
    "otherExpenses": 0,
    "operatingExpenses": 613000000,
    "costAndExpenses": 2959000000,
    "interestIncome": 0,
    "interestExpense": 0,
    "depreciationAndAmortization": 118000000,
    "ebitda": 407000000,
    "ebitdaratio": 0.1253078818,
    "operatingIncome": 289000000,
    "operatingIncomeRatio": 0.0889778325,
    "totalOtherIncomeExpensesNet": -33000000,
    "incomeBeforeTax": 256000000,
    "incomeBeforeTaxRatio": 0.078817734,
    "incomeTaxExpense": 16000000,
    "netIncome": 246000000,
    "netIncomeRatio": 0.0757389163,
    "eps": 0.84,
    "epsdiluted": 0.82,
    "weightedAverageShsOut": 294800000,
    "weightedAverageShsOutDil": 300600000,
    "link": "",
    "finalLink": ""
  },
  {
    "date": "2007-03-31",
    "symbol": "ETN",
    "reportedCurrency": "USD",
    "cik": "0001551182",
    "fillingDate": "2007-03-31",
    "acceptedDate": "2007-03-30 20:00:00",
    "calendarYear": "2007",
    "period": "Q1",
    "revenue": 3153000000,
    "costOfRevenue": 2256000000,
    "grossProfit": 897000000,
    "grossProfitRatio": 0.284490961,
    "researchAndDevelopmentExpenses": 83000000,
    "generalAndAdministrativeExpenses": 0,
    "sellingAndMarketingExpenses": 0,
    "sellingGeneralAndAdministrativeExpenses": 508000000,
    "otherExpenses": 0,
    "operatingExpenses": 591000000,
    "costAndExpenses": 2847000000,
    "interestIncome": 0,
    "interestExpense": 0,
    "depreciationAndAmortization": 109000000,
    "ebitda": 408000000,
    "ebitdaratio": 0.1294005709,
    "operatingIncome": 306000000,
    "operatingIncomeRatio": 0.0970504282,
    "totalOtherIncomeExpensesNet": -30000000,
    "incomeBeforeTax": 269000000,
    "incomeBeforeTaxRatio": 0.0853155725,
    "incomeTaxExpense": 35000000,
    "netIncome": 234000000,
    "netIncomeRatio": 0.0742150333,
    "eps": 0.8,
    "epsdiluted": 0.78,
    "weightedAverageShsOut": 295200000,
    "weightedAverageShsOutDil": 300000000,
    "link": "",
    "finalLink": ""
  },
  {
    "date": "2006-12-31",
    "symbol": "ETN",
    "reportedCurrency": "USD",
    "cik": "0001551182",
    "fillingDate": "2006-12-31",
    "acceptedDate": "2006-12-30 19:00:00",
    "calendarYear": "2006",
    "period": "Q4",
    "revenue": 3102000000,
    "costOfRevenue": 2300000000,
    "grossProfit": 802000000,
    "grossProfitRatio": 0.2585428756,
    "researchAndDevelopmentExpenses": 73000000,
    "generalAndAdministrativeExpenses": 0,
    "sellingAndMarketingExpenses": 0,
    "sellingGeneralAndAdministrativeExpenses": 501000000,
    "otherExpenses": 0,
    "operatingExpenses": 574000000,
    "costAndExpenses": 2874000000,
    "interestIncome": 0,
    "interestExpense": 0,
    "depreciationAndAmortization": 112000000,
    "ebitda": 340000000,
    "ebitdaratio": 0.1096067054,
    "operatingIncome": 228000000,
    "operatingIncomeRatio": 0.0735009671,
    "totalOtherIncomeExpensesNet": 11000000,
    "incomeBeforeTax": 239000000,
    "incomeBeforeTaxRatio": 0.0770470664,
    "incomeTaxExpense": -2000000,
    "netIncome": 241000000,
    "netIncomeRatio": 0.0776918117,
    "eps": 0.8,
    "epsdiluted": 0.8,
    "weightedAverageShsOut": 297400000,
    "weightedAverageShsOutDil": 301000000,
    "link": "",
    "finalLink": ""
  },
  {
    "date": "2006-09-30",
    "symbol": "ETN",
    "reportedCurrency": "USD",
    "cik": "0001551182",
    "fillingDate": "2006-09-30",
    "acceptedDate": "2006-09-29 20:00:00",
    "calendarYear": "2006",
    "period": "Q3",
    "revenue": 3115000000,
    "costOfRevenue": 2313000000,
    "grossProfit": 802000000,
    "grossProfitRatio": 0.2574638844,
    "researchAndDevelopmentExpenses": 86000000,
    "generalAndAdministrativeExpenses": 0,
    "sellingAndMarketingExpenses": 0,
    "sellingGeneralAndAdministrativeExpenses": 468000000,
    "otherExpenses": 0,
    "operatingExpenses": 554000000,
    "costAndExpenses": 2867000000,
    "interestIncome": 0,
    "interestExpense": 0,
    "depreciationAndAmortization": 108000000,
    "ebitda": 351000000,
    "ebitdaratio": 0.1126805778,
    "operatingIncome": 248000000,
    "operatingIncomeRatio": 0.0796147673,
    "totalOtherIncomeExpensesNet": -22000000,
    "incomeBeforeTax": 225000000,
    "incomeBeforeTaxRatio": 0.0722311396,
    "incomeTaxExpense": 12000000,
    "netIncome": 248000000,
    "netIncomeRatio": 0.0796147673,
    "eps": 0.83,
    "epsdiluted": 0.81,
    "weightedAverageShsOut": 301000000,
    "weightedAverageShsOutDil": 306000000,
    "link": "",
    "finalLink": ""
  },
  {
    "date": "2006-06-30",
    "symbol": "ETN",
    "reportedCurrency": "USD",
    "cik": "0001551182",
    "fillingDate": "2006-06-30",
    "acceptedDate": "2006-06-29 20:00:00",
    "calendarYear": "2006",
    "period": "Q2",
    "revenue": 3186000000,
    "costOfRevenue": 2307000000,
    "grossProfit": 879000000,
    "grossProfitRatio": 0.2758945386,
    "researchAndDevelopmentExpenses": 82000000,
    "generalAndAdministrativeExpenses": 0,
    "sellingAndMarketingExpenses": 0,
    "sellingGeneralAndAdministrativeExpenses": 499000000,
    "otherExpenses": 0,
    "operatingExpenses": 581000000,
    "costAndExpenses": 2888000000,
    "interestIncome": 0,
    "interestExpense": 0,
    "depreciationAndAmortization": 108000000,
    "ebitda": 396000000,
    "ebitdaratio": 0.1242937853,
    "operatingIncome": 298000000,
    "operatingIncomeRatio": 0.0935342122,
    "totalOtherIncomeExpensesNet": -10000000,
    "incomeBeforeTax": 278000000,
    "incomeBeforeTaxRatio": 0.0872567483,
    "incomeTaxExpense": 25000000,
    "netIncome": 253000000,
    "netIncomeRatio": 0.0794099184,
    "eps": 0.84,
    "epsdiluted": 0.82,
    "weightedAverageShsOut": 303400000,
    "weightedAverageShsOutDil": 308600000,
    "link": "",
    "finalLink": ""
  },
  {
    "date": "2006-03-31",
    "symbol": "ETN",
    "reportedCurrency": "USD",
    "cik": "0001551182",
    "fillingDate": "2006-03-31",
    "acceptedDate": "2006-03-30 19:00:00",
    "calendarYear": "2006",
    "period": "Q1",
    "revenue": 3013000000,
    "costOfRevenue": 2167000000,
    "grossProfit": 846000000,
    "grossProfitRatio": 0.2807832725,
    "researchAndDevelopmentExpenses": 81000000,
    "generalAndAdministrativeExpenses": 0,
    "sellingAndMarketingExpenses": 0,
    "sellingGeneralAndAdministrativeExpenses": 480000000,
    "otherExpenses": 0,
    "operatingExpenses": 561000000,
    "costAndExpenses": 2728000000,
    "interestIncome": 0,
    "interestExpense": 0,
    "depreciationAndAmortization": 106000000,
    "ebitda": 389000000,
    "ebitdaratio": 0.1291072021,
    "operatingIncome": 285000000,
    "operatingIncomeRatio": 0.0945901095,
    "totalOtherIncomeExpensesNet": -32000000,
    "incomeBeforeTax": 253000000,
    "incomeBeforeTaxRatio": 0.0839694656,
    "incomeTaxExpense": 45000000,
    "netIncome": 208000000,
    "netIncomeRatio": 0.0690341852,
    "eps": 0.69,
    "epsdiluted": 0.68,
    "weightedAverageShsOut": 300800000,
    "weightedAverageShsOutDil": 306200000,
    "link": "",
    "finalLink": ""
  },
  {
    "date": "2005-12-31",
    "symbol": "ETN",
    "reportedCurrency": "USD",
    "cik": "0001551182",
    "fillingDate": "2005-12-31",
    "acceptedDate": "2005-12-30 19:00:00",
    "calendarYear": "2005",
    "period": "Q4",
    "revenue": 2838000000,
    "costOfRevenue": 2059000000,
    "grossProfit": 779000000,
    "grossProfitRatio": 0.2744890768,
    "researchAndDevelopmentExpenses": 74000000,
    "generalAndAdministrativeExpenses": 0,
    "sellingAndMarketingExpenses": 0,
    "sellingGeneralAndAdministrativeExpenses": 453000000,
    "otherExpenses": 0,
    "operatingExpenses": 527000000,
    "costAndExpenses": 2586000000,
    "interestIncome": 0,
    "interestExpense": 0,
    "depreciationAndAmortization": 109000000,
    "ebitda": 361000000,
    "ebitdaratio": 0.1272022551,
    "operatingIncome": 252000000,
    "operatingIncomeRatio": 0.088794926,
    "totalOtherIncomeExpensesNet": -8000000,
    "incomeBeforeTax": 244000000,
    "incomeBeforeTaxRatio": 0.0859760395,
    "incomeTaxExpense": 34000000,
    "netIncome": 210000000,
    "netIncomeRatio": 0.0739957717,
    "eps": 0.7,
    "epsdiluted": 0.7,
    "weightedAverageShsOut": 297400000,
    "weightedAverageShsOutDil": 298200000,
    "link": "",
    "finalLink": ""
  },
  {
    "date": "2005-09-30",
    "symbol": "ETN",
    "reportedCurrency": "USD",
    "cik": "0001551182",
    "fillingDate": "2005-09-30",
    "acceptedDate": "2005-09-29 20:00:00",
    "calendarYear": "2005",
    "period": "Q3",
    "revenue": 2789000000,
    "costOfRevenue": 2001000000,
    "grossProfit": 788000000,
    "grossProfitRatio": 0.2825385443,
    "researchAndDevelopmentExpenses": 75000000,
    "generalAndAdministrativeExpenses": 0,
    "sellingAndMarketingExpenses": 0,
    "sellingGeneralAndAdministrativeExpenses": 439000000,
    "otherExpenses": 0,
    "operatingExpenses": 514000000,
    "costAndExpenses": 2515000000,
    "interestIncome": 0,
    "interestExpense": 0,
    "depreciationAndAmortization": 101000000,
    "ebitda": 373000000,
    "ebitdaratio": 0.1337396916,
    "operatingIncome": 274000000,
    "operatingIncomeRatio": 0.0982430979,
    "totalOtherIncomeExpensesNet": -25000000,
    "incomeBeforeTax": 249000000,
    "incomeBeforeTaxRatio": 0.0892793116,
    "incomeTaxExpense": 50000000,
    "netIncome": 199000000,
    "netIncomeRatio": 0.071351739,
    "eps": 0.67,
    "epsdiluted": 0.65,
    "weightedAverageShsOut": 298200000,
    "weightedAverageShsOutDil": 304800000,
    "link": "",
    "finalLink": ""
  },
  {
    "date": "2005-06-30",
    "symbol": "ETN",
    "reportedCurrency": "USD",
    "cik": "0001551182",
    "fillingDate": "2005-06-30",
    "acceptedDate": "2005-06-29 20:00:00",
    "calendarYear": "2005",
    "period": "Q2",
    "revenue": 2834000000,
    "costOfRevenue": 2039000000,
    "grossProfit": 795000000,
    "grossProfitRatio": 0.2805222301,
    "researchAndDevelopmentExpenses": 69000000,
    "generalAndAdministrativeExpenses": 0,
    "sellingAndMarketingExpenses": 0,
    "sellingGeneralAndAdministrativeExpenses": 446000000,
    "otherExpenses": 0,
    "operatingExpenses": 515000000,
    "costAndExpenses": 2554000000,
    "interestIncome": 0,
    "interestExpense": 0,
    "depreciationAndAmortization": 99000000,
    "ebitda": 379000000,
    "ebitdaratio": 0.1337332392,
    "operatingIncome": 280000000,
    "operatingIncomeRatio": 0.0988002823,
    "totalOtherIncomeExpensesNet": -13000000,
    "incomeBeforeTax": 267000000,
    "incomeBeforeTaxRatio": 0.0942131263,
    "incomeTaxExpense": 58000000,
    "netIncome": 209000000,
    "netIncomeRatio": 0.0737473536,
    "eps": 0.7,
    "epsdiluted": 0.69,
    "weightedAverageShsOut": 299600000,
    "weightedAverageShsOutDil": 306800000,
    "link": "",
    "finalLink": ""
  },
  {
    "date": "2005-03-31",
    "symbol": "ETN",
    "reportedCurrency": "USD",
    "cik": "0001551182",
    "fillingDate": "2005-03-31",
    "acceptedDate": "2005-03-30 19:00:00",
    "calendarYear": "2005",
    "period": "Q1",
    "revenue": 2654000000,
    "costOfRevenue": 1913000000,
    "grossProfit": 741000000,
    "grossProfitRatio": 0.2792012057,
    "researchAndDevelopmentExpenses": 69000000,
    "generalAndAdministrativeExpenses": 0,
    "sellingAndMarketingExpenses": 0,
    "sellingGeneralAndAdministrativeExpenses": 419000000,
    "otherExpenses": 0,
    "operatingExpenses": 488000000,
    "costAndExpenses": 2401000000,
    "interestIncome": 0,
    "interestExpense": 0,
    "depreciationAndAmortization": 100000000,
    "ebitda": 353000000,
    "ebitdaratio": 0.1330067822,
    "operatingIncome": 253000000,
    "operatingIncomeRatio": 0.0953278071,
    "totalOtherIncomeExpensesNet": -17000000,
    "incomeBeforeTax": 236000000,
    "incomeBeforeTaxRatio": 0.0889223813,
    "incomeTaxExpense": 49000000,
    "netIncome": 187000000,
    "netIncomeRatio": 0.0704596835,
    "eps": 0.61,
    "epsdiluted": 0.6,
    "weightedAverageShsOut": 306200000,
    "weightedAverageShsOutDil": 314400000,
    "link": "",
    "finalLink": ""
  },
  {
    "date": "2004-12-31",
    "symbol": "ETN",
    "reportedCurrency": "USD",
    "cik": "0001551182",
    "fillingDate": "2004-12-31",
    "acceptedDate": "2004-12-30 19:00:00",
    "calendarYear": "2004",
    "period": "Q4",
    "revenue": 2633000000,
    "costOfRevenue": 1899000000,
    "grossProfit": 734000000,
    "grossProfitRatio": 0.2787694645,
    "researchAndDevelopmentExpenses": 65000000,
    "generalAndAdministrativeExpenses": 0,
    "sellingAndMarketingExpenses": 0,
    "sellingGeneralAndAdministrativeExpenses": 431000000,
    "otherExpenses": 0,
    "operatingExpenses": 496000000,
    "costAndExpenses": 2395000000,
    "interestIncome": 0,
    "interestExpense": 0,
    "depreciationAndAmortization": 102000000,
    "ebitda": 340000000,
    "ebitdaratio": 0.1291302697,
    "operatingIncome": 238000000,
    "operatingIncomeRatio": 0.0903911888,
    "totalOtherIncomeExpensesNet": -44000000,
    "incomeBeforeTax": 194000000,
    "incomeBeforeTaxRatio": 0.0736802127,
    "incomeTaxExpense": 11000000,
    "netIncome": 183000000,
    "netIncomeRatio": 0.0695024687,
    "eps": 0.6,
    "epsdiluted": 0.6,
    "weightedAverageShsOut": 305600000,
    "weightedAverageShsOutDil": 305600000,
    "link": "",
    "finalLink": ""
  },
  {
    "date": "2004-09-30",
    "symbol": "ETN",
    "reportedCurrency": "USD",
    "cik": "0001551182",
    "fillingDate": "2004-09-30",
    "acceptedDate": "2004-09-29 20:00:00",
    "calendarYear": "2004",
    "period": "Q3",
    "revenue": 2543000000,
    "costOfRevenue": 1836000000,
    "grossProfit": 707000000,
    "grossProfitRatio": 0.2780180889,
    "researchAndDevelopmentExpenses": 72000000,
    "generalAndAdministrativeExpenses": 0,
    "sellingAndMarketingExpenses": 0,
    "sellingGeneralAndAdministrativeExpenses": 406000000,
    "otherExpenses": 0,
    "operatingExpenses": 478000000,
    "costAndExpenses": 2314000000,
    "interestIncome": 0,
    "interestExpense": 0,
    "depreciationAndAmortization": 100000000,
    "ebitda": 329000000,
    "ebitdaratio": 0.1293747542,
    "operatingIncome": 229000000,
    "operatingIncomeRatio": 0.0900511207,
    "totalOtherIncomeExpensesNet": -18000000,
    "incomeBeforeTax": 211000000,
    "incomeBeforeTaxRatio": 0.0829728667,
    "incomeTaxExpense": 41000000,
    "netIncome": 170000000,
    "netIncomeRatio": 0.066850177,
    "eps": 0.56,
    "epsdiluted": 0.55,
    "weightedAverageShsOut": 305600000,
    "weightedAverageShsOutDil": 313800000,
    "link": "",
    "finalLink": ""
  },
  {
    "date": "2004-06-30",
    "symbol": "ETN",
    "reportedCurrency": "USD",
    "cik": "0001551182",
    "fillingDate": "2004-06-30",
    "acceptedDate": "2004-06-29 20:00:00",
    "calendarYear": "2004",
    "period": "Q2",
    "revenue": 2403000000,
    "costOfRevenue": 1726000000,
    "grossProfit": 677000000,
    "grossProfitRatio": 0.2817311694,
    "researchAndDevelopmentExpenses": 64000000,
    "generalAndAdministrativeExpenses": 0,
    "sellingAndMarketingExpenses": 0,
    "sellingGeneralAndAdministrativeExpenses": 389000000,
    "otherExpenses": 0,
    "operatingExpenses": 453000000,
    "costAndExpenses": 2179000000,
    "interestIncome": 0,
    "interestExpense": 0,
    "depreciationAndAmortization": 98000000,
    "ebitda": 322000000,
    "ebitdaratio": 0.1339991677,
    "operatingIncome": 224000000,
    "operatingIncomeRatio": 0.0932168123,
    "totalOtherIncomeExpensesNet": -21000000,
    "incomeBeforeTax": 203000000,
    "incomeBeforeTaxRatio": 0.0844777362,
    "incomeTaxExpense": 42000000,
    "netIncome": 161000000,
    "netIncomeRatio": 0.0669995839,
    "eps": 0.53,
    "epsdiluted": 0.52,
    "weightedAverageShsOut": 304200000,
    "weightedAverageShsOutDil": 312400000,
    "link": "",
    "finalLink": ""
  },
  {
    "date": "2004-03-31",
    "symbol": "ETN",
    "reportedCurrency": "USD",
    "cik": "0001551182",
    "fillingDate": "2004-03-31",
    "acceptedDate": "2004-03-30 19:00:00",
    "calendarYear": "2004",
    "period": "Q1",
    "revenue": 2238000000,
    "costOfRevenue": 1621000000,
    "grossProfit": 617000000,
    "grossProfitRatio": 0.2756925827,
    "researchAndDevelopmentExpenses": 60000000,
    "generalAndAdministrativeExpenses": 0,
    "sellingAndMarketingExpenses": 0,
    "sellingGeneralAndAdministrativeExpenses": 361000000,
    "otherExpenses": 0,
    "operatingExpenses": 421000000,
    "costAndExpenses": 2042000000,
    "interestIncome": 0,
    "interestExpense": 0,
    "depreciationAndAmortization": 100000000,
    "ebitda": 296000000,
    "ebitdaratio": 0.1322609473,
    "operatingIncome": 196000000,
    "operatingIncomeRatio": 0.0875781948,
    "totalOtherIncomeExpensesNet": -23000000,
    "incomeBeforeTax": 173000000,
    "incomeBeforeTaxRatio": 0.0773011618,
    "incomeTaxExpense": 39000000,
    "netIncome": 134000000,
    "netIncomeRatio": 0.0598748883,
    "eps": 0.44,
    "epsdiluted": 0.43,
    "weightedAverageShsOut": 306200000,
    "weightedAverageShsOutDil": 314200000,
    "link": "",
    "finalLink": ""
  },
  {
    "date": "2003-12-31",
    "symbol": "ETN",
    "reportedCurrency": "USD",
    "cik": "0001551182",
    "fillingDate": "2003-12-31",
    "acceptedDate": "2003-12-30 19:00:00",
    "calendarYear": "2003",
    "period": "Q4",
    "revenue": 2083000000,
    "costOfRevenue": 1505000000,
    "grossProfit": 578000000,
    "grossProfitRatio": 0.2774843975,
    "researchAndDevelopmentExpenses": 55000000,
    "generalAndAdministrativeExpenses": 0,
    "sellingAndMarketingExpenses": 0,
    "sellingGeneralAndAdministrativeExpenses": 356000000,
    "otherExpenses": 0,
    "operatingExpenses": 411000000,
    "costAndExpenses": 1916000000,
    "interestIncome": 0,
    "interestExpense": 0,
    "depreciationAndAmortization": 96000000,
    "ebitda": 263000000,
    "ebitdaratio": 0.1262602016,
    "operatingIncome": 167000000,
    "operatingIncomeRatio": 0.0801728277,
    "totalOtherIncomeExpensesNet": -22000000,
    "incomeBeforeTax": 145000000,
    "incomeBeforeTaxRatio": 0.0696111378,
    "incomeTaxExpense": 31000000,
    "netIncome": 114000000,
    "netIncomeRatio": 0.0547287566,
    "eps": 0.38,
    "epsdiluted": 0.38,
    "weightedAverageShsOut": 303600000,
    "weightedAverageShsOutDil": 303600000,
    "link": "",
    "finalLink": ""
  },
  {
    "date": "2003-09-30",
    "symbol": "ETN",
    "reportedCurrency": "USD",
    "cik": "0001551182",
    "fillingDate": "2003-09-30",
    "acceptedDate": "2003-09-29 20:00:00",
    "calendarYear": "2003",
    "period": "Q3",
    "revenue": 2026000000,
    "costOfRevenue": 1479000000,
    "grossProfit": 547000000,
    "grossProfitRatio": 0.2699901283,
    "researchAndDevelopmentExpenses": 57000000,
    "generalAndAdministrativeExpenses": 0,
    "sellingAndMarketingExpenses": 0,
    "sellingGeneralAndAdministrativeExpenses": 327000000,
    "otherExpenses": 0,
    "operatingExpenses": 384000000,
    "costAndExpenses": 1863000000,
    "interestIncome": 0,
    "interestExpense": 0,
    "depreciationAndAmortization": 97000000,
    "ebitda": 260000000,
    "ebitdaratio": 0.1283316881,
    "operatingIncome": 163000000,
    "operatingIncomeRatio": 0.0804540967,
    "totalOtherIncomeExpensesNet": -21000000,
    "incomeBeforeTax": 142000000,
    "incomeBeforeTaxRatio": 0.070088845,
    "incomeTaxExpense": 35000000,
    "netIncome": 107000000,
    "netIncomeRatio": 0.0528134255,
    "eps": 0.35,
    "epsdiluted": 0.35,
    "weightedAverageShsOut": 303600000,
    "weightedAverageShsOutDil": 309000000,
    "link": "",
    "finalLink": ""
  },
  {
    "date": "2003-06-30",
    "symbol": "ETN",
    "reportedCurrency": "USD",
    "cik": "0001551182",
    "fillingDate": "2003-06-30",
    "acceptedDate": "2003-06-29 20:00:00",
    "calendarYear": "2003",
    "period": "Q2",
    "revenue": 2027000000,
    "costOfRevenue": 1498000000,
    "grossProfit": 529000000,
    "grossProfitRatio": 0.260976813,
    "researchAndDevelopmentExpenses": 56000000,
    "generalAndAdministrativeExpenses": 0,
    "sellingAndMarketingExpenses": 0,
    "sellingGeneralAndAdministrativeExpenses": 339000000,
    "otherExpenses": 0,
    "operatingExpenses": 395000000,
    "costAndExpenses": 1893000000,
    "interestIncome": 0,
    "interestExpense": 0,
    "depreciationAndAmortization": 103000000,
    "ebitda": 237000000,
    "ebitdaratio": 0.116921559,
    "operatingIncome": 134000000,
    "operatingIncomeRatio": 0.0661075481,
    "totalOtherIncomeExpensesNet": -12000000,
    "incomeBeforeTax": 122000000,
    "incomeBeforeTaxRatio": 0.0601874692,
    "incomeTaxExpense": 29000000,
    "netIncome": 93000000,
    "netIncomeRatio": 0.0458806117,
    "eps": 0.32,
    "epsdiluted": 0.32,
    "weightedAverageShsOut": 290000000,
    "weightedAverageShsOutDil": 294000000,
    "link": "",
    "finalLink": ""
  },
  {
    "date": "2003-03-31",
    "symbol": "ETN",
    "reportedCurrency": "USD",
    "cik": "0001551182",
    "fillingDate": "2003-03-31",
    "acceptedDate": "2003-03-30 19:00:00",
    "calendarYear": "2003",
    "period": "Q1",
    "revenue": 1925000000,
    "costOfRevenue": 1415000000,
    "grossProfit": 510000000,
    "grossProfitRatio": 0.2649350649,
    "researchAndDevelopmentExpenses": 55000000,
    "generalAndAdministrativeExpenses": 0,
    "sellingAndMarketingExpenses": 0,
    "sellingGeneralAndAdministrativeExpenses": 329000000,
    "otherExpenses": 0,
    "operatingExpenses": 384000000,
    "costAndExpenses": 1799000000,
    "interestIncome": 0,
    "interestExpense": 0,
    "depreciationAndAmortization": 98000000,
    "ebitda": 224000000,
    "ebitdaratio": 0.1163636364,
    "operatingIncome": 126000000,
    "operatingIncomeRatio": 0.0654545455,
    "totalOtherIncomeExpensesNet": -27000000,
    "incomeBeforeTax": 99000000,
    "incomeBeforeTaxRatio": 0.0514285714,
    "incomeTaxExpense": 27000000,
    "netIncome": 72000000,
    "netIncomeRatio": 0.0374025974,
    "eps": 0.25,
    "epsdiluted": 0.25,
    "weightedAverageShsOut": 288400000,
    "weightedAverageShsOutDil": 288400000,
    "link": "",
    "finalLink": ""
  },
  {
    "date": "2002-12-31",
    "symbol": "ETN",
    "reportedCurrency": "USD",
    "cik": "0001551182",
    "fillingDate": "2002-12-31",
    "acceptedDate": "2002-12-30 19:00:00",
    "calendarYear": "2002",
    "period": "Q4",
    "revenue": 1775000000,
    "costOfRevenue": 1306000000,
    "grossProfit": 469000000,
    "grossProfitRatio": 0.2642253521,
    "researchAndDevelopmentExpenses": 47000000,
    "generalAndAdministrativeExpenses": 0,
    "sellingAndMarketingExpenses": 0,
    "sellingGeneralAndAdministrativeExpenses": 300000000,
    "otherExpenses": 0,
    "operatingExpenses": 347000000,
    "costAndExpenses": 1653000000,
    "interestIncome": 0,
    "interestExpense": 0,
    "depreciationAndAmortization": 95000000,
    "ebitda": 217000000,
    "ebitdaratio": 0.1222535211,
    "operatingIncome": 122000000,
    "operatingIncomeRatio": 0.0687323944,
    "totalOtherIncomeExpensesNet": -30000000,
    "incomeBeforeTax": 92000000,
    "incomeBeforeTaxRatio": 0.0518309859,
    "incomeTaxExpense": 25000000,
    "netIncome": 67000000,
    "netIncomeRatio": 0.0377464789,
    "eps": 0.23,
    "epsdiluted": 0.23,
    "weightedAverageShsOut": 288400000,
    "weightedAverageShsOutDil": 288400000,
    "link": "",
    "finalLink": ""
  },
  {
    "date": "2002-09-30",
    "symbol": "ETN",
    "reportedCurrency": "USD",
    "cik": "0001551182",
    "fillingDate": "2002-09-30",
    "acceptedDate": "2002-09-30 00:00:00",
    "calendarYear": "2002",
    "period": "Q3",
    "revenue": 1830000000,
    "costOfRevenue": 1316000000,
    "grossProfit": 514000000,
    "grossProfitRatio": 0.2808743169,
    "researchAndDevelopmentExpenses": 51000000,
    "generalAndAdministrativeExpenses": 0,
    "sellingAndMarketingExpenses": 0,
    "sellingGeneralAndAdministrativeExpenses": 302000000,
    "otherExpenses": 0,
    "operatingExpenses": 353000000,
    "costAndExpenses": 1669000000,
    "interestIncome": 0,
    "interestExpense": 0,
    "depreciationAndAmortization": 94000000,
    "ebitda": 255000000,
    "ebitdaratio": 0.1393442623,
    "operatingIncome": 161000000,
    "operatingIncomeRatio": 0.0879781421,
    "totalOtherIncomeExpensesNet": -29000000,
    "incomeBeforeTax": 132000000,
    "incomeBeforeTaxRatio": 0.0721311475,
    "incomeTaxExpense": 39000000,
    "netIncome": 93000000,
    "netIncomeRatio": 0.0508196721,
    "eps": 0.33,
    "epsdiluted": 0.33,
    "weightedAverageShsOut": 283200000,
    "weightedAverageShsOutDil": 287600000,
    "link": null,
    "finalLink": null
  },
  {
    "date": "2002-06-30",
    "symbol": "ETN",
    "reportedCurrency": "USD",
    "cik": "0001551182",
    "fillingDate": "2002-06-30",
    "acceptedDate": "2002-06-30 00:00:00",
    "calendarYear": "2002",
    "period": "Q2",
    "revenue": 1881000000,
    "costOfRevenue": 1364000000,
    "grossProfit": 517000000,
    "grossProfitRatio": 0.2748538012,
    "researchAndDevelopmentExpenses": 50000000,
    "generalAndAdministrativeExpenses": 0,
    "sellingAndMarketingExpenses": 0,
    "sellingGeneralAndAdministrativeExpenses": 305000000,
    "otherExpenses": 0,
    "operatingExpenses": 355000000,
    "costAndExpenses": 1719000000,
    "interestIncome": 0,
    "interestExpense": 0,
    "depreciationAndAmortization": 92000000,
    "ebitda": 254000000,
    "ebitdaratio": 0.1350345561,
    "operatingIncome": 162000000,
    "operatingIncomeRatio": 0.0861244019,
    "totalOtherIncomeExpensesNet": -35000000,
    "incomeBeforeTax": 127000000,
    "incomeBeforeTaxRatio": 0.067517278,
    "incomeTaxExpense": 39000000,
    "netIncome": 88000000,
    "netIncomeRatio": 0.0467836257,
    "eps": 0.31,
    "epsdiluted": 0.3,
    "weightedAverageShsOut": 288400000,
    "weightedAverageShsOutDil": 288400000,
    "link": null,
    "finalLink": null
  },
  {
    "date": "2002-03-31",
    "symbol": "ETN",
    "reportedCurrency": "USD",
    "cik": "0001551182",
    "fillingDate": "2002-03-31",
    "acceptedDate": "2002-03-31 00:00:00",
    "calendarYear": "2002",
    "period": "Q1",
    "revenue": 1723000000,
    "costOfRevenue": 1286000000,
    "grossProfit": 437000000,
    "grossProfitRatio": 0.2536273941,
    "researchAndDevelopmentExpenses": 55000000,
    "generalAndAdministrativeExpenses": 0,
    "sellingAndMarketingExpenses": 0,
    "sellingGeneralAndAdministrativeExpenses": 310000000,
    "otherExpenses": 0,
    "operatingExpenses": 365000000,
    "costAndExpenses": 1651000000,
    "interestIncome": 0,
    "interestExpense": 0,
    "depreciationAndAmortization": 95000000,
    "ebitda": 167000000,
    "ebitdaratio": 0.0969239698,
    "operatingIncome": 72000000,
    "operatingIncomeRatio": 0.0417875798,
    "totalOtherIncomeExpensesNet": -24000000,
    "incomeBeforeTax": 48000000,
    "incomeBeforeTaxRatio": 0.0278583865,
    "incomeTaxExpense": 15000000,
    "netIncome": 33000000,
    "netIncomeRatio": 0.0191526407,
    "eps": 0.12,
    "epsdiluted": 0.12,
    "weightedAverageShsOut": 280400000,
    "weightedAverageShsOutDil": 284800000,
    "link": null,
    "finalLink": null
  },
  {
    "date": "2001-12-31",
    "symbol": "ETN",
    "reportedCurrency": "USD",
    "cik": "0001551182",
    "fillingDate": "2001-12-31",
    "acceptedDate": "2001-12-31 00:00:00",
    "calendarYear": "2001",
    "period": "Q4",
    "revenue": 1695000000,
    "costOfRevenue": 1280000000,
    "grossProfit": 415000000,
    "grossProfitRatio": 0.2448377581,
    "researchAndDevelopmentExpenses": 51000000,
    "generalAndAdministrativeExpenses": 0,
    "sellingAndMarketingExpenses": 0,
    "sellingGeneralAndAdministrativeExpenses": 296000000,
    "otherExpenses": 0,
    "operatingExpenses": 347000000,
    "costAndExpenses": 1627000000,
    "interestIncome": 0,
    "interestExpense": 0,
    "depreciationAndAmortization": 110000000,
    "ebitda": 178000000,
    "ebitdaratio": 0.1050147493,
    "operatingIncome": 68000000,
    "operatingIncomeRatio": 0.0401179941,
    "totalOtherIncomeExpensesNet": -29000000,
    "incomeBeforeTax": 39000000,
    "incomeBeforeTaxRatio": 0.0230088496,
    "incomeTaxExpense": 9000000,
    "netIncome": 30000000,
    "netIncomeRatio": 0.017699115,
    "eps": 0.11,
    "epsdiluted": 0.11,
    "weightedAverageShsOut": 278400000,
    "weightedAverageShsOutDil": 278400000,
    "link": null,
    "finalLink": null
  },
  {
    "date": "2001-09-30",
    "symbol": "ETN",
    "reportedCurrency": "USD",
    "cik": "0001551182",
    "fillingDate": "2001-09-30",
    "acceptedDate": "2001-09-30 00:00:00",
    "calendarYear": "2001",
    "period": "Q3",
    "revenue": 1750000000,
    "costOfRevenue": 1326000000,
    "grossProfit": 424000000,
    "grossProfitRatio": 0.2422857143,
    "researchAndDevelopmentExpenses": 56000000,
    "generalAndAdministrativeExpenses": 0,
    "sellingAndMarketingExpenses": 0,
    "sellingGeneralAndAdministrativeExpenses": 300000000,
    "otherExpenses": 0,
    "operatingExpenses": 356000000,
    "costAndExpenses": 1682000000,
    "interestIncome": 0,
    "interestExpense": 0,
    "depreciationAndAmortization": 112000000,
    "ebitda": 180000000,
    "ebitdaratio": 0.1028571429,
    "operatingIncome": 68000000,
    "operatingIncomeRatio": 0.0388571429,
    "totalOtherIncomeExpensesNet": -7000000,
    "incomeBeforeTax": 61000000,
    "incomeBeforeTaxRatio": 0.0348571429,
    "incomeTaxExpense": 21000000,
    "netIncome": 40000000,
    "netIncomeRatio": 0.0228571429,
    "eps": 0.14,
    "epsdiluted": 0.14,
    "weightedAverageShsOut": 278400000,
    "weightedAverageShsOutDil": 283600000,
    "link": null,
    "finalLink": null
  },
  {
    "date": "2001-06-30",
    "symbol": "ETN",
    "reportedCurrency": "USD",
    "cik": "0001551182",
    "fillingDate": "2001-06-30",
    "acceptedDate": "2001-06-30 00:00:00",
    "calendarYear": "2001",
    "period": "Q2",
    "revenue": 1871000000,
    "costOfRevenue": 1311000000,
    "grossProfit": 560000000,
    "grossProfitRatio": 0.2993051844,
    "researchAndDevelopmentExpenses": 53000000,
    "generalAndAdministrativeExpenses": 0,
    "sellingAndMarketingExpenses": 0,
    "sellingGeneralAndAdministrativeExpenses": 303000000,
    "otherExpenses": 89000000,
    "operatingExpenses": 445000000,
    "costAndExpenses": 1756000000,
    "interestIncome": 0,
    "interestExpense": 0,
    "depreciationAndAmortization": 112000000,
    "ebitda": 227000000,
    "ebitdaratio": 0.1213254944,
    "operatingIncome": 115000000,
    "operatingIncomeRatio": 0.0614644575,
    "totalOtherIncomeExpensesNet": -41000000,
    "incomeBeforeTax": 74000000,
    "incomeBeforeTaxRatio": 0.0395510422,
    "incomeTaxExpense": 25000000,
    "netIncome": 49000000,
    "netIncomeRatio": 0.0261892036,
    "eps": 0.18,
    "epsdiluted": 0.17,
    "weightedAverageShsOut": 278000000,
    "weightedAverageShsOutDil": 282800000,
    "link": null,
    "finalLink": null
  },
  {
    "date": "2001-03-31",
    "symbol": "ETN",
    "reportedCurrency": "USD",
    "cik": "0001551182",
    "fillingDate": "2001-03-31",
    "acceptedDate": "2001-03-31 00:00:00",
    "calendarYear": "2001",
    "period": "Q1",
    "revenue": 1983000000,
    "costOfRevenue": 1407000000,
    "grossProfit": 576000000,
    "grossProfitRatio": 0.2904689864,
    "researchAndDevelopmentExpenses": 68000000,
    "generalAndAdministrativeExpenses": 0,
    "sellingAndMarketingExpenses": 0,
    "sellingGeneralAndAdministrativeExpenses": 321000000,
    "otherExpenses": 90000000,
    "operatingExpenses": 479000000,
    "costAndExpenses": 1886000000,
    "interestIncome": 0,
    "interestExpense": 0,
    "depreciationAndAmortization": 115000000,
    "ebitda": 212000000,
    "ebitdaratio": 0.1069087242,
    "operatingIncome": 97000000,
    "operatingIncomeRatio": 0.0489157842,
    "totalOtherIncomeExpensesNet": 7000000,
    "incomeBeforeTax": 104000000,
    "incomeBeforeTaxRatio": 0.0524457892,
    "incomeTaxExpense": 54000000,
    "netIncome": 50000000,
    "netIncomeRatio": 0.0252143217,
    "eps": 0.18,
    "epsdiluted": 0.18,
    "weightedAverageShsOut": 276000000,
    "weightedAverageShsOutDil": 280400000,
    "link": null,
    "finalLink": null
  },
  {
    "date": "2000-12-31",
    "symbol": "ETN",
    "reportedCurrency": "USD",
    "cik": "0001551182",
    "fillingDate": "2000-12-31",
    "acceptedDate": "2000-12-31 00:00:00",
    "calendarYear": "2000",
    "period": "Q4",
    "revenue": 1458000000,
    "costOfRevenue": 1064000000,
    "grossProfit": 394000000,
    "grossProfitRatio": 0.2702331962,
    "researchAndDevelopmentExpenses": 12000000,
    "generalAndAdministrativeExpenses": 0,
    "sellingAndMarketingExpenses": 0,
    "sellingGeneralAndAdministrativeExpenses": 244000000,
    "otherExpenses": 108000000,
    "operatingExpenses": 364000000,
    "costAndExpenses": 1428000000,
    "interestIncome": 0,
    "interestExpense": 0,
    "depreciationAndAmortization": 108000000,
    "ebitda": 138000000,
    "ebitdaratio": 0.0946502058,
    "operatingIncome": 30000000,
    "operatingIncomeRatio": 0.0205761317,
    "totalOtherIncomeExpensesNet": -37000000,
    "incomeBeforeTax": -7000000,
    "incomeBeforeTaxRatio": -0.0048010974,
    "incomeTaxExpense": -1000000,
    "netIncome": 84000000,
    "netIncomeRatio": 0.0576131687,
    "eps": 0.29,
    "epsdiluted": 0.29,
    "weightedAverageShsOut": 277600000,
    "weightedAverageShsOutDil": 288000000,
    "link": null,
    "finalLink": null
  },
  {
    "date": "2000-09-30",
    "symbol": "ETN",
    "reportedCurrency": "USD",
    "cik": "0001551182",
    "fillingDate": "2000-09-30",
    "acceptedDate": "2000-09-30 00:00:00",
    "calendarYear": "2000",
    "period": "Q3",
    "revenue": 2191000000,
    "costOfRevenue": 1473000000,
    "grossProfit": 718000000,
    "grossProfitRatio": 0.3277042446,
    "researchAndDevelopmentExpenses": 86000000,
    "generalAndAdministrativeExpenses": 0,
    "sellingAndMarketingExpenses": 0,
    "sellingGeneralAndAdministrativeExpenses": 337000000,
    "otherExpenses": 123000000,
    "operatingExpenses": 546000000,
    "costAndExpenses": 2019000000,
    "interestIncome": 0,
    "interestExpense": 0,
    "depreciationAndAmortization": 123000000,
    "ebitda": 255000000,
    "ebitdaratio": 0.1163852122,
    "operatingIncome": 172000000,
    "operatingIncomeRatio": 0.0785029667,
    "totalOtherIncomeExpensesNet": -3000000,
    "incomeBeforeTax": 140000000,
    "incomeBeforeTaxRatio": 0.0638977636,
    "incomeTaxExpense": 47000000,
    "netIncome": 93000000,
    "netIncomeRatio": 0.0424463715,
    "eps": 0.32,
    "epsdiluted": 0.32,
    "weightedAverageShsOut": 288000000,
    "weightedAverageShsOutDil": 291200000,
    "link": null,
    "finalLink": null
  },
  {
    "date": "2000-06-30",
    "symbol": "ETN",
    "reportedCurrency": "USD",
    "cik": "0001551182",
    "fillingDate": "2000-06-30",
    "acceptedDate": "2000-06-30 00:00:00",
    "calendarYear": "2000",
    "period": "Q2",
    "revenue": 2335000000,
    "costOfRevenue": 1547000000,
    "grossProfit": 788000000,
    "grossProfitRatio": 0.3374732334,
    "researchAndDevelopmentExpenses": 87000000,
    "generalAndAdministrativeExpenses": 0,
    "sellingAndMarketingExpenses": 0,
    "sellingGeneralAndAdministrativeExpenses": 356000000,
    "otherExpenses": 114000000,
    "operatingExpenses": 557000000,
    "costAndExpenses": 2104000000,
    "interestIncome": 0,
    "interestExpense": 0,
    "depreciationAndAmortization": 114000000,
    "ebitda": 311000000,
    "ebitdaratio": 0.1331905782,
    "operatingIncome": 231000000,
    "operatingIncomeRatio": 0.0989293362,
    "totalOtherIncomeExpensesNet": 17000000,
    "incomeBeforeTax": 218000000,
    "incomeBeforeTaxRatio": 0.0933618844,
    "incomeTaxExpense": 73000000,
    "netIncome": 145000000,
    "netIncomeRatio": 0.0620985011,
    "eps": 0.5,
    "epsdiluted": 0.49,
    "weightedAverageShsOut": 292800000,
    "weightedAverageShsOutDil": 296400000,
    "link": null,
    "finalLink": null
  },
  {
    "date": "2000-03-31",
    "symbol": "ETN",
    "reportedCurrency": "USD",
    "cik": "0001551182",
    "fillingDate": "2000-03-31",
    "acceptedDate": "2000-03-31 00:00:00",
    "calendarYear": "2000",
    "period": "Q1",
    "revenue": 2325000000,
    "costOfRevenue": 1546000000,
    "grossProfit": 779000000,
    "grossProfitRatio": 0.3350537634,
    "researchAndDevelopmentExpenses": 84000000,
    "generalAndAdministrativeExpenses": 0,
    "sellingAndMarketingExpenses": 0,
    "sellingGeneralAndAdministrativeExpenses": 362000000,
    "otherExpenses": 117000000,
    "operatingExpenses": 563000000,
    "costAndExpenses": 2109000000,
    "interestIncome": 0,
    "interestExpense": 0,
    "depreciationAndAmortization": 117000000,
    "ebitda": 312000000,
    "ebitdaratio": 0.1341935484,
    "operatingIncome": 216000000,
    "operatingIncomeRatio": 0.0929032258,
    "totalOtherIncomeExpensesNet": 6000000,
    "incomeBeforeTax": 201000000,
    "incomeBeforeTaxRatio": 0.0864516129,
    "incomeTaxExpense": 70000000,
    "netIncome": 131000000,
    "netIncomeRatio": 0.056344086,
    "eps": 0.45,
    "epsdiluted": 0.44,
    "weightedAverageShsOut": 291600000,
    "weightedAverageShsOutDil": 295200000,
    "link": null,
    "finalLink": null
  },
  {
    "date": "1999-12-31",
    "symbol": "ETN",
    "reportedCurrency": "USD",
    "cik": "0001551182",
    "fillingDate": "1999-12-31",
    "acceptedDate": "1999-12-31 00:00:00",
    "calendarYear": "1999",
    "period": "Q4",
    "revenue": 2214000000,
    "costOfRevenue": 1496000000,
    "grossProfit": 718000000,
    "grossProfitRatio": 0.3242999097,
    "researchAndDevelopmentExpenses": 84000000,
    "generalAndAdministrativeExpenses": 0,
    "sellingAndMarketingExpenses": 0,
    "sellingGeneralAndAdministrativeExpenses": 340000000,
    "otherExpenses": 118000000,
    "operatingExpenses": 542000000,
    "costAndExpenses": 2038000000,
    "interestIncome": 0,
    "interestExpense": 0,
    "depreciationAndAmortization": 118000000,
    "ebitda": 294000000,
    "ebitdaratio": 0.1327913279,
    "operatingIncome": 176000000,
    "operatingIncomeRatio": 0.0794941283,
    "totalOtherIncomeExpensesNet": 192000000,
    "incomeBeforeTax": 368000000,
    "incomeBeforeTaxRatio": 0.1662149955,
    "incomeTaxExpense": 144000000,
    "netIncome": 224000000,
    "netIncomeRatio": 0.1011743451,
    "eps": 0.77,
    "epsdiluted": 0.77,
    "weightedAverageShsOut": 292800000,
    "weightedAverageShsOutDil": 292800000,
    "link": null,
    "finalLink": null
  },
  {
    "date": "1999-09-30",
    "symbol": "ETN",
    "reportedCurrency": "USD",
    "cik": "0001551182",
    "fillingDate": "1999-09-30",
    "acceptedDate": "1999-09-30 00:00:00",
    "calendarYear": "1999",
    "period": "Q3",
    "revenue": 2227000000,
    "costOfRevenue": 1490000000,
    "grossProfit": 737000000,
    "grossProfitRatio": 0.3309384823,
    "researchAndDevelopmentExpenses": 82000000,
    "generalAndAdministrativeExpenses": 0,
    "sellingAndMarketingExpenses": 0,
    "sellingGeneralAndAdministrativeExpenses": 349000000,
    "otherExpenses": 122000000,
    "operatingExpenses": 553000000,
    "costAndExpenses": 2043000000,
    "interestIncome": 0,
    "interestExpense": 0,
    "depreciationAndAmortization": 122000000,
    "ebitda": 306000000,
    "ebitdaratio": 0.1374045802,
    "operatingIncome": 184000000,
    "operatingIncomeRatio": 0.0826223619,
    "totalOtherIncomeExpensesNet": 102000000,
    "incomeBeforeTax": 286000000,
    "incomeBeforeTaxRatio": 0.1284238886,
    "incomeTaxExpense": 102000000,
    "netIncome": 184000000,
    "netIncomeRatio": 0.0826223619,
    "eps": 0.63,
    "epsdiluted": 0.62,
    "weightedAverageShsOut": 292800000,
    "weightedAverageShsOutDil": 299600000,
    "link": null,
    "finalLink": null
  },
  {
    "date": "1999-06-30",
    "symbol": "ETN",
    "reportedCurrency": "USD",
    "cik": "0001551182",
    "fillingDate": "1999-06-30",
    "acceptedDate": "1999-06-30 00:00:00",
    "calendarYear": "1999",
    "period": "Q2",
    "revenue": 2300000000,
    "costOfRevenue": 1528000000,
    "grossProfit": 772000000,
    "grossProfitRatio": 0.3356521739,
    "researchAndDevelopmentExpenses": 77000000,
    "generalAndAdministrativeExpenses": 0,
    "sellingAndMarketingExpenses": 0,
    "sellingGeneralAndAdministrativeExpenses": 354000000,
    "otherExpenses": 115000000,
    "operatingExpenses": 546000000,
    "costAndExpenses": 2074000000,
    "interestIncome": 0,
    "interestExpense": 0,
    "depreciationAndAmortization": 115000000,
    "ebitda": 341000000,
    "ebitdaratio": 0.1482608696,
    "operatingIncome": 226000000,
    "operatingIncomeRatio": 0.0982608696,
    "totalOtherIncomeExpensesNet": -40000000,
    "incomeBeforeTax": 186000000,
    "incomeBeforeTaxRatio": 0.0808695652,
    "incomeTaxExpense": 61000000,
    "netIncome": 125000000,
    "netIncomeRatio": 0.0543478261,
    "eps": 0.44,
    "epsdiluted": 0.43,
    "weightedAverageShsOut": 286800000,
    "weightedAverageShsOutDil": 291200000,
    "link": null,
    "finalLink": null
  },
  {
    "date": "1999-03-31",
    "symbol": "ETN",
    "reportedCurrency": "USD",
    "cik": "0001551182",
    "fillingDate": "1999-03-31",
    "acceptedDate": "1999-03-31 00:00:00",
    "calendarYear": "1999",
    "period": "Q1",
    "revenue": 1661000000,
    "costOfRevenue": 1086000000,
    "grossProfit": 575000000,
    "grossProfitRatio": 0.3461770018,
    "researchAndDevelopmentExpenses": 71000000,
    "generalAndAdministrativeExpenses": 0,
    "sellingAndMarketingExpenses": 0,
    "sellingGeneralAndAdministrativeExpenses": 275000000,
    "otherExpenses": 86000000,
    "operatingExpenses": 432000000,
    "costAndExpenses": 1518000000,
    "interestIncome": 0,
    "interestExpense": 0,
    "depreciationAndAmortization": 86000000,
    "ebitda": 229000000,
    "ebitdaratio": 0.1378687538,
    "operatingIncome": 143000000,
    "operatingIncomeRatio": 0.0860927152,
    "totalOtherIncomeExpensesNet": -20000000,
    "incomeBeforeTax": 123000000,
    "incomeBeforeTaxRatio": 0.074051776,
    "incomeTaxExpense": 39000000,
    "netIncome": 84000000,
    "netIncomeRatio": 0.0505719446,
    "eps": 0.3,
    "epsdiluted": 0.29,
    "weightedAverageShsOut": 284800000,
    "weightedAverageShsOutDil": 288800000,
    "link": null,
    "finalLink": null
  },
  {
    "date": "1998-12-31",
    "symbol": "ETN",
    "reportedCurrency": "USD",
    "cik": "0001551182",
    "fillingDate": "1998-12-31",
    "acceptedDate": "1998-12-31 00:00:00",
    "calendarYear": "1998",
    "period": "Q4",
    "revenue": 1606000000,
    "costOfRevenue": 1074000000,
    "grossProfit": 532000000,
    "grossProfitRatio": 0.3312577833,
    "researchAndDevelopmentExpenses": 85000000,
    "generalAndAdministrativeExpenses": 0,
    "sellingAndMarketingExpenses": 0,
    "sellingGeneralAndAdministrativeExpenses": 276000000,
    "otherExpenses": 86000000,
    "operatingExpenses": 447000000,
    "costAndExpenses": 1521000000,
    "interestIncome": 0,
    "interestExpense": 0,
    "depreciationAndAmortization": 86000000,
    "ebitda": 171000000,
    "ebitdaratio": 0.1064757161,
    "operatingIncome": 85000000,
    "operatingIncomeRatio": 0.0529265255,
    "totalOtherIncomeExpensesNet": 5000000,
    "incomeBeforeTax": 90000000,
    "incomeBeforeTaxRatio": 0.0560398506,
    "incomeTaxExpense": 18000000,
    "netIncome": 72000000,
    "netIncomeRatio": 0.0448318804,
    "eps": 0.25,
    "epsdiluted": 0.25,
    "weightedAverageShsOut": 284400000,
    "weightedAverageShsOutDil": 284400000,
    "link": null,
    "finalLink": null
  },
  {
    "date": "1998-09-30",
    "symbol": "ETN",
    "reportedCurrency": "USD",
    "cik": "0001551182",
    "fillingDate": "1998-09-30",
    "acceptedDate": "1998-09-30 00:00:00",
    "calendarYear": "1998",
    "period": "Q3",
    "revenue": 1620000000,
    "costOfRevenue": 1110000000,
    "grossProfit": 510000000,
    "grossProfitRatio": 0.3148148148,
    "researchAndDevelopmentExpenses": 85000000,
    "generalAndAdministrativeExpenses": 0,
    "sellingAndMarketingExpenses": 0,
    "sellingGeneralAndAdministrativeExpenses": 247000000,
    "otherExpenses": 82000000,
    "operatingExpenses": 414000000,
    "costAndExpenses": 1524000000,
    "interestIncome": 0,
    "interestExpense": 0,
    "depreciationAndAmortization": 82000000,
    "ebitda": 178000000,
    "ebitdaratio": 0.1098765432,
    "operatingIncome": 96000000,
    "operatingIncomeRatio": 0.0592592593,
    "totalOtherIncomeExpensesNet": -17000000,
    "incomeBeforeTax": 79000000,
    "incomeBeforeTaxRatio": 0.0487654321,
    "incomeTaxExpense": 21000000,
    "netIncome": 58000000,
    "netIncomeRatio": 0.0358024691,
    "eps": 0.21,
    "epsdiluted": 0.2,
    "weightedAverageShsOut": 284400000,
    "weightedAverageShsOutDil": 289200000,
    "link": null,
    "finalLink": null
  },
  {
    "date": "1998-06-30",
    "symbol": "ETN",
    "reportedCurrency": "USD",
    "cik": "0001551182",
    "fillingDate": "1998-06-30",
    "acceptedDate": "1998-06-30 00:00:00",
    "calendarYear": "1998",
    "period": "Q2",
    "revenue": 1712000000,
    "costOfRevenue": 1118000000,
    "grossProfit": 594000000,
    "grossProfitRatio": 0.3469626168,
    "researchAndDevelopmentExpenses": 82000000,
    "generalAndAdministrativeExpenses": 0,
    "sellingAndMarketingExpenses": 0,
    "sellingGeneralAndAdministrativeExpenses": 264000000,
    "otherExpenses": 82000000,
    "operatingExpenses": 428000000,
    "costAndExpenses": 1546000000,
    "interestIncome": 0,
    "interestExpense": 0,
    "depreciationAndAmortization": 82000000,
    "ebitda": 248000000,
    "ebitdaratio": 0.1448598131,
    "operatingIncome": 166000000,
    "operatingIncomeRatio": 0.0969626168,
    "totalOtherIncomeExpensesNet": -5000000,
    "incomeBeforeTax": 161000000,
    "incomeBeforeTaxRatio": 0.0940420561,
    "incomeTaxExpense": 47000000,
    "netIncome": 114000000,
    "netIncomeRatio": 0.066588785,
    "eps": 0.4,
    "epsdiluted": 0.39,
    "weightedAverageShsOut": 285000000,
    "weightedAverageShsOutDil": 290445860,
    "link": null,
    "finalLink": null
  },
  {
    "date": "1998-03-31",
    "symbol": "ETN",
    "reportedCurrency": "USD",
    "cik": "0001551182",
    "fillingDate": "1998-03-31",
    "acceptedDate": "1998-03-31 00:00:00",
    "calendarYear": "1998",
    "period": "Q1",
    "revenue": 1687000000,
    "costOfRevenue": 1133000000,
    "grossProfit": 554000000,
    "grossProfitRatio": 0.3283935981,
    "researchAndDevelopmentExpenses": 82000000,
    "generalAndAdministrativeExpenses": 0,
    "sellingAndMarketingExpenses": 0,
    "sellingGeneralAndAdministrativeExpenses": 263000000,
    "otherExpenses": 81000000,
    "operatingExpenses": 426000000,
    "costAndExpenses": 1559000000,
    "interestIncome": 0,
    "interestExpense": 0,
    "depreciationAndAmortization": 81000000,
    "ebitda": 209000000,
    "ebitdaratio": 0.1238885596,
    "operatingIncome": 128000000,
    "operatingIncomeRatio": 0.0758743331,
    "totalOtherIncomeExpensesNet": 27000000,
    "incomeBeforeTax": 155000000,
    "incomeBeforeTaxRatio": 0.0918790753,
    "incomeTaxExpense": 50000000,
    "netIncome": 105000000,
    "netIncomeRatio": 0.0622406639,
    "eps": 0.36,
    "epsdiluted": 0.36,
    "weightedAverageShsOut": 288000000,
    "weightedAverageShsOutDil": 294800000,
    "link": null,
    "finalLink": null
  },
  {
    "date": "1997-12-31",
    "symbol": "ETN",
    "reportedCurrency": "USD",
    "cik": "0001551182",
    "fillingDate": "1997-12-31",
    "acceptedDate": "1997-12-31 00:00:00",
    "calendarYear": "1997",
    "period": "Q4",
    "revenue": 1934000000,
    "costOfRevenue": 1296000000,
    "grossProfit": 638000000,
    "grossProfitRatio": 0.3298862461,
    "researchAndDevelopmentExpenses": 84000000,
    "generalAndAdministrativeExpenses": 0,
    "sellingAndMarketingExpenses": 0,
    "sellingGeneralAndAdministrativeExpenses": 287000000,
    "otherExpenses": 92000000,
    "operatingExpenses": 463000000,
    "costAndExpenses": 1759000000,
    "interestIncome": 0,
    "interestExpense": 0,
    "depreciationAndAmortization": 92000000,
    "ebitda": 267000000,
    "ebitdaratio": 0.1380558428,
    "operatingIncome": 175000000,
    "operatingIncomeRatio": 0.0904860393,
    "totalOtherIncomeExpensesNet": 71000000,
    "incomeBeforeTax": 246000000,
    "incomeBeforeTaxRatio": 0.1271975181,
    "incomeTaxExpense": 63000000,
    "netIncome": 129000000,
    "netIncomeRatio": 0.0667011375,
    "eps": 0.42,
    "epsdiluted": 0.42,
    "weightedAverageShsOut": 304964384,
    "weightedAverageShsOutDil": 308400000,
    "link": null,
    "finalLink": null
  },
  {
    "date": "1997-09-30",
    "symbol": "ETN",
    "reportedCurrency": "USD",
    "cik": "0001551182",
    "fillingDate": "1997-09-30",
    "acceptedDate": "1997-09-30 00:00:00",
    "calendarYear": "1997",
    "period": "Q3",
    "revenue": 1931000000,
    "costOfRevenue": 1305000000,
    "grossProfit": 626000000,
    "grossProfitRatio": 0.3241843604,
    "researchAndDevelopmentExpenses": 81000000,
    "generalAndAdministrativeExpenses": 0,
    "sellingAndMarketingExpenses": 0,
    "sellingGeneralAndAdministrativeExpenses": 272000000,
    "otherExpenses": 85000000,
    "operatingExpenses": 438000000,
    "costAndExpenses": 1743000000,
    "interestIncome": 0,
    "interestExpense": 0,
    "depreciationAndAmortization": 85000000,
    "ebitda": 273000000,
    "ebitdaratio": 0.1413775246,
    "operatingIncome": 188000000,
    "operatingIncomeRatio": 0.0973588814,
    "totalOtherIncomeExpensesNet": -93000000,
    "incomeBeforeTax": 95000000,
    "incomeBeforeTaxRatio": 0.0491973071,
    "incomeTaxExpense": 41000000,
    "netIncome": 54000000,
    "netIncomeRatio": 0.0279647851,
    "eps": 0.18,
    "epsdiluted": 0.17,
    "weightedAverageShsOut": 308571429,
    "weightedAverageShsOutDil": 313043478,
    "link": null,
    "finalLink": null
  },
  {
    "date": "1997-06-30",
    "symbol": "ETN",
    "reportedCurrency": "USD",
    "cik": "0001551182",
    "fillingDate": "1997-06-30",
    "acceptedDate": "1997-06-30 00:00:00",
    "calendarYear": "1997",
    "period": "Q2",
    "revenue": 1909000000,
    "costOfRevenue": 1288000000,
    "grossProfit": 621000000,
    "grossProfitRatio": 0.3253012048,
    "researchAndDevelopmentExpenses": 79000000,
    "generalAndAdministrativeExpenses": 0,
    "sellingAndMarketingExpenses": 0,
    "sellingGeneralAndAdministrativeExpenses": 272000000,
    "otherExpenses": 83000000,
    "operatingExpenses": 434000000,
    "costAndExpenses": 1722000000,
    "interestIncome": 0,
    "interestExpense": 0,
    "depreciationAndAmortization": 83000000,
    "ebitda": 270000000,
    "ebitdaratio": 0.1414353064,
    "operatingIncome": 187000000,
    "operatingIncomeRatio": 0.0979570456,
    "totalOtherIncomeExpensesNet": -5000000,
    "incomeBeforeTax": 182000000,
    "incomeBeforeTaxRatio": 0.0953378732,
    "incomeTaxExpense": 56000000,
    "netIncome": 126000000,
    "netIncomeRatio": 0.066003143,
    "eps": 0.41,
    "epsdiluted": 0.4,
    "weightedAverageShsOut": 308400000,
    "weightedAverageShsOutDil": 313200000,
    "link": null,
    "finalLink": null
  },
  {
    "date": "1997-03-31",
    "symbol": "ETN",
    "reportedCurrency": "USD",
    "cik": "0001551182",
    "fillingDate": "1997-03-31",
    "acceptedDate": "1997-03-31 00:00:00",
    "calendarYear": "1997",
    "period": "Q1",
    "revenue": 1789000000,
    "costOfRevenue": 1225000000,
    "grossProfit": 564000000,
    "grossProfitRatio": 0.3152599217,
    "researchAndDevelopmentExpenses": 75000000,
    "generalAndAdministrativeExpenses": 0,
    "sellingAndMarketingExpenses": 0,
    "sellingGeneralAndAdministrativeExpenses": 257000000,
    "otherExpenses": 82000000,
    "operatingExpenses": 414000000,
    "costAndExpenses": 1639000000,
    "interestIncome": 0,
    "interestExpense": 0,
    "depreciationAndAmortization": 82000000,
    "ebitda": 232000000,
    "ebitdaratio": 0.1296813862,
    "operatingIncome": 150000000,
    "operatingIncomeRatio": 0.0838457239,
    "totalOtherIncomeExpensesNet": -5000000,
    "incomeBeforeTax": 145000000,
    "incomeBeforeTaxRatio": 0.0810508664,
    "incomeTaxExpense": 44000000,
    "netIncome": 101000000,
    "netIncomeRatio": 0.0564561207,
    "eps": 0.33,
    "epsdiluted": 0.32,
    "weightedAverageShsOut": 308400000,
    "weightedAverageShsOutDil": 312800000,
    "link": null,
    "finalLink": null
  },
  {
    "date": "1996-12-31",
    "symbol": "ETN",
    "reportedCurrency": "USD",
    "cik": "0001551182",
    "fillingDate": "1996-12-31",
    "acceptedDate": "1996-12-31 00:00:00",
    "calendarYear": "1996",
    "period": "Q4",
    "revenue": 1724000000,
    "costOfRevenue": 1216000000,
    "grossProfit": 508000000,
    "grossProfitRatio": 0.2946635731,
    "researchAndDevelopmentExpenses": 67000000,
    "generalAndAdministrativeExpenses": 0,
    "sellingAndMarketingExpenses": 0,
    "sellingGeneralAndAdministrativeExpenses": 267000000,
    "otherExpenses": 84000000,
    "operatingExpenses": 418000000,
    "costAndExpenses": 1634000000,
    "interestIncome": 0,
    "interestExpense": 0,
    "depreciationAndAmortization": 84000000,
    "ebitda": 174000000,
    "ebitdaratio": 0.1009280742,
    "operatingIncome": 90000000,
    "operatingIncomeRatio": 0.0522041763,
    "totalOtherIncomeExpensesNet": -10000000,
    "incomeBeforeTax": 80000000,
    "incomeBeforeTaxRatio": 0.0464037123,
    "incomeTaxExpense": 14000000,
    "netIncome": 66000000,
    "netIncomeRatio": 0.0382830626,
    "eps": 0.21,
    "epsdiluted": 0.21,
    "weightedAverageShsOut": 308400000,
    "weightedAverageShsOutDil": 309200000,
    "link": null,
    "finalLink": null
  },
  {
    "date": "1996-09-30",
    "symbol": "ETN",
    "reportedCurrency": "USD",
    "cik": "0001551182",
    "fillingDate": "1996-09-30",
    "acceptedDate": "1996-09-30 00:00:00",
    "calendarYear": "1996",
    "period": "Q3",
    "revenue": 1719000000,
    "costOfRevenue": 1199000000,
    "grossProfit": 520000000,
    "grossProfitRatio": 0.3025014543,
    "researchAndDevelopmentExpenses": 67000000,
    "generalAndAdministrativeExpenses": 0,
    "sellingAndMarketingExpenses": 0,
    "sellingGeneralAndAdministrativeExpenses": 244000000,
    "otherExpenses": 82000000,
    "operatingExpenses": 393000000,
    "costAndExpenses": 1592000000,
    "interestIncome": 0,
    "interestExpense": 0,
    "depreciationAndAmortization": 82000000,
    "ebitda": 209000000,
    "ebitdaratio": 0.1215823153,
    "operatingIncome": 127000000,
    "operatingIncomeRatio": 0.0738801629,
    "totalOtherIncomeExpensesNet": -12000000,
    "incomeBeforeTax": 115000000,
    "incomeBeforeTaxRatio": 0.0668993601,
    "incomeTaxExpense": 30000000,
    "netIncome": 85000000,
    "netIncomeRatio": 0.0494473531,
    "eps": 0.28,
    "epsdiluted": 0.27,
    "weightedAverageShsOut": 309200000,
    "weightedAverageShsOutDil": 309200000,
    "link": null,
    "finalLink": null
  },
  {
    "date": "1996-06-30",
    "symbol": "ETN",
    "reportedCurrency": "USD",
    "cik": "0001551182",
    "fillingDate": "1996-06-30",
    "acceptedDate": "1996-06-30 00:00:00",
    "calendarYear": "1996",
    "period": "Q2",
    "revenue": 1782000000,
    "costOfRevenue": 1227000000,
    "grossProfit": 555000000,
    "grossProfitRatio": 0.3114478114,
    "researchAndDevelopmentExpenses": 68000000,
    "generalAndAdministrativeExpenses": 0,
    "sellingAndMarketingExpenses": 0,
    "sellingGeneralAndAdministrativeExpenses": 245000000,
    "otherExpenses": 79000000,
    "operatingExpenses": 392000000,
    "costAndExpenses": 1619000000,
    "interestIncome": 0,
    "interestExpense": 0,
    "depreciationAndAmortization": 79000000,
    "ebitda": 242000000,
    "ebitdaratio": 0.1358024691,
    "operatingIncome": 163000000,
    "operatingIncomeRatio": 0.0914702581,
    "totalOtherIncomeExpensesNet": -14000000,
    "incomeBeforeTax": 149000000,
    "incomeBeforeTaxRatio": 0.0836139169,
    "incomeTaxExpense": 46000000,
    "netIncome": 103000000,
    "netIncomeRatio": 0.0578002245,
    "eps": 0.33,
    "epsdiluted": 0.33,
    "weightedAverageShsOut": 310800000,
    "weightedAverageShsOutDil": 310800000,
    "link": null,
    "finalLink": null
  },
  {
    "date": "1996-03-31",
    "symbol": "ETN",
    "reportedCurrency": "USD",
    "cik": "0001551182",
    "fillingDate": "1996-03-31",
    "acceptedDate": "1996-03-31 00:00:00",
    "calendarYear": "1996",
    "period": "Q1",
    "revenue": 1736000000,
    "costOfRevenue": 1203000000,
    "grossProfit": 533000000,
    "grossProfitRatio": 0.3070276498,
    "researchAndDevelopmentExpenses": 65000000,
    "generalAndAdministrativeExpenses": 0,
    "sellingAndMarketingExpenses": 0,
    "sellingGeneralAndAdministrativeExpenses": 239000000,
    "otherExpenses": 75000000,
    "operatingExpenses": 379000000,
    "costAndExpenses": 1582000000,
    "interestIncome": 0,
    "interestExpense": 0,
    "depreciationAndAmortization": 75000000,
    "ebitda": 229000000,
    "ebitdaratio": 0.1319124424,
    "operatingIncome": 154000000,
    "operatingIncomeRatio": 0.0887096774,
    "totalOtherIncomeExpensesNet": -13000000,
    "incomeBeforeTax": 141000000,
    "incomeBeforeTaxRatio": 0.0812211982,
    "incomeTaxExpense": 46000000,
    "netIncome": 95000000,
    "netIncomeRatio": 0.0547235023,
    "eps": 0.31,
    "epsdiluted": 0.31,
    "weightedAverageShsOut": 310800000,
    "weightedAverageShsOutDil": 310800000,
    "link": null,
    "finalLink": null
  },
  {
    "date": "1995-12-31",
    "symbol": "ETN",
    "reportedCurrency": "USD",
    "cik": "0001551182",
    "fillingDate": "1995-12-31",
    "acceptedDate": "1995-12-31 00:00:00",
    "calendarYear": "1995",
    "period": "Q4",
    "revenue": 1661000000,
    "costOfRevenue": 1157000000,
    "grossProfit": 504000000,
    "grossProfitRatio": 0.3034316677,
    "researchAndDevelopmentExpenses": 59000000,
    "generalAndAdministrativeExpenses": 0,
    "sellingAndMarketingExpenses": 0,
    "sellingGeneralAndAdministrativeExpenses": 231000000,
    "otherExpenses": 74000000,
    "operatingExpenses": 364000000,
    "costAndExpenses": 1521000000,
    "interestIncome": 0,
    "interestExpense": 0,
    "depreciationAndAmortization": 74000000,
    "ebitda": 214000000,
    "ebitdaratio": 0.1288380494,
    "operatingIncome": 140000000,
    "operatingIncomeRatio": 0.0842865744,
    "totalOtherIncomeExpensesNet": -13000000,
    "incomeBeforeTax": 127000000,
    "incomeBeforeTaxRatio": 0.0764599639,
    "incomeTaxExpense": 37000000,
    "netIncome": 90000000,
    "netIncomeRatio": 0.0541842264,
    "eps": 0.29,
    "epsdiluted": 0.29,
    "weightedAverageShsOut": 310800000,
    "weightedAverageShsOutDil": 310800000,
    "link": null,
    "finalLink": null
  },
  {
    "date": "1995-09-30",
    "symbol": "ETN",
    "reportedCurrency": "USD",
    "cik": "0001551182",
    "fillingDate": "1995-09-30",
    "acceptedDate": "1995-09-30 00:00:00",
    "calendarYear": "1995",
    "period": "Q3",
    "revenue": 1672000000,
    "costOfRevenue": 1173000000,
    "grossProfit": 499000000,
    "grossProfitRatio": 0.2984449761,
    "researchAndDevelopmentExpenses": 53000000,
    "generalAndAdministrativeExpenses": 0,
    "sellingAndMarketingExpenses": 0,
    "sellingGeneralAndAdministrativeExpenses": 226000000,
    "otherExpenses": 70000000,
    "operatingExpenses": 349000000,
    "costAndExpenses": 1522000000,
    "interestIncome": 0,
    "interestExpense": 0,
    "depreciationAndAmortization": 70000000,
    "ebitda": 220000000,
    "ebitdaratio": 0.1315789474,
    "operatingIncome": 150000000,
    "operatingIncomeRatio": 0.0897129187,
    "totalOtherIncomeExpensesNet": -12000000,
    "incomeBeforeTax": 138000000,
    "incomeBeforeTaxRatio": 0.0825358852,
    "incomeTaxExpense": 47000000,
    "netIncome": 91000000,
    "netIncomeRatio": 0.0544258373,
    "eps": 0.3,
    "epsdiluted": 0.3,
    "weightedAverageShsOut": 310800000,
    "weightedAverageShsOutDil": 310800000,
    "link": null,
    "finalLink": null
  }
]