[
  {
    "date": "2024-12-31",
    "symbol": "ETN",
    "reportedCurrency": "USD",
    "cik": "0001551182",
    "fillingDate": "2025-02-27",
    "acceptedDate": "2025-02-27 14:22:18",
    "calendarYear": "2024",
    "period": "FY",
    "revenue": 24878000000,
    "costOfRevenue": 15379000000,
    "grossProfit": 9499000000,
    "grossProfitRatio": 0.3818232977,
    "researchAndDevelopmentExpenses": 794000000,
    "generalAndAdministrativeExpenses": 0,
    "sellingAndMarketingExpenses": 0,
    "sellingGeneralAndAdministrativeExpenses": 3839000000,
    "otherExpenses": 0,
    "operatingExpenses": 4633000000,
    "costAndExpenses": 20012000000,
    "interestIncome": 0,
    "interestExpense": 144000000,
    "depreciationAndAmortization": 921000000,
    "ebitda": 5631000000,
    "ebitdaratio": 0.2263445615,
    "operatingIncome": 4866000000,
    "operatingIncomeRatio": 0.1955945012,
    "totalOtherIncomeExpensesNet": -300000000,
    "incomeBeforeTax": 4566000000,
    "incomeBeforeTaxRatio": 0.183535654,
    "incomeTaxExpense": 768000000,
    "netIncome": 3794000000,
    "netIncomeRatio": 0.1525042206,
    "eps": 9.54,
    "epsdiluted": 9.5,
    "weightedAverageShsOut": 397600000,
    "weightedAverageShsOutDil": 399400000,
    "link": "https://www.sec.gov/Archives/edgar/data/1551182/000155118225000006/0001551182-25-000006-index.htm",
    "finalLink": "https://www.sec.gov/Archives/edgar/data/1551182/000155118225000006/etn-20241231.htm"
  },
  {
    "date": "2023-12-31",
    "symbol": "ETN",
    "reportedCurrency": "USD",
    "cik": "0001551182",
    "fillingDate": "2024-02-29",
    "acceptedDate": "2024-02-29 14:35:53",
    "calendarYear": "2023",
    "period": "FY",
    "revenue": 23196000000,
    "costOfRevenue": 14763000000,
    "grossProfit": 8433000000,
    "grossProfitRatio": 0.363554061,
    "researchAndDevelopmentExpenses": 754000000,
    "generalAndAdministrativeExpenses": 0,
    "sellingAndMarketingExpenses": 0,
    "sellingGeneralAndAdministrativeExpenses": 3684000000,
    "otherExpenses": 0,
    "operatingExpenses": 4438000000,
    "costAndExpenses": 19201000000,
    "interestIncome": 0,
    "interestExpense": 208000000,
    "depreciationAndAmortization": 926000000,
    "ebitda": 4961000000,
    "ebitdaratio": 0.2138730816,
    "operatingIncome": 3995000000,
    "operatingIncomeRatio": 0.1722279703,
    "totalOtherIncomeExpensesNet": -168000000,
    "incomeBeforeTax": 3827000000,
    "incomeBeforeTaxRatio": 0.1649853423,
    "incomeTaxExpense": 604000000,
    "netIncome": 3218000000,
    "netIncomeRatio": 0.1387308157,
    "eps": 8.06,
    "epsdiluted": 8.02,
    "weightedAverageShsOut": 399100000,
    "weightedAverageShsOutDil": 401100000,
    "link": "https://www.sec.gov/Archives/edgar/data/1551182/000155118224000006/0001551182-24-000006-index.htm",
    "finalLink": "https://www.sec.gov/Archives/edgar/data/1551182/000155118224000006/etn-20231231.htm"
  },
  {
    "date": "2022-12-31",
    "symbol": "ETN",
    "reportedCurrency": "USD",
    "cik": "0001551182",
    "fillingDate": "2023-02-23",
    "acceptedDate": "2023-02-23 16:22:19",
    "calendarYear": "2022",
    "period": "FY",
    "revenue": 20752000000,
    "costOfRevenue": 13846000000,
    "grossProfit": 6906000000,
    "grossProfitRatio": 0.3327872012,
    "researchAndDevelopmentExpenses": 665000000,
    "generalAndAdministrativeExpenses": 0,
    "sellingAndMarketingExpenses": 0,
    "sellingGeneralAndAdministrativeExpenses": 3000000000,
    "otherExpenses": 0,
    "operatingExpenses": 3665000000,
    "costAndExpenses": 17511000000,
    "interestIncome": 0,
    "interestExpense": 88000000,
    "depreciationAndAmortization": 954000000,
    "ebitda": 3953000000,
    "ebitdaratio": 0.1904876638,
    "operatingIncome": 3241000000,
    "operatingIncomeRatio": 0.1561777178,
    "totalOtherIncomeExpensesNet": -330000000,
    "incomeBeforeTax": 2911000000,
    "incomeBeforeTaxRatio": 0.1402756361,
    "incomeTaxExpense": 445000000,
    "netIncome": 2462000000,
    "netIncomeRatio": 0.1186391673,
    "eps": 6.18,
    "epsdiluted": 6.14,
    "weightedAverageShsOut": 398700000,
    "weightedAverageShsOutDil": 400800000,
    "link": "https://www.sec.gov/Archives/edgar/data/1551182/000155118223000004/0001551182-23-000004-index.htm",
    "finalLink": "https://www.sec.gov/Archives/edgar/data/1551182/000155118223000004/etn-20221231.htm"
  },
  {
    "date": "2021-12-31",
    "symbol": "ETN",
    "reportedCurrency": "USD",
    "cik": "0001551182",
    "fillingDate": "2022-02-23",
    "acceptedDate": "2022-02-23 16:31:49",
    "calendarYear": "2021",
    "period": "FY",
    "revenue": 19628000000,
    "costOfRevenue": 13313000000,
    "grossProfit": 6315000000,
    "grossProfitRatio": 0.3217342572,
    "researchAndDevelopmentExpenses": 616000000,
    "generalAndAdministrativeExpenses": 0,
    "sellingAndMarketingExpenses": 0,
    "sellingGeneralAndAdministrativeExpenses": 2829000000,
    "otherExpenses": 0,
    "operatingExpenses": 3445000000,
    "costAndExpenses": 16758000000,
    "interestIncome": 0,
    "interestExpense": 144000000,
    "depreciationAndAmortization": 922000000,
    "ebitda": 3962000000,
    "ebitdaratio": 0.2018544936,
    "operatingIncome": 2870000000,
    "operatingIncomeRatio": 0.1462196862,
    "totalOtherIncomeExpensesNet": 26000000,
    "incomeBeforeTax": 2896000000,
    "incomeBeforeTaxRatio": 0.1475443244,
    "incomeTaxExpense": 750000000,
    "netIncome": 2144000000,
    "netIncomeRatio": 0.1092317098,
    "eps": 5.38,
    "epsdiluted": 5.34,
    "weightedAverageShsOut": 398700000,
    "weightedAverageShsOutDil": 401600000,
    "link": "https://www.sec.gov/Archives/edgar/data/1551182/000155118222000004/0001551182-22-000004-index.htm",
    "finalLink": "https://www.sec.gov/Archives/edgar/data/1551182/000155118222000004/etn-20211231.htm"
  },
  {
    "date": "2020-12-31",
    "symbol": "ETN",
    "reportedCurrency": "USD",
    "cik": "0001551182",
    "fillingDate": "2021-02-24",
    "acceptedDate": "2021-02-24 16:00:55",
    "calendarYear": "2020",
    "period": "FY",
    "revenue": 17858000000,
    "costOfRevenue": 12413000000,
    "grossProfit": 5445000000,
    "grossProfitRatio": 0.3049053645,
    "researchAndDevelopmentExpenses": 551000000,
    "generalAndAdministrativeExpenses": 0,
    "sellingAndMarketingExpenses": 0,
    "sellingGeneralAndAdministrativeExpenses": 2573000000,
    "otherExpenses": 0,
    "operatingExpenses": 3124000000,
    "costAndExpenses": 15537000000,
    "interestIncome": 0,
    "interestExpense": 221000000,
    "depreciationAndAmortization": 811000000,
    "ebitda": 2778000000,
    "ebitdaratio": 0.1555605331,
    "operatingIncome": 2321000000,
    "operatingIncomeRatio": 0.1299697615,
    "totalOtherIncomeExpensesNet": -575000000,
    "incomeBeforeTax": 1746000000,
    "incomeBeforeTaxRatio": 0.097771307,
    "incomeTaxExpense": 331000000,
    "netIncome": 1410000000,
    "netIncomeRatio": 0.0789562101,
    "eps": 3.51,
    "epsdiluted": 3.49,
    "weightedAverageShsOut": 402200000,
    "weightedAverageShsOutDil": 404000000,
    "link": "https://www.sec.gov/Archives/edgar/data/1551182/000155118221000022/0001551182-21-000022-index.htm",
    "finalLink": "https://www.sec.gov/Archives/edgar/data/1551182/000155118221000022/etn-20201231.htm"
  },
  {
    "date": "2019-12-31",
    "symbol": "ETN",
    "reportedCurrency": "USD",
    "cik": "0001551182",
    "fillingDate": "2020-02-26",
    "acceptedDate": "2020-02-26 13:07:06",
    "calendarYear": "2019",
    "period": "FY",
    "revenue": 21390000000,
    "costOfRevenue": 14338000000,
    "grossProfit": 7052000000,
    "grossProfitRatio": 0.3296867695,
    "researchAndDevelopmentExpenses": 606000000,
    "generalAndAdministrativeExpenses": 0,
    "sellingAndMarketingExpenses": 0,
    "sellingGeneralAndAdministrativeExpenses": 3385000000,
    "otherExpenses": 0,
    "operatingExpenses": 3991000000,
    "costAndExpenses": 18329000000,
    "interestIncome": 0,
    "interestExpense": 236000000,
    "depreciationAndAmortization": 884000000,
    "ebitda": 3711000000,
    "ebitdaratio": 0.1734922861,
    "operatingIncome": 3061000000,
    "operatingIncomeRatio": 0.1431042543,
    "totalOtherIncomeExpensesNet": -470000000,
    "incomeBeforeTax": 2591000000,
    "incomeBeforeTaxRatio": 0.1211313698,
    "incomeTaxExpense": 378000000,
    "netIncome": 2211000000,
    "netIncomeRatio": 0.1033660589,
    "eps": 5.28,
    "epsdiluted": 5.25,
    "weightedAverageShsOut": 419000000,
    "weightedAverageShsOutDil": 420800000,
    "link": "https://www.sec.gov/Archives/edgar/data/1551182/000155118220000050/0001551182-20-000050-index.htm",
    "finalLink": "https://www.sec.gov/Archives/edgar/data/1551182/000155118220000050/etn12312019form10-k.htm"
  },
  {
    "date": "2018-12-31",
    "symbol": "ETN",
    "reportedCurrency": "USD",
    "cik": "0001551182",
    "fillingDate": "2019-02-27",
    "acceptedDate": "2019-02-27 15:05:59",
    "calendarYear": "2018",
    "period": "FY",
    "revenue": 21609000000,
    "costOfRevenue": 14495000000,
    "grossProfit": 7114000000,
    "grossProfitRatio": 0.3292146791,
    "researchAndDevelopmentExpenses": 584000000,
    "generalAndAdministrativeExpenses": 0,
    "sellingAndMarketingExpenses": 0,
    "sellingGeneralAndAdministrativeExpenses": 3548000000,
    "otherExpenses": 0,
    "operatingExpenses": 4132000000,
    "costAndExpenses": 18627000000,
    "interestIncome": 0,
    "interestExpense": 271000000,
    "depreciationAndAmortization": 903000000,
    "ebitda": 3598000000,
    "ebitdaratio": 0.1665046971,
    "operatingIncome": 2982000000,
    "operatingIncomeRatio": 0.1379980564,
    "totalOtherIncomeExpensesNet": -558000000,
    "incomeBeforeTax": 2424000000,
    "incomeBeforeTaxRatio": 0.1121754824,
    "incomeTaxExpense": 278000000,
    "netIncome": 2145000000,
    "netIncomeRatio": 0.0992641955,
    "eps": 4.94,
    "epsdiluted": 4.91,
    "weightedAverageShsOut": 434300000,
    "weightedAverageShsOutDil": 436900000,
    "link": "https://www.sec.gov/Archives/edgar/data/1551182/000155118219000045/0001551182-19-000045-index.htm",
    "finalLink": "https://www.sec.gov/Archives/edgar/data/1551182/000155118219000045/etn12312018form10-k.htm"
  },
  {
    "date": "2017-12-31",
    "symbol": "ETN",
    "reportedCurrency": "USD",
    "cik": "0001551182",
    "fillingDate": "2018-02-28",
    "acceptedDate": "2018-02-28 12:45:42",
    "calendarYear": "2017",
    "period": "FY",
    "revenue": 20404000000,
    "costOfRevenue": 13739000000,
    "grossProfit": 6665000000,
    "grossProfitRatio": 0.3266516369,
    "researchAndDevelopmentExpenses": 584000000,
    "generalAndAdministrativeExpenses": 0,
    "sellingAndMarketingExpenses": 0,
    "sellingGeneralAndAdministrativeExpenses": 3406000000,
    "otherExpenses": 0,
    "operatingExpenses": 3990000000,
    "costAndExpenses": 17729000000,
    "interestIncome": 0,
    "interestExpense": 246000000,
    "depreciationAndAmortization": 914000000,
    "ebitda": 4528000000,
    "ebitdaratio": 0.2219172711,
    "operatingIncome": 2675000000,
    "operatingIncomeRatio": 0.1311017448,
    "totalOtherIncomeExpensesNet": 693000000,
    "incomeBeforeTax": 3368000000,
    "incomeBeforeTaxRatio": 0.1650656734,
    "incomeTaxExpense": 382000000,
    "netIncome": 2985000000,
    "netIncomeRatio": 0.1462948441,
    "eps": 6.71,
    "epsdiluted": 6.68,
    "weightedAverageShsOut": 444500000,
    "weightedAverageShsOutDil": 447000000,
    "link": "https://www.sec.gov/Archives/edgar/data/1551182/000155118218000074/0001551182-18-000074-index.htm",
    "finalLink": "https://www.sec.gov/Archives/edgar/data/1551182/000155118218000074/etn12312017form10-k.htm"
  },
  {
    "date": "2016-12-31",
    "symbol": "ETN",
    "reportedCurrency": "USD",
    "cik": "0001551182",
    "fillingDate": "2017-02-22",
    "acceptedDate": "2017-02-22 16:03:51",
    "calendarYear": "2016",
    "period": "FY",
    "revenue": 19747000000,
    "costOfRevenue": 13401000000,
    "grossProfit": 6346000000,
    "grossProfitRatio": 0.3213652707,
    "researchAndDevelopmentExpenses": 589000000,
    "generalAndAdministrativeExpenses": 0,
    "sellingAndMarketingExpenses": 0,
    "sellingGeneralAndAdministrativeExpenses": 3290000000,
    "otherExpenses": 0,
    "operatingExpenses": 3879000000,
    "costAndExpenses": 17280000000,
    "interestIncome": 0,
    "interestExpense": 233000000,
    "depreciationAndAmortization": 929000000,
    "ebitda": 3280000000,
    "ebitdaratio": 0.1661011799,
    "operatingIncome": 2467000000,
    "operatingIncomeRatio": 0.1249303692,
    "totalOtherIncomeExpensesNet": -349000000,
    "incomeBeforeTax": 2127000000,
    "incomeBeforeTaxRatio": 0.1077125639,
    "incomeTaxExpense": 202000000,
    "netIncome": 1922000000,
    "netIncomeRatio": 0.0973312402,
    "eps": 4.21,
    "epsdiluted": 4.2,
    "weightedAverageShsOut": 455000000,
    "weightedAverageShsOutDil": 456500000,
    "link": "https://www.sec.gov/Archives/edgar/data/1551182/000155118217000014/0001551182-17-000014-index.htm",
    "finalLink": "https://www.sec.gov/Archives/edgar/data/1551182/000155118217000014/etn12312016form10-k.htm"
  },
  {
    "date": "2015-12-31",
    "symbol": "ETN",
    "reportedCurrency": "USD",
    "cik": "0001551182",
    "fillingDate": "2016-02-24",
    "acceptedDate": "2016-02-24 15:56:29",
    "calendarYear": "2015",
    "period": "FY",
    "revenue": 20855000000,
    "costOfRevenue": 14308000000,
    "grossProfit": 6547000000,
    "grossProfitRatio": 0.3139295133,
    "researchAndDevelopmentExpenses": 625000000,
    "generalAndAdministrativeExpenses": 0,
    "sellingAndMarketingExpenses": 0,
    "sellingGeneralAndAdministrativeExpenses": 3420000000,
    "otherExpenses": 0,
    "operatingExpenses": 4045000000,
    "costAndExpenses": 18353000000,
    "interestIncome": 0,
    "interestExpense": 232000000,
    "depreciationAndAmortization": 925000000,
    "ebitda": 3302000000,
    "ebitdaratio": 0.1583313354,
    "operatingIncome": 2502000000,
    "operatingIncomeRatio": 0.1199712299,
    "totalOtherIncomeExpensesNet": -357000000,
    "incomeBeforeTax": 2145000000,
    "incomeBeforeTaxRatio": 0.1028530328,
    "incomeTaxExpense": 164000000,
    "netIncome": 1979000000,
    "netIncomeRatio": 0.094893311,
    "eps": 4.23,
    "epsdiluted": 4.22,
    "weightedAverageShsOut": 465500000,
    "weightedAverageShsOutDil": 467100000,
    "link": "https://www.sec.gov/Archives/edgar/data/1551182/000155118216000041/0001551182-16-000041-index.htm",
    "finalLink": "https://www.sec.gov/Archives/edgar/data/1551182/000155118216000041/etn12312015form10-k.htm"
  },
  {
    "date": "2014-12-31",
    "symbol": "ETN",
    "reportedCurrency": "USD",
    "cik": "0001551182",
    "fillingDate": "2015-02-26",
    "acceptedDate": "2015-02-26 11:45:24",
    "calendarYear": "2014",
    "period": "FY",
    "revenue": 22552000000,
    "costOfRevenue": 15652000000,
    "grossProfit": 6900000000,
    "grossProfitRatio": 0.3059595601,
    "researchAndDevelopmentExpenses": 647000000,
    "generalAndAdministrativeExpenses": 0,
    "sellingAndMarketingExpenses": 0,
    "sellingGeneralAndAdministrativeExpenses": 3656000000,
    "otherExpenses": 0,
    "operatingExpenses": 4303000000,
    "costAndExpenses": 19955000000,
    "interestIncome": 0,
    "interestExpense": 226000000,
    "depreciationAndAmortization": 983000000,
    "ebitda": 2970000000,
    "ebitdaratio": 0.1316956368,
    "operatingIncome": 2597000000,
    "operatingIncomeRatio": 0.1151560837,
    "totalOtherIncomeExpensesNet": -836000000,
    "incomeBeforeTax": 1761000000,
    "incomeBeforeTaxRatio": 0.0780862008,
    "incomeTaxExpense": -42000000,
    "netIncome": 1793000000,
    "netIncomeRatio": 0.0795051437,
    "eps": 3.78,
    "epsdiluted": 3.76,
    "weightedAverageShsOut": 474100000,
    "weightedAverageShsOutDil": 476800000,
    "link": "https://www.sec.gov/Archives/edgar/data/1551182/000155118215000007/0001551182-15-000007-index.htm",
    "finalLink": "https://www.sec.gov/Archives/edgar/data/1551182/000155118215000007/etn12312014form10-k.htm"
  },
  {
    "date": "2013-12-31",
    "symbol": "ETN",
    "reportedCurrency": "USD",
    "cik": "0001551182",
    "fillingDate": "2014-02-26",
    "acceptedDate": "2014-02-26 15:39:33",
    "calendarYear": "2013",
    "period": "FY",
    "revenue": 22046000000,
    "costOfRevenue": 15370000000,
    "grossProfit": 6676000000,
    "grossProfitRatio": 0.3028213735,
    "researchAndDevelopmentExpenses": 644000000,
    "generalAndAdministrativeExpenses": 0,
    "sellingAndMarketingExpenses": 0,
    "sellingGeneralAndAdministrativeExpenses": 3723000000,
    "otherExpenses": 0,
    "operatingExpenses": 4367000000,
    "costAndExpenses": 19737000000,
    "interestIncome": 0,
    "interestExpense": 270000000,
    "depreciationAndAmortization": 997000000,
    "ebitda": 3151000000,
    "ebitdaratio": 0.1429284224,
    "operatingIncome": 2309000000,
    "operatingIncomeRatio": 0.1047355529,
    "totalOtherIncomeExpensesNet": -425000000,
    "incomeBeforeTax": 1884000000,
    "incomeBeforeTaxRatio": 0.0854576794,
    "incomeTaxExpense": 11000000,
    "netIncome": 1861000000,
    "netIncomeRatio": 0.0844144062,
    "eps": 3.93,
    "epsdiluted": 3.9,
    "weightedAverageShsOut": 473500000,
    "weightedAverageShsOutDil": 476700000,
    "link": "https://www.sec.gov/Archives/edgar/data/1551182/000155118214000011/0001551182-14-000011-index.htm",
    "finalLink": "https://www.sec.gov/Archives/edgar/data/1551182/000155118214000011/etn12312013form10-k.htm"
  },
  {
    "date": "2012-12-31",
    "symbol": "ETN",
    "reportedCurrency": "USD",
    "cik": "0001551182",
    "fillingDate": "2013-02-28",
    "acceptedDate": "2013-02-28 15:16:14",
    "calendarYear": "2012",
    "period": "FY",
    "revenue": 16311000000,
    "costOfRevenue": 11441000000,
    "grossProfit": 4870000000,
    "grossProfitRatio": 0.2985715162,
    "researchAndDevelopmentExpenses": 439000000,
    "generalAndAdministrativeExpenses": 0,
    "sellingAndMarketingExpenses": 0,
    "sellingGeneralAndAdministrativeExpenses": 2672000000,
    "otherExpenses": 0,
    "operatingExpenses": 3111000000,
    "costAndExpenses": 14552000000,
    "interestIncome": 0,
    "interestExpense": 208000000,
    "depreciationAndAmortization": 598000000,
    "ebitda": 2057000000,
    "ebitdaratio": 0.1261112133,
    "operatingIncome": 1759000000,
    "operatingIncomeRatio": 0.1078413341,
    "totalOtherIncomeExpensesNet": -508000000,
    "incomeBeforeTax": 1251000000,
    "incomeBeforeTaxRatio": 0.0766967077,
    "incomeTaxExpense": 31000000,
    "netIncome": 1217000000,
    "netIncomeRatio": 0.0746122249,
    "eps": 3.54,
    "epsdiluted": 3.46,
    "weightedAverageShsOut": 347800000,
    "weightedAverageShsOutDil": 350900000,
    "link": "https://www.sec.gov/Archives/edgar/data/1551182/000155118213000005/0001551182-13-000005-index.htm",
    "finalLink": "https://www.sec.gov/Archives/edgar/data/1551182/000155118213000005/etn1231201210-k.htm"
  },
  {
    "date": "2011-12-31",
    "symbol": "ETN",
    "reportedCurrency": "USD",
    "cik": "0001551182",
    "fillingDate": "2011-12-31",
    "acceptedDate": "2011-12-30 19:00:00",
    "calendarYear": "2011",
    "period": "FY",
    "revenue": 16049000000,
    "costOfRevenue": 11261000000,
    "grossProfit": 4788000000,
    "grossProfitRatio": 0.2983363449,
    "researchAndDevelopmentExpenses": 417000000,
    "generalAndAdministrativeExpenses": 0,
    "sellingAndMarketingExpenses": 0,
    "sellingGeneralAndAdministrativeExpenses": 2724000000,
    "otherExpenses": 0,
    "operatingExpenses": 3141000000,
    "costAndExpenses": 14402000000,
    "interestIncome": 0,
    "interestExpense": 118000000,
    "depreciationAndAmortization": 556000000,
    "ebitda": 2227000000,
    "ebitdaratio": 0.1387625397,
    "operatingIncome": 1647000000,
    "operatingIncomeRatio": 0.1026232164,
    "totalOtherIncomeExpensesNet": -94000000,
    "incomeBeforeTax": 1553000000,
    "incomeBeforeTaxRatio": 0.0967661537,
    "incomeTaxExpense": 201000000,
    "netIncome": 1350000000,
    "netIncomeRatio": 0.0841173905,
    "eps": 3.98,
    "epsdiluted": 3.93,
    "weightedAverageShsOut": 338300000,
    "weightedAverageShsOutDil": 342800000,
    "link": "",
    "finalLink": ""
  },
  {
    "date": "2010-12-31",
    "symbol": "ETN",
    "reportedCurrency": "USD",
    "cik": "0001551182",
    "fillingDate": "2010-12-31",
    "acceptedDate": "2010-12-30 19:00:00",
    "calendarYear": "2010",
    "period": "FY",
    "revenue": 13715000000,
    "costOfRevenue": 9639000000,
    "grossProfit": 4076000000,
    "grossProfitRatio": 0.2971928545,
    "researchAndDevelopmentExpenses": 425000000,
    "generalAndAdministrativeExpenses": 0,
    "sellingAndMarketingExpenses": 0,
    "sellingGeneralAndAdministrativeExpenses": 2446000000,
    "otherExpenses": 0,
    "operatingExpenses": 2871000000,
    "costAndExpenses": 12510000000,
    "interestIncome": 0,
    "interestExpense": 136000000,
    "depreciationAndAmortization": 551000000,
    "ebitda": 1723000000,
    "ebitdaratio": 0.1256288735,
    "operatingIncome": 1205000000,
    "operatingIncomeRatio": 0.0878600073,
    "totalOtherIncomeExpensesNet": -169000000,
    "incomeBeforeTax": 1036000000,
    "incomeBeforeTaxRatio": 0.0755377324,
    "incomeTaxExpense": 99000000,
    "netIncome": 929000000,
    "netIncomeRatio": 0.0677360554,
    "eps": 2.76,
    "epsdiluted": 2.73,
    "weightedAverageShsOut": 335500000,
    "weightedAverageShsOutDil": 339500000,
    "link": "",
    "finalLink": ""
  },
  {
    "date": "2009-12-31",
    "symbol": "ETN",
    "reportedCurrency": "USD",
    "cik": "0001551182",
    "fillingDate": "2009-12-31",
    "acceptedDate": "2009-12-30 19:00:00",
    "calendarYear": "2009",
    "period": "FY",
    "revenue": 11873000000,
    "costOfRevenue": 8760000000,
    "grossProfit": 3113000000,
    "grossProfitRatio": 0.262191527,
    "researchAndDevelopmentExpenses": 395000000,
    "generalAndAdministrativeExpenses": 0,
    "sellingAndMarketingExpenses": 0,
    "sellingGeneralAndAdministrativeExpenses": 2170000000,
    "otherExpenses": 0,
    "operatingExpenses": 2565000000,
    "costAndExpenses": 11325000000,
    "interestIncome": 0,
    "interestExpense": 150000000,
    "depreciationAndAmortization": 573000000,
    "ebitda": 1026000000,
    "ebitdaratio": 0.086414554,
    "operatingIncome": 548000000,
    "operatingIncomeRatio": 0.0461551419,
    "totalOtherIncomeExpensesNet": -245000000,
    "incomeBeforeTax": 303000000,
    "incomeBeforeTaxRatio": 0.0255200876,
    "incomeTaxExpense": -82000000,
    "netIncome": 383000000,
    "netIncomeRatio": 0.0322580645,
    "eps": 1.16,
    "epsdiluted": 1.14,
    "weightedAverageShsOut": 332700000,
    "weightedAverageShsOutDil": 335800000,
    "link": "",
    "finalLink": ""
  },
  {
    "date": "2008-12-31",
    "symbol": "ETN",
    "reportedCurrency": "USD",
    "cik": "0001551182",
    "fillingDate": "2008-12-31",
    "acceptedDate": "2008-12-30 19:00:00",
    "calendarYear": "2008",
    "period": "FY",
    "revenue": 15376000000,
    "costOfRevenue": 11191000000,
    "grossProfit": 4185000000,
    "grossProfitRatio": 0.2721774194,
    "researchAndDevelopmentExpenses": 417000000,
    "generalAndAdministrativeExpenses": 0,
    "sellingAndMarketingExpenses": 0,
    "sellingGeneralAndAdministrativeExpenses": 2409000000,
    "otherExpenses": 0,
    "operatingExpenses": 2826000000,
    "costAndExpenses": 14017000000,
    "interestIncome": 0,
    "interestExpense": 157000000,
    "depreciationAndAmortization": 592000000,
    "ebitda": 1877000000,
    "ebitdaratio": 0.1220733611,
    "operatingIncome": 1359000000,
    "operatingIncomeRatio": 0.0883844953,
    "totalOtherIncomeExpensesNet": -231000000,
    "incomeBeforeTax": 1128000000,
    "incomeBeforeTaxRatio": 0.0733610822,
    "incomeTaxExpense": 73000000,
    "netIncome": 1058000000,
    "netIncomeRatio": 0.0688085328,
    "eps": 3.3,
    "epsdiluted": 3.26,
    "weightedAverageShsOut": 320400000,
    "weightedAverageShsOutDil": 324600000,
    "link": "",
    "finalLink": ""
  },
  {
    "date": "2007-12-31",
    "symbol": "ETN",
    "reportedCurrency": "USD",
    "cik": "0001551182",
    "fillingDate": "2007-12-31",
    "acceptedDate": "2007-12-30 19:00:00",
    "calendarYear": "2007",
    "period": "FY",
    "revenue": 13033000000,
    "costOfRevenue": 9382000000,
    "grossProfit": 3651000000,
    "grossProfitRatio": 0.2801350418,
    "researchAndDevelopmentExpenses": 335000000,
    "generalAndAdministrativeExpenses": 0,
    "sellingAndMarketingExpenses": 0,
    "sellingGeneralAndAdministrativeExpenses": 2073000000,
    "otherExpenses": 0,
    "operatingExpenses": 2408000000,
    "costAndExpenses": 11790000000,
    "interestIncome": 0,
    "interestExpense": 147000000,
    "depreciationAndAmortization": 469000000,
    "ebitda": 1657000000,
    "ebitdaratio": 0.1271388015,
    "operatingIncome": 1243000000,
    "operatingIncomeRatio": 0.0953732832,
    "totalOtherIncomeExpensesNet": -202000000,
    "incomeBeforeTax": 1041000000,
    "incomeBeforeTaxRatio": 0.0798741656,
    "incomeTaxExpense": 82000000,
    "netIncome": 994000000,
    "netIncomeRatio": 0.0762679352,
    "eps": 3.38,
    "epsdiluted": 3.31,
    "weightedAverageShsOut": 294600000,
    "weightedAverageShsOutDil": 300600000,
    "link": "",
    "finalLink": ""
  },
  {
    "date": "2006-12-31",
    "symbol": "ETN",
    "reportedCurrency": "USD",
    "cik": "0001551182",
    "fillingDate": "2006-12-31",
    "acceptedDate": "2006-12-30 19:00:00",
    "calendarYear": "2006",
    "period": "FY",
    "revenue": 12370000000,
    "costOfRevenue": 9050000000,
    "grossProfit": 3320000000,
    "grossProfitRatio": 0.2683912692,
    "researchAndDevelopmentExpenses": 321000000,
    "generalAndAdministrativeExpenses": 0,
    "sellingAndMarketingExpenses": 0,
    "sellingGeneralAndAdministrativeExpenses": 1800000000,
    "otherExpenses": 0,
    "operatingExpenses": 2121000000,
    "costAndExpenses": 11171000000,
    "interestIncome": 0,
    "interestExpense": 104000000,
    "depreciationAndAmortization": 434000000,
    "ebitda": 1527000000,
    "ebitdaratio": 0.1234438157,
    "operatingIncome": 1199000000,
    "operatingIncomeRatio": 0.0969280517,
    "totalOtherIncomeExpensesNet": -210000000,
    "incomeBeforeTax": 989000000,
    "incomeBeforeTaxRatio": 0.0799514956,
    "incomeTaxExpense": 77000000,
    "netIncome": 950000000,
    "netIncomeRatio": 0.0767987065,
    "eps": 3.16,
    "epsdiluted": 3.11,
    "weightedAverageShsOut": 300400000,
    "weightedAverageShsOutDil": 305800000,
    "link": "",
    "finalLink": ""
  },
  {
    "date": "2005-12-31",
    "symbol": "ETN",
    "reportedCurrency": "USD",
    "cik": "0001551182",
    "fillingDate": "2005-12-31",
    "acceptedDate": "2005-12-30 19:00:00",
    "calendarYear": "2005",
    "period": "FY",
    "revenue": 11019000000,
    "costOfRevenue": 7936000000,
    "grossProfit": 3083000000,
    "grossProfitRatio": 0.2797894546,
    "researchAndDevelopmentExpenses": 287000000,
    "generalAndAdministrativeExpenses": 0,
    "sellingAndMarketingExpenses": 0,
    "sellingGeneralAndAdministrativeExpenses": 1753000000,
    "otherExpenses": 0,
    "operatingExpenses": 2038000000,
    "costAndExpenses": 9974000000,
    "interestIncome": 0,
    "interestExpense": 90000000,
    "depreciationAndAmortization": 409000000,
    "ebitda": 1451000000,
    "ebitdaratio": 0.1316816408,
    "operatingIncome": 1045000000,
    "operatingIncomeRatio": 0.094836192,
    "totalOtherIncomeExpensesNet": -57000000,
    "incomeBeforeTax": 996000000,
    "incomeBeforeTaxRatio": 0.0903893275,
    "incomeTaxExpense": 191000000,
    "netIncome": 805000000,
    "netIncomeRatio": 0.0730556312,
    "eps": 2.68,
    "epsdiluted": 2.62,
    "weightedAverageShsOut": 300400000,
    "weightedAverageShsOutDil": 308000000,
    "link": "",
    "finalLink": ""
  },
  {
    "date": "2004-12-31",
    "symbol": "ETN",
    "reportedCurrency": "USD",
    "cik": "0001551182",
    "fillingDate": "2004-12-31",
    "acceptedDate": "2004-12-30 19:00:00",
    "calendarYear": "2004",
    "period": "FY",
    "revenue": 9817000000,
    "costOfRevenue": 7041000000,
    "grossProfit": 2776000000,
    "grossProfitRatio": 0.2827747784,
    "researchAndDevelopmentExpenses": 261000000,
    "generalAndAdministrativeExpenses": 0,
    "sellingAndMarketingExpenses": 0,
    "sellingGeneralAndAdministrativeExpenses": 1587000000,
    "otherExpenses": 0,
    "operatingExpenses": 1848000000,
    "costAndExpenses": 8889000000,
    "interestIncome": 0,
    "interestExpense": 78000000,
    "depreciationAndAmortization": 400000000,
    "ebitda": 1259000000,
    "ebitdaratio": 0.1282469186,
    "operatingIncome": 928000000,
    "operatingIncomeRatio": 0.0945298971,
    "totalOtherIncomeExpensesNet": -147000000,
    "incomeBeforeTax": 781000000,
    "incomeBeforeTaxRatio": 0.0795558725,
    "incomeTaxExpense": 133000000,
    "netIncome": 648000000,
    "netIncomeRatio": 0.0660079454,
    "eps": 2.12,
    "epsdiluted": 2.07,
    "weightedAverageShsOut": 306200000,
    "weightedAverageShsOutDil": 314200000,
    "link": "",
    "finalLink": ""
  },
  {
    "date": "2003-12-31",
    "symbol": "ETN",
    "reportedCurrency": "USD",
    "cik": "0001551182",
    "fillingDate": "2003-12-31",
    "acceptedDate": "2003-12-30 19:00:00",
    "calendarYear": "2003",
    "period": "FY",
    "revenue": 8061000000,
    "costOfRevenue": 5897000000,
    "grossProfit": 2164000000,
    "grossProfitRatio": 0.2684530455,
    "researchAndDevelopmentExpenses": 223000000,
    "generalAndAdministrativeExpenses": 0,
    "sellingAndMarketingExpenses": 0,
    "sellingGeneralAndAdministrativeExpenses": 1351000000,
    "otherExpenses": 0,
    "operatingExpenses": 1574000000,
    "costAndExpenses": 7471000000,
    "interestIncome": 0,
    "interestExpense": 0,
    "depreciationAndAmortization": 394000000,
    "ebitda": 984000000,
    "ebitdaratio": 0.1220692222,
    "operatingIncome": 590000000,
    "operatingIncomeRatio": 0.0731919117,
    "totalOtherIncomeExpensesNet": -82000000,
    "incomeBeforeTax": 508000000,
    "incomeBeforeTaxRatio": 0.0630194765,
    "incomeTaxExpense": 122000000,
    "netIncome": 386000000,
    "netIncomeRatio": 0.0478848778,
    "eps": 1.31,
    "epsdiluted": 1.28,
    "weightedAverageShsOut": 295800000,
    "weightedAverageShsOutDil": 301000000,
    "link": "",
    "finalLink": ""
  },
  {
    "date": "2002-12-31",
    "symbol": "ETN",
    "reportedCurrency": "USD",
    "cik": "0001551182",
    "fillingDate": "2002-12-31",
    "acceptedDate": "2002-12-30 19:00:00",
    "calendarYear": "2002",
    "period": "FY",
    "revenue": 7209000000,
    "costOfRevenue": 5272000000,
    "grossProfit": 1937000000,
    "grossProfitRatio": 0.2686919129,
    "researchAndDevelopmentExpenses": 203000000,
    "generalAndAdministrativeExpenses": 0,
    "sellingAndMarketingExpenses": 0,
    "sellingGeneralAndAdministrativeExpenses": 1217000000,
    "otherExpenses": 0,
    "operatingExpenses": 1420000000,
    "costAndExpenses": 6692000000,
    "interestIncome": 0,
    "interestExpense": 0,
    "depreciationAndAmortization": 376000000,
    "ebitda": 893000000,
    "ebitdaratio": 0.1238729366,
    "operatingIncome": 517000000,
    "operatingIncomeRatio": 0.0717159107,
    "totalOtherIncomeExpensesNet": -118000000,
    "incomeBeforeTax": 399000000,
    "incomeBeforeTaxRatio": 0.0553474823,
    "incomeTaxExpense": 118000000,
    "netIncome": 281000000,
    "netIncomeRatio": 0.038979054,
    "eps": 1,
    "epsdiluted": 0.98,
    "weightedAverageShsOut": 286800000,
    "weightedAverageShsOutDil": 286800000,
    "link": "",
    "finalLink": ""
  },
  {
    "date": "2001-12-31",
    "symbol": "ETN",
    "reportedCurrency": "USD",
    "cik": "0001551182",
    "fillingDate": "2001-12-31",
    "acceptedDate": "2001-12-31 00:00:00",
    "calendarYear": "2001",
    "period": "FY",
    "revenue": 7299000000,
    "costOfRevenue": 5503000000,
    "grossProfit": 1796000000,
    "grossProfitRatio": 0.2460611043,
    "researchAndDevelopmentExpenses": 228000000,
    "generalAndAdministrativeExpenses": 0,
    "sellingAndMarketingExpenses": 0,
    "sellingGeneralAndAdministrativeExpenses": 1220000000,
    "otherExpenses": 0,
    "operatingExpenses": 1448000000,
    "costAndExpenses": 6951000000,
    "interestIncome": 0,
    "interestExpense": 0,
    "depreciationAndAmortization": 449000000,
    "ebitda": 797000000,
    "ebitdaratio": 0.1091930401,
    "operatingIncome": 348000000,
    "operatingIncomeRatio": 0.0476777641,
    "totalOtherIncomeExpensesNet": -70000000,
    "incomeBeforeTax": 278000000,
    "incomeBeforeTaxRatio": 0.0380874092,
    "incomeTaxExpense": 109000000,
    "netIncome": 169000000,
    "netIncomeRatio": 0.0231538567,
    "eps": 0.61,
    "epsdiluted": 0.6,
    "weightedAverageShsOut": 277600000,
    "weightedAverageShsOutDil": 282000000,
    "link": null,
    "finalLink": null
  },
  {
    "date": "2000-12-31",
    "symbol": "ETN",
    "reportedCurrency": "USD",
    "cik": "0001551182",
    "fillingDate": "2000-12-31",
    "acceptedDate": "2000-12-31 00:00:00",
    "calendarYear": "2000",
    "period": "FY",
    "revenue": 8309000000,
    "costOfRevenue": 5630000000,
    "grossProfit": 2679000000,
    "grossProfitRatio": 0.3224214707,
    "researchAndDevelopmentExpenses": 269000000,
    "generalAndAdministrativeExpenses": 0,
    "sellingAndMarketingExpenses": 0,
    "sellingGeneralAndAdministrativeExpenses": 1299000000,
    "otherExpenses": 462000000,
    "operatingExpenses": 2030000000,
    "costAndExpenses": 7660000000,
    "interestIncome": 0,
    "interestExpense": 0,
    "depreciationAndAmortization": 462000000,
    "ebitda": 1111000000,
    "ebitdaratio": 0.1337104345,
    "operatingIncome": 649000000,
    "operatingIncomeRatio": 0.0781080756,
    "totalOtherIncomeExpensesNet": -97000000,
    "incomeBeforeTax": 552000000,
    "incomeBeforeTaxRatio": 0.0664339872,
    "incomeTaxExpense": 189000000,
    "netIncome": 453000000,
    "netIncomeRatio": 0.0545191961,
    "eps": 1.58,
    "epsdiluted": 1.56,
    "weightedAverageShsOut": 287200000,
    "weightedAverageShsOutDil": 290400000,
    "link": null,
    "finalLink": null
  },
  {
    "date": "1999-12-31",
    "symbol": "ETN",
    "reportedCurrency": "USD",
    "cik": "0001551182",
    "fillingDate": "1999-12-31",
    "acceptedDate": "1999-12-31 00:00:00",
    "calendarYear": "1999",
    "period": "FY",
    "revenue": 8402000000,
    "costOfRevenue": 5600000000,
    "grossProfit": 2802000000,
    "grossProfitRatio": 0.3334920257,
    "researchAndDevelopmentExpenses": 314000000,
    "generalAndAdministrativeExpenses": 0,
    "sellingAndMarketingExpenses": 0,
    "sellingGeneralAndAdministrativeExpenses": 1318000000,
    "otherExpenses": 441000000,
    "operatingExpenses": 2073000000,
    "costAndExpenses": 7673000000,
    "interestIncome": 0,
    "interestExpense": 0,
    "depreciationAndAmortization": 441000000,
    "ebitda": 1124000000,
    "ebitdaratio": 0.133777672,
    "operatingIncome": 729000000,
    "operatingIncomeRatio": 0.0867650559,
    "totalOtherIncomeExpensesNet": 214000000,
    "incomeBeforeTax": 963000000,
    "incomeBeforeTaxRatio": 0.1146155677,
    "incomeTaxExpense": 346000000,
    "netIncome": 617000000,
    "netIncomeRatio": 0.0734348965,
    "eps": 2.13,
    "epsdiluted": 2.09,
    "weightedAverageShsOut": 294800000,
    "weightedAverageShsOutDil": 294800000,
    "link": null,
    "finalLink": null
  },
  {
    "date": "1998-12-31",
    "symbol": "ETN",
    "reportedCurrency": "USD",
    "cik": "0001551182",
    "fillingDate": "1998-12-31",
    "acceptedDate": "1998-12-31 00:00:00",
    "calendarYear": "1998",
    "period": "FY",
    "revenue": 6625000000,
    "costOfRevenue": 4428000000,
    "grossProfit": 2197000000,
    "grossProfitRatio": 0.3316226415,
    "researchAndDevelopmentExpenses": 334000000,
    "generalAndAdministrativeExpenses": 0,
    "sellingAndMarketingExpenses": 0,
    "sellingGeneralAndAdministrativeExpenses": 1050000000,
    "otherExpenses": 331000000,
    "operatingExpenses": 1715000000,
    "costAndExpenses": 6143000000,
    "interestIncome": 0,
    "interestExpense": 0,
    "depreciationAndAmortization": 331000000,
    "ebitda": 916000000,
    "ebitdaratio": 0.1382641509,
    "operatingIncome": 482000000,
    "operatingIncomeRatio": 0.072754717,
    "totalOtherIncomeExpensesNet": 134000000,
    "incomeBeforeTax": 485000000,
    "incomeBeforeTaxRatio": 0.0732075472,
    "incomeTaxExpense": 136000000,
    "netIncome": 349000000,
    "netIncomeRatio": 0.0526792453,
    "eps": 1.22,
    "epsdiluted": 1.2,
    "weightedAverageShsOut": 285600000,
    "weightedAverageShsOutDil": 290800000,
    "link": null,
    "finalLink": null
  },
  {
    "date": "1997-12-31",
    "symbol": "ETN",
    "reportedCurrency": "USD",
    "cik": "0001551182",
    "fillingDate": "1997-12-31",
    "acceptedDate": "1997-12-31 00:00:00",
    "calendarYear": "1997",
    "period": "FY",
    "revenue": 7563000000,
    "costOfRevenue": 5114000000,
    "grossProfit": 2449000000,
    "grossProfitRatio": 0.3238133016,
    "researchAndDevelopmentExpenses": 319000000,
    "generalAndAdministrativeExpenses": 0,
    "sellingAndMarketingExpenses": 0,
    "sellingGeneralAndAdministrativeExpenses": 1088000000,
    "otherExpenses": 342000000,
    "operatingExpenses": 1749000000,
    "costAndExpenses": 6863000000,
    "interestIncome": 0,
    "interestExpense": 0,
    "depreciationAndAmortization": 342000000,
    "ebitda": 1042000000,
    "ebitdaratio": 0.1377760148,
    "operatingIncome": 700000000,
    "operatingIncomeRatio": 0.0925558641,
    "totalOtherIncomeExpensesNet": -32000000,
    "incomeBeforeTax": 668000000,
    "incomeBeforeTaxRatio": 0.0883247389,
    "incomeTaxExpense": 204000000,
    "netIncome": 410000000,
    "netIncomeRatio": 0.0542112918,
    "eps": 1.34,
    "epsdiluted": 1.31,
    "weightedAverageShsOut": 307200000,
    "weightedAverageShsOutDil": 312800000,
    "link": null,
    "finalLink": null
  },
  {
    "date": "1996-12-31",
    "symbol": "ETN",
    "reportedCurrency": "USD",
    "cik": "0001551182",
    "fillingDate": "1996-12-31",
    "acceptedDate": "1996-12-31 00:00:00",
    "calendarYear": "1996",
    "period": "FY",
    "revenue": 6961000000,
    "costOfRevenue": 4845000000,
    "grossProfit": 2116000000,
    "grossProfitRatio": 0.3039793133,
    "researchAndDevelopmentExpenses": 267000000,
    "generalAndAdministrativeExpenses": 0,
    "sellingAndMarketingExpenses": 0,
    "sellingGeneralAndAdministrativeExpenses": 995000000,
    "otherExpenses": 320000000,
    "operatingExpenses": 1582000000,
    "costAndExpenses": 6427000000,
    "interestIncome": 0,
    "interestExpense": 0,
    "depreciationAndAmortization": 320000000,
    "ebitda": 854000000,
    "ebitdaratio": 0.1226835225,
    "operatingIncome": 534000000,
    "operatingIncomeRatio": 0.0767131159,
    "totalOtherIncomeExpensesNet": -49000000,
    "incomeBeforeTax": 485000000,
    "incomeBeforeTaxRatio": 0.0696738974,
    "incomeTaxExpense": 136000000,
    "netIncome": 349000000,
    "netIncomeRatio": 0.0501364746,
    "eps": 1.13,
    "epsdiluted": 1.13,
    "weightedAverageShsOut": 309600000,
    "weightedAverageShsOutDil": 310000000,
    "link": null,
    "finalLink": null
  },
  {
    "date": "1995-12-31",
    "symbol": "ETN",
    "reportedCurrency": "USD",
    "cik": "0001551182",
    "fillingDate": "1995-12-31",
    "acceptedDate": "1995-12-31 00:00:00",
    "calendarYear": "1995",
    "period": "FY",
    "revenue": 6822000000,
    "costOfRevenue": 4747000000,
    "grossProfit": 2075000000,
    "grossProfitRatio": 0.3041630021,
    "researchAndDevelopmentExpenses": 227000000,
    "generalAndAdministrativeExpenses": 0,
    "sellingAndMarketingExpenses": 0,
    "sellingGeneralAndAdministrativeExpenses": 927000000,
    "otherExpenses": 281000000,
    "operatingExpenses": 1435000000,
    "costAndExpenses": 6182000000,
    "interestIncome": 0,
    "interestExpense": 0,
    "depreciationAndAmortization": 281000000,
    "ebitda": 921000000,
    "ebitdaratio": 0.1350043975,
    "operatingIncome": 640000000,
    "operatingIncomeRatio": 0.0938141308,
    "totalOtherIncomeExpensesNet": -48000000,
    "incomeBeforeTax": 592000000,
    "incomeBeforeTaxRatio": 0.0867780709,
    "incomeTaxExpense": 193000000,
    "netIncome": 399000000,
    "netIncomeRatio": 0.0584872471,
    "eps": 1.28,
    "epsdiluted": 1.28,
    "weightedAverageShsOut": 311200000,
    "weightedAverageShsOutDil": 311200000,
    "link": null,
    "finalLink": null
  },
  {
    "date": "1994-12-31",
    "symbol": "ETN",
    "reportedCurrency": "USD",
    "cik": "0001551182",
    "fillingDate": "1994-12-31",
    "acceptedDate": "1994-12-31 00:00:00",
    "calendarYear": "1994",
    "period": "FY",
    "revenue": 6052000000,
    "costOfRevenue": 4146000000,
    "grossProfit": 1906000000,
    "grossProfitRatio": 0.3149372108,
    "researchAndDevelopmentExpenses": 213000000,
    "generalAndAdministrativeExpenses": 0,
    "sellingAndMarketingExpenses": 0,
    "sellingGeneralAndAdministrativeExpenses": 882000000,
    "otherExpenses": 251000000,
    "operatingExpenses": 1346000000,
    "costAndExpenses": 5492000000,
    "interestIncome": 0,
    "interestExpense": 0,
    "depreciationAndAmortization": 251000000,
    "ebitda": 811000000,
    "ebitdaratio": 0.1340052875,
    "operatingIncome": 560000000,
    "operatingIncomeRatio": 0.0925313946,
    "totalOtherIncomeExpensesNet": -72000000,
    "incomeBeforeTax": 488000000,
    "incomeBeforeTaxRatio": 0.080634501,
    "incomeTaxExpense": 155000000,
    "netIncome": 333000000,
    "netIncomeRatio": 0.0550231328,
    "eps": 1.1,
    "epsdiluted": 1.1,
    "weightedAverageShsOut": 302400000,
    "weightedAverageShsOutDil": 302400000,
    "link": null,
    "finalLink": null
  },
  {
    "date": "1993-12-31",
    "symbol": "ETN",
    "reportedCurrency": "USD",
    "cik": "0001551182",
    "fillingDate": "1993-12-31",
    "acceptedDate": "1993-12-31 00:00:00",
    "calendarYear": "1993",
    "period": "FY",
    "revenue": 4401000000,
    "costOfRevenue": 3088000000,
    "grossProfit": 1313000000,
    "grossProfitRatio": 0.2983412861,
    "researchAndDevelopmentExpenses": 0,
    "generalAndAdministrativeExpenses": 0,
    "sellingAndMarketingExpenses": 0,
    "sellingGeneralAndAdministrativeExpenses": 800000000,
    "otherExpenses": 196000000,
    "operatingExpenses": 996000000,
    "costAndExpenses": 4084000000,
    "interestIncome": 0,
    "interestExpense": 0,
    "depreciationAndAmortization": 196000000,
    "ebitda": 513000000,
    "ebitdaratio": 0.1165644172,
    "operatingIncome": 317000000,
    "operatingIncomeRatio": 0.0720290843,
    "totalOtherIncomeExpensesNet": -55000000,
    "incomeBeforeTax": 262000000,
    "incomeBeforeTaxRatio": 0.0595319246,
    "incomeTaxExpense": 82000000,
    "netIncome": 187000000,
    "netIncomeRatio": 0.0424903431,
    "eps": 0.62,
    "epsdiluted": 0.61,
    "weightedAverageShsOut": 302834008,
    "weightedAverageShsOutDil": 305306122,
    "link": null,
    "finalLink": null
  },
  {
    "date": "1992-12-31",
    "symbol": "ETN",
    "reportedCurrency": "USD",
    "cik": "0001551182",
    "fillingDate": "1992-12-31",
    "acceptedDate": "1992-12-31 00:00:00",
    "calendarYear": "1992",
    "period": "FY",
    "revenue": 3869000000,
    "costOfRevenue": 2773000000,
    "grossProfit": 1096000000,
    "grossProfitRatio": 0.2832773326,
    "researchAndDevelopmentExpenses": 0,
    "generalAndAdministrativeExpenses": 0,
    "sellingAndMarketingExpenses": 0,
    "sellingGeneralAndAdministrativeExpenses": 683000000,
    "otherExpenses": 184000000,
    "operatingExpenses": 867000000,
    "costAndExpenses": 3640000000,
    "interestIncome": 0,
    "interestExpense": 0,
    "depreciationAndAmortization": 184000000,
    "ebitda": 413000000,
    "ebitdaratio": 0.1067459292,
    "operatingIncome": 229000000,
    "operatingIncomeRatio": 0.0591884208,
    "totalOtherIncomeExpensesNet": -51000000,
    "incomeBeforeTax": 178000000,
    "incomeBeforeTaxRatio": 0.0460067201,
    "incomeTaxExpense": 41000000,
    "netIncome": -128000000,
    "netIncomeRatio": -0.0330834841,
    "eps": -0.47,
    "epsdiluted": -0.47,
    "weightedAverageShsOut": 275268817,
    "weightedAverageShsOutDil": 275268817,
    "link": null,
    "finalLink": null
  },
  {
    "date": "1991-12-31",
    "symbol": "ETN",
    "reportedCurrency": "USD",
    "cik": "0001551182",
    "fillingDate": "1991-12-31",
    "acceptedDate": "1991-12-31 00:00:00",
    "calendarYear": "1991",
    "period": "FY",
    "revenue": 3381000000,
    "costOfRevenue": 2439000000,
    "grossProfit": 942000000,
    "grossProfitRatio": 0.2786157941,
    "researchAndDevelopmentExpenses": 0,
    "generalAndAdministrativeExpenses": 0,
    "sellingAndMarketingExpenses": 0,
    "sellingGeneralAndAdministrativeExpenses": 638000000,
    "otherExpenses": 169000000,
    "operatingExpenses": 807000000,
    "costAndExpenses": 3246000000,
    "interestIncome": 0,
    "interestExpense": 0,
    "depreciationAndAmortization": 169000000,
    "ebitda": 304000000,
    "ebitdaratio": 0.0899142266,
    "operatingIncome": 135000000,
    "operatingIncomeRatio": 0.0399290151,
    "totalOtherIncomeExpensesNet": -53000000,
    "incomeBeforeTax": 82000000,
    "incomeBeforeTaxRatio": 0.0242531795,
    "incomeTaxExpense": 20000000,
    "netIncome": 74000000,
    "netIncomeRatio": 0.0218870157,
    "eps": 0.28,
    "epsdiluted": 0.28,
    "weightedAverageShsOut": 269090909,
    "weightedAverageShsOutDil": 269090909,
    "link": null,
    "finalLink": null
  },
  {
    "date": "1990-12-31",
    "symbol": "ETN",
    "reportedCurrency": "USD",
    "cik": "0001551182",
    "fillingDate": "1990-12-31",
    "acceptedDate": "1990-12-31 00:00:00",
    "calendarYear": "1990",
    "period": "FY",
    "revenue": 3639000000,
    "costOfRevenue": 2588000000,
    "grossProfit": 1051000000,
    "grossProfitRatio": 0.2888156087,
    "researchAndDevelopmentExpenses": 0,
    "generalAndAdministrativeExpenses": 0,
    "sellingAndMarketingExpenses": 0,
    "sellingGeneralAndAdministrativeExpenses": 595000000,
    "otherExpenses": 163000000,
    "operatingExpenses": 758000000,
    "costAndExpenses": 3346000000,
    "interestIncome": 0,
    "interestExpense": 0,
    "depreciationAndAmortization": 163000000,
    "ebitda": 456000000,
    "ebitdaratio": 0.1253091509,
    "operatingIncome": 293000000,
    "operatingIncomeRatio": 0.0805166254,
    "totalOtherIncomeExpensesNet": -43000000,
    "incomeBeforeTax": 250000000,
    "incomeBeforeTaxRatio": 0.0687001924,
    "incomeTaxExpense": 81000000,
    "netIncome": 179000000,
    "netIncomeRatio": 0.0491893377,
    "eps": 0.63,
    "epsdiluted": 0.63,
    "weightedAverageShsOut": 283003953,
    "weightedAverageShsOutDil": 283003953,
    "link": null,
    "finalLink": null
  },
  {
    "date": "1989-12-31",
    "symbol": "ETN",
    "reportedCurrency": "USD",
    "cik": "0001551182",
    "fillingDate": "1989-12-31",
    "acceptedDate": "1989-12-31 00:00:00",
    "calendarYear": "1989",
    "period": "FY",
    "revenue": 3671000000,
    "costOfRevenue": 2552200000,
    "grossProfit": 1118800000,
    "grossProfitRatio": 0.3047670934,
    "researchAndDevelopmentExpenses": 0,
    "generalAndAdministrativeExpenses": 0,
    "sellingAndMarketingExpenses": 0,
    "sellingGeneralAndAdministrativeExpenses": 567600000,
    "otherExpenses": 175800000,
    "operatingExpenses": 743400000,
    "costAndExpenses": 3295600000,
    "interestIncome": 0,
    "interestExpense": 0,
    "depreciationAndAmortization": 175800000,
    "ebitda": 551200000,
    "ebitdaratio": 0.1501498229,
    "operatingIncome": 375400000,
    "operatingIncomeRatio": 0.1022609643,
    "totalOtherIncomeExpensesNet": -39900000,
    "incomeBeforeTax": 335500000,
    "incomeBeforeTaxRatio": 0.0913919913,
    "incomeTaxExpense": 125800000,
    "netIncome": 224900000,
    "netIncomeRatio": 0.0612639608,
    "eps": 0.75,
    "epsdiluted": 0.75,
    "weightedAverageShsOut": 298870432,
    "weightedAverageShsOutDil": 298870432,
    "link": null,
    "finalLink": null
  },
  {
    "date": "1988-12-31",
    "symbol": "ETN",
    "reportedCurrency": "USD",
    "cik": "0001551182",
    "fillingDate": "1988-12-31",
    "acceptedDate": "1988-12-30 19:00:00",
    "calendarYear": "1988",
    "period": "FY",
    "revenue": 3468500000,
    "costOfRevenue": 2375500000,
    "grossProfit": 1093000000,
    "grossProfitRatio": 0.3151218106,
    "researchAndDevelopmentExpenses": 0,
    "generalAndAdministrativeExpenses": 0,
    "sellingAndMarketingExpenses": 0,
    "sellingGeneralAndAdministrativeExpenses": 549100000,
    "otherExpenses": 143500000,
    "operatingExpenses": 692600000,
    "costAndExpenses": 3068100000,
    "interestIncome": 0,
    "interestExpense": 0,
    "depreciationAndAmortization": 143500000,
    "ebitda": 543900000,
    "ebitdaratio": 0.1568113017,
    "operatingIncome": 400400000,
    "operatingIncomeRatio": 0.1154389506,
    "totalOtherIncomeExpensesNet": -33100000,
    "incomeBeforeTax": 367300000,
    "incomeBeforeTaxRatio": 0.1058959204,
    "incomeTaxExpense": 139600000,
    "netIncome": 230000000,
    "netIncomeRatio": 0.0663110855,
    "eps": 0.77,
    "epsdiluted": 0.77,
    "weightedAverageShsOut": 297734628,
    "weightedAverageShsOutDil": 297734628,
    "link": "",
    "finalLink": ""
  },
  {
    "date": "1987-12-31",
    "symbol": "ETN",
    "reportedCurrency": "USD",
    "cik": "0001551182",
    "fillingDate": "1987-12-31",
    "acceptedDate": "1987-12-30 19:00:00",
    "calendarYear": "1987",
    "period": "FY",
    "revenue": 3137900000,
    "costOfRevenue": 2133500000,
    "grossProfit": 1004400000,
    "grossProfitRatio": 0.3200866822,
    "researchAndDevelopmentExpenses": 0,
    "generalAndAdministrativeExpenses": 0,
    "sellingAndMarketingExpenses": 0,
    "sellingGeneralAndAdministrativeExpenses": 522400000,
    "otherExpenses": 106300000,
    "operatingExpenses": 628700000,
    "costAndExpenses": 2762200000,
    "interestIncome": 0,
    "interestExpense": 0,
    "depreciationAndAmortization": 106300000,
    "ebitda": 482000000,
    "ebitdaratio": 0.1536059148,
    "operatingIncome": 375700000,
    "operatingIncomeRatio": 0.1197297556,
    "totalOtherIncomeExpensesNet": -47400000,
    "incomeBeforeTax": 328300000,
    "incomeBeforeTaxRatio": 0.1046241117,
    "incomeTaxExpense": 122100000,
    "netIncome": 201200000,
    "netIncomeRatio": 0.0641193155,
    "eps": 0.6,
    "epsdiluted": 0.59,
    "weightedAverageShsOut": 336736402,
    "weightedAverageShsOutDil": 343931624,
    "link": "",
    "finalLink": ""
  },
  {
    "date": "1986-12-31",
    "symbol": "ETN",
    "reportedCurrency": "USD",
    "cik": "0001551182",
    "fillingDate": "1986-12-31",
    "acceptedDate": "1986-12-30 19:00:00",
    "calendarYear": "1986",
    "period": "FY",
    "revenue": 3811600000,
    "costOfRevenue": 2766600000,
    "grossProfit": 1045000000,
    "grossProfitRatio": 0.2741630811,
    "researchAndDevelopmentExpenses": 0,
    "generalAndAdministrativeExpenses": 0,
    "sellingAndMarketingExpenses": 0,
    "sellingGeneralAndAdministrativeExpenses": 631700000,
    "otherExpenses": 103900000,
    "operatingExpenses": 735600000,
    "costAndExpenses": 3502200000,
    "interestIncome": 0,
    "interestExpense": 0,
    "depreciationAndAmortization": 103900000,
    "ebitda": 413300000,
    "ebitdaratio": 0.1084321545,
    "operatingIncome": 309400000,
    "operatingIncomeRatio": 0.0811732606,
    "totalOtherIncomeExpensesNet": -89300000,
    "incomeBeforeTax": 220100000,
    "incomeBeforeTaxRatio": 0.0577447791,
    "incomeTaxExpense": 82500000,
    "netIncome": 137600000,
    "netIncomeRatio": 0.0361003253,
    "eps": 0.36,
    "epsdiluted": 0.35,
    "weightedAverageShsOut": 384895105,
    "weightedAverageShsOutDil": 395971223,
    "link": "",
    "finalLink": ""
  },
  {
    "date": "1985-12-31",
    "symbol": "ETN",
    "reportedCurrency": "USD",
    "cik": "0001551182",
    "fillingDate": "1985-12-31",
    "acceptedDate": "1985-12-30 19:00:00",
    "calendarYear": "1985",
    "period": "FY",
    "revenue": 3674500000,
    "costOfRevenue": 2607100000,
    "grossProfit": 1067400000,
    "grossProfitRatio": 0.2904885018,
    "researchAndDevelopmentExpenses": 0,
    "generalAndAdministrativeExpenses": 0,
    "sellingAndMarketingExpenses": 0,
    "sellingGeneralAndAdministrativeExpenses": 605800000,
    "otherExpenses": 96100000,
    "operatingExpenses": 701900000,
    "costAndExpenses": 3309000000,
    "interestIncome": 0,
    "interestExpense": 0,
    "depreciationAndAmortization": 96100000,
    "ebitda": 461600000,
    "ebitdaratio": 0.1256225337,
    "operatingIncome": 365500000,
    "operatingIncomeRatio": 0.0994693156,
    "totalOtherIncomeExpensesNet": 21000000,
    "incomeBeforeTax": 386500000,
    "incomeBeforeTaxRatio": 0.1051843788,
    "incomeTaxExpense": 155600000,
    "netIncome": 230900000,
    "netIncomeRatio": 0.0628384814,
    "eps": 0.59,
    "epsdiluted": 0.56,
    "weightedAverageShsOut": 394700855,
    "weightedAverageShsOutDil": 412321429,
    "link": "",
    "finalLink": ""
  }
]