[
  {
    "date": "2025-06-30",
    "symbol": "ETR",
    "reportedCurrency": "USD",
    "cik": "0000065984",
    "fillingDate": "2025-08-01",
    "acceptedDate": "2025-08-01 10:17:56",
    "calendarYear": "2025",
    "period": "Q2",
    "revenue": 3328849000,
    "costOfRevenue": 1766455000,
    "grossProfit": 1562394000,
    "grossProfitRatio": 0.469349616,
    "researchAndDevelopmentExpenses": 0,
    "generalAndAdministrativeExpenses": 0,
    "sellingAndMarketingExpenses": 0,
    "sellingGeneralAndAdministrativeExpenses": 0,
    "otherExpenses": 724969000,
    "operatingExpenses": 724969000,
    "costAndExpenses": 2491424000,
    "interestIncome": 87419000,
    "interestExpense": 322074000,
    "depreciationAndAmortization": 632638000,
    "ebitda": 1565065000,
    "ebitdaratio": 0.4701519955,
    "operatingIncome": 837425000,
    "operatingIncomeRatio": 0.2515659316,
    "totalOtherIncomeExpensesNet": -227072000,
    "incomeBeforeTax": 610353000,
    "incomeBeforeTaxRatio": 0.1833525642,
    "incomeTaxExpense": 138399000,
    "netIncome": 471954000,
    "netIncomeRatio": 0.1417769325,
    "eps": 1.07,
    "epsdiluted": 1.05,
    "weightedAverageShsOut": 439182369,
    "weightedAverageShsOutDil": 445700889,
    "link": "https://www.sec.gov/Archives/edgar/data/65984/000006598425000087/0000065984-25-000087-index.htm",
    "finalLink": "https://www.sec.gov/Archives/edgar/data/65984/000006598425000087/etr-20250630.htm"
  },
  {
    "date": "2025-03-31",
    "symbol": "ETR",
    "reportedCurrency": "USD",
    "cik": "0000065984",
    "fillingDate": "2025-05-01",
    "acceptedDate": "2025-05-01 13:31:52",
    "calendarYear": "2025",
    "period": "Q1",
    "revenue": 2846874000,
    "costOfRevenue": 1395976000,
    "grossProfit": 1450898000,
    "grossProfitRatio": 0.5096460188,
    "researchAndDevelopmentExpenses": 0,
    "generalAndAdministrativeExpenses": 0,
    "sellingAndMarketingExpenses": 0,
    "sellingGeneralAndAdministrativeExpenses": 0,
    "otherExpenses": 750794000,
    "operatingExpenses": 750794000,
    "costAndExpenses": 2146770000,
    "interestIncome": 33406000,
    "interestExpense": 329791000,
    "depreciationAndAmortization": 622566000,
    "ebitda": 1414820000,
    "ebitdaratio": 0.4969731713,
    "operatingIncome": 700104000,
    "operatingIncomeRatio": 0.245920262,
    "totalOtherIncomeExpensesNet": -237641000,
    "incomeBeforeTax": 462463000,
    "incomeBeforeTaxRatio": 0.1624458968,
    "incomeTaxExpense": 100041000,
    "netIncome": 360760000,
    "netIncomeRatio": 0.1267214496,
    "eps": 0.84,
    "epsdiluted": 0.82,
    "weightedAverageShsOut": 430348000,
    "weightedAverageShsOutDil": 440648000,
    "link": "https://www.sec.gov/Archives/edgar/data/65984/000006598425000046/0000065984-25-000046-index.htm",
    "finalLink": "https://www.sec.gov/Archives/edgar/data/7323/000006598425000046/etr-20250331.htm"
  },
  {
    "date": "2024-12-31",
    "symbol": "ETR",
    "reportedCurrency": "USD",
    "cik": "0000065984",
    "fillingDate": "2025-02-18",
    "acceptedDate": "2025-02-18 15:59:23",
    "calendarYear": "2024",
    "period": "Q4",
    "revenue": 2742305000,
    "costOfRevenue": 1487787000,
    "grossProfit": 1254518000,
    "grossProfitRatio": 0.4574684435,
    "researchAndDevelopmentExpenses": 0,
    "generalAndAdministrativeExpenses": 0,
    "sellingAndMarketingExpenses": 0,
    "sellingGeneralAndAdministrativeExpenses": 0,
    "otherExpenses": 584903000,
    "operatingExpenses": 584903000,
    "costAndExpenses": 2072690000,
    "interestIncome": 13265000,
    "interestExpense": 298900000,
    "depreciationAndAmortization": 622304000,
    "ebitda": 1319290000,
    "ebitdaratio": 0.4810879898,
    "operatingIncome": 669615000,
    "operatingIncomeRatio": 0.2441796226,
    "totalOtherIncomeExpensesNet": -271529000,
    "incomeBeforeTax": 398086000,
    "incomeBeforeTaxRatio": 0.1451647428,
    "incomeTaxExpense": 110924000,
    "netIncome": 286447000,
    "netIncomeRatio": 0.1044548291,
    "eps": 0.67,
    "epsdiluted": 0.65,
    "weightedAverageShsOut": 429285191,
    "weightedAverageShsOutDil": 437981911,
    "link": "https://www.sec.gov/Archives/edgar/data/65984/000006598425000012/0000065984-25-000012-index.htm",
    "finalLink": "https://www.sec.gov/Archives/edgar/data/7323/000006598425000012/etr-20241231.htm"
  },
  {
    "date": "2024-09-30",
    "symbol": "ETR",
    "reportedCurrency": "USD",
    "cik": "0000065984",
    "fillingDate": "2024-11-01",
    "acceptedDate": "2024-11-01 10:16:26",
    "calendarYear": "2024",
    "period": "Q3",
    "revenue": 3389100000,
    "costOfRevenue": 1620221000,
    "grossProfit": 1768879000,
    "grossProfitRatio": 0.5219317813,
    "researchAndDevelopmentExpenses": 0,
    "generalAndAdministrativeExpenses": 0,
    "sellingAndMarketingExpenses": 0,
    "sellingGeneralAndAdministrativeExpenses": 0,
    "otherExpenses": 643017000,
    "operatingExpenses": 643017000,
    "costAndExpenses": 2263238000,
    "interestIncome": 64316000,
    "interestExpense": 295143000,
    "depreciationAndAmortization": 614766000,
    "ebitda": 1771138000,
    "ebitdaratio": 0.5225983299,
    "operatingIncome": 1125862000,
    "operatingIncomeRatio": 0.3322008793,
    "totalOtherIncomeExpensesNet": -264633000,
    "incomeBeforeTax": 861229000,
    "incomeBeforeTaxRatio": 0.2541173173,
    "incomeTaxExpense": 215475000,
    "netIncome": 645754000,
    "netIncomeRatio": 0.190538491,
    "eps": 1.51,
    "epsdiluted": 1.5,
    "weightedAverageShsOut": 428024934,
    "weightedAverageShsOutDil": 431388418,
    "link": "https://www.sec.gov/Archives/edgar/data/65984/000006598424000112/0000065984-24-000112-index.htm",
    "finalLink": "https://www.sec.gov/Archives/edgar/data/7323/000006598424000112/etr-20240930.htm"
  },
  {
    "date": "2024-06-30",
    "symbol": "ETR",
    "reportedCurrency": "USD",
    "cik": "0000065984",
    "fillingDate": "2024-08-02",
    "acceptedDate": "2024-08-02 14:12:44",
    "calendarYear": "2024",
    "period": "Q2",
    "revenue": 2953620000,
    "costOfRevenue": 1463307000,
    "grossProfit": 1490313000,
    "grossProfitRatio": 0.5045716781,
    "researchAndDevelopmentExpenses": 0,
    "generalAndAdministrativeExpenses": 0,
    "sellingAndMarketingExpenses": 0,
    "sellingGeneralAndAdministrativeExpenses": 0,
    "otherExpenses": 872683000,
    "operatingExpenses": 872683000,
    "costAndExpenses": 2335990000,
    "interestIncome": 70587000,
    "interestExpense": 289577000,
    "depreciationAndAmortization": 606080000,
    "ebitda": 981023000,
    "ebitdaratio": 0.3321425911,
    "operatingIncome": 617630000,
    "operatingIncomeRatio": 0.2091094995,
    "totalOtherIncomeExpensesNet": -532264000,
    "incomeBeforeTax": 85366000,
    "incomeBeforeTaxRatio": 0.0289021607,
    "incomeTaxExpense": 33634000,
    "netIncome": 51732000,
    "netIncomeRatio": 0.0175147785,
    "eps": 0.12,
    "epsdiluted": 0.12,
    "weightedAverageShsOut": 427234220,
    "weightedAverageShsOutDil": 428753442,
    "link": "https://www.sec.gov/Archives/edgar/data/65984/000006598424000095/0000065984-24-000095-index.htm",
    "finalLink": "https://www.sec.gov/Archives/edgar/data/7323/000006598424000095/etr-20240630.htm"
  },
  {
    "date": "2024-03-31",
    "symbol": "ETR",
    "reportedCurrency": "USD",
    "cik": "0000065984",
    "fillingDate": "2024-05-02",
    "acceptedDate": "2024-05-02 15:40:23",
    "calendarYear": "2024",
    "period": "Q1",
    "revenue": 2794628000,
    "costOfRevenue": 1570053000,
    "grossProfit": 1224575000,
    "grossProfitRatio": 0.438188911,
    "researchAndDevelopmentExpenses": 0,
    "generalAndAdministrativeExpenses": 0,
    "sellingAndMarketingExpenses": 0,
    "sellingGeneralAndAdministrativeExpenses": 0,
    "otherExpenses": 986593000,
    "operatingExpenses": 986593000,
    "costAndExpenses": 2556646000,
    "interestIncome": 150697000,
    "interestExpense": 267200000,
    "depreciationAndAmortization": 600412000,
    "ebitda": 965142000,
    "ebitdaratio": 0.3453561619,
    "operatingIncome": 237982000,
    "operatingIncomeRatio": 0.0851569511,
    "totalOtherIncomeExpensesNet": -140452000,
    "incomeBeforeTax": 97530000,
    "incomeBeforeTaxRatio": 0.0348990993,
    "incomeTaxExpense": 20994000,
    "netIncome": 76536000,
    "netIncomeRatio": 0.0273868293,
    "eps": 0.18,
    "epsdiluted": 0.18,
    "weightedAverageShsOut": 426287439,
    "weightedAverageShsOutDil": 427746256,
    "link": "https://www.sec.gov/Archives/edgar/data/65984/000006598424000049/0000065984-24-000049-index.htm",
    "finalLink": "https://www.sec.gov/Archives/edgar/data/7323/000006598424000049/etr-20240331.htm"
  },
  {
    "date": "2023-12-31",
    "symbol": "ETR",
    "reportedCurrency": "USD",
    "cik": "0000065984",
    "fillingDate": "2024-02-23",
    "acceptedDate": "2024-02-23 11:05:00",
    "calendarYear": "2023",
    "period": "Q4",
    "revenue": 2724805000,
    "costOfRevenue": 1719926000,
    "grossProfit": 1004879000,
    "grossProfitRatio": 0.3687893262,
    "researchAndDevelopmentExpenses": 0,
    "generalAndAdministrativeExpenses": 0,
    "sellingAndMarketingExpenses": 0,
    "sellingGeneralAndAdministrativeExpenses": 0,
    "otherExpenses": 748322000,
    "operatingExpenses": 748322000,
    "costAndExpenses": 2468248000,
    "interestIncome": 66476000,
    "interestExpense": 254358000,
    "depreciationAndAmortization": 575939000,
    "ebitda": 845228000,
    "ebitdaratio": 0.3101976105,
    "operatingIncome": 256557000,
    "operatingIncomeRatio": 0.0941560956,
    "totalOtherIncomeExpensesNet": -241626000,
    "incomeBeforeTax": 14931000,
    "incomeBeforeTaxRatio": 0.0054796582,
    "incomeTaxExpense": -973353000,
    "netIncome": 988284000,
    "netIncomeRatio": 0.3626989821,
    "eps": 2.33,
    "epsdiluted": 2.32,
    "weightedAverageShsOut": 424028974,
    "weightedAverageShsOutDil": 425870302,
    "link": "https://www.sec.gov/Archives/edgar/data/65984/000006598424000012/0000065984-24-000012-index.htm",
    "finalLink": "https://www.sec.gov/Archives/edgar/data/7323/000006598424000012/etr-20231231.htm"
  },
  {
    "date": "2023-09-30",
    "symbol": "ETR",
    "reportedCurrency": "USD",
    "cik": "0000065984",
    "fillingDate": "2023-11-02",
    "acceptedDate": "2023-11-02 16:45:58",
    "calendarYear": "2023",
    "period": "Q3",
    "revenue": 3595522000,
    "costOfRevenue": 1807687000,
    "grossProfit": 1787835000,
    "grossProfitRatio": 0.4972393438,
    "researchAndDevelopmentExpenses": 0,
    "generalAndAdministrativeExpenses": 0,
    "sellingAndMarketingExpenses": 0,
    "sellingGeneralAndAdministrativeExpenses": 0,
    "otherExpenses": 644452000,
    "operatingExpenses": 644452000,
    "costAndExpenses": 2452139000,
    "interestIncome": 2562000,
    "interestExpense": 255441000,
    "depreciationAndAmortization": 551697000,
    "ebitda": 1703849000,
    "ebitdaratio": 0.473880844,
    "operatingIncome": 1143383000,
    "operatingIncomeRatio": 0.318001948,
    "totalOtherIncomeExpensesNet": -246672000,
    "incomeBeforeTax": 896711000,
    "incomeBeforeTaxRatio": 0.2493966106,
    "incomeTaxExpense": 226997000,
    "netIncome": 669714000,
    "netIncomeRatio": 0.1862633576,
    "eps": 1.58,
    "epsdiluted": 1.57,
    "weightedAverageShsOut": 422918488,
    "weightedAverageShsOutDil": 424476234,
    "link": "https://www.sec.gov/Archives/edgar/data/65984/000006598423000094/0000065984-23-000094-index.htm",
    "finalLink": "https://www.sec.gov/Archives/edgar/data/7323/000006598423000094/etr-20230930.htm"
  },
  {
    "date": "2023-06-30",
    "symbol": "ETR",
    "reportedCurrency": "USD",
    "cik": "0000065984",
    "fillingDate": "2023-08-03",
    "acceptedDate": "2023-08-03 16:38:29",
    "calendarYear": "2023",
    "period": "Q2",
    "revenue": 2846026000,
    "costOfRevenue": 1484932000,
    "grossProfit": 1361094000,
    "grossProfitRatio": 0.4782436984,
    "researchAndDevelopmentExpenses": 0,
    "generalAndAdministrativeExpenses": 0,
    "sellingAndMarketingExpenses": 0,
    "sellingGeneralAndAdministrativeExpenses": 0,
    "otherExpenses": 605167000,
    "operatingExpenses": 605167000,
    "costAndExpenses": 2090099000,
    "interestIncome": 45428000,
    "interestExpense": 250868000,
    "depreciationAndAmortization": 563619000,
    "ebitda": 1341297000,
    "ebitdaratio": 0.4712876832,
    "operatingIncome": 755927000,
    "operatingIncomeRatio": 0.2656079038,
    "totalOtherIncomeExpensesNet": -229117000,
    "incomeBeforeTax": 526810000,
    "incomeBeforeTaxRatio": 0.1851037201,
    "incomeTaxExpense": 134796000,
    "netIncome": 392014000,
    "netIncomeRatio": 0.1377408358,
    "eps": 0.93,
    "epsdiluted": 0.92,
    "weightedAverageShsOut": 422898422,
    "weightedAverageShsOutDil": 424403058,
    "link": "https://www.sec.gov/Archives/edgar/data/65984/000006598423000073/0000065984-23-000073-index.htm",
    "finalLink": "https://www.sec.gov/Archives/edgar/data/7323/000006598423000073/etr-20230630.htm"
  },
  {
    "date": "2023-03-31",
    "symbol": "ETR",
    "reportedCurrency": "USD",
    "cik": "0000065984",
    "fillingDate": "2023-03-31",
    "acceptedDate": "2023-03-31 00:00:00",
    "calendarYear": "2023",
    "period": "Q1",
    "revenue": 2981059000,
    "costOfRevenue": 1805431000,
    "grossProfit": 1175628000,
    "grossProfitRatio": 0.3943658948,
    "researchAndDevelopmentExpenses": 0,
    "generalAndAdministrativeExpenses": 0,
    "sellingAndMarketingExpenses": 0,
    "sellingGeneralAndAdministrativeExpenses": 0,
    "otherExpenses": 713519000,
    "operatingExpenses": 713519000,
    "costAndExpenses": 2518950000,
    "interestIncome": 48259000,
    "interestExpense": 245738000,
    "depreciationAndAmortization": 553224000,
    "ebitda": 1032286000,
    "ebitdaratio": 0.3462816402,
    "operatingIncome": 462109000,
    "operatingIncomeRatio": 0.1550150467,
    "totalOtherIncomeExpensesNet": -228785000,
    "incomeBeforeTax": 233324000,
    "incomeBeforeTaxRatio": 0.07826883,
    "incomeTaxExpense": -78975000,
    "netIncome": 312299000,
    "netIncomeRatio": 0.1047610933,
    "eps": 0.74,
    "epsdiluted": 0.74,
    "weightedAverageShsOut": 422701410,
    "weightedAverageShsOutDil": 424293014,
    "link": null,
    "finalLink": null
  },
  {
    "date": "2022-12-31",
    "symbol": "ETR",
    "reportedCurrency": "USD",
    "cik": "0000065984",
    "fillingDate": "2023-02-24",
    "acceptedDate": "2023-02-24 11:41:59",
    "calendarYear": "2022",
    "period": "Q4",
    "revenue": 3272500000,
    "costOfRevenue": 2178575000,
    "grossProfit": 1093925000,
    "grossProfitRatio": 0.3342780749,
    "researchAndDevelopmentExpenses": 0,
    "generalAndAdministrativeExpenses": 0,
    "sellingAndMarketingExpenses": 0,
    "sellingGeneralAndAdministrativeExpenses": 0,
    "otherExpenses": 645047000,
    "operatingExpenses": 645047000,
    "costAndExpenses": 2823622000,
    "interestIncome": 0,
    "interestExpense": 193968000,
    "depreciationAndAmortization": 522615000,
    "ebitda": 884291000,
    "ebitdaratio": 0.270218793,
    "operatingIncome": 448878000,
    "operatingIncomeRatio": 0.1371666921,
    "totalOtherIncomeExpensesNet": -281170000,
    "incomeBeforeTax": 167708000,
    "incomeBeforeTaxRatio": 0.05124767,
    "incomeTaxExpense": 70056000,
    "netIncome": 97652000,
    "netIncomeRatio": 0.0298401833,
    "eps": 0.26,
    "epsdiluted": 0.26,
    "weightedAverageShsOut": 415968920,
    "weightedAverageShsOutDil": 418209876,
    "link": "https://www.sec.gov/Archives/edgar/data/65984/000006598423000014/0000065984-23-000014-index.htm",
    "finalLink": "https://www.sec.gov/Archives/edgar/data/7323/000006598423000014/etr-20221231.htm"
  },
  {
    "date": "2022-09-30",
    "symbol": "ETR",
    "reportedCurrency": "USD",
    "cik": "0000065984",
    "fillingDate": "2022-11-03",
    "acceptedDate": "2022-11-03 17:04:28",
    "calendarYear": "2022",
    "period": "Q3",
    "revenue": 4218615000,
    "costOfRevenue": 2614729000,
    "grossProfit": 1603886000,
    "grossProfitRatio": 0.3801925513,
    "researchAndDevelopmentExpenses": 0,
    "generalAndAdministrativeExpenses": 0,
    "sellingAndMarketingExpenses": 0,
    "sellingGeneralAndAdministrativeExpenses": 0,
    "otherExpenses": 649181000,
    "operatingExpenses": 649181000,
    "costAndExpenses": 3263910000,
    "interestIncome": 2966000,
    "interestExpense": 227460000,
    "depreciationAndAmortization": 553802000,
    "ebitda": 1521256000,
    "ebitdaratio": 0.3606055542,
    "operatingIncome": 954705000,
    "operatingIncomeRatio": 0.2263076863,
    "totalOtherIncomeExpensesNet": -214711000,
    "incomeBeforeTax": 739994000,
    "incomeBeforeTaxRatio": 0.1754115984,
    "incomeTaxExpense": 184112000,
    "netIncome": 555882000,
    "netIncomeRatio": 0.1317688388,
    "eps": 1.38,
    "epsdiluted": 1.37,
    "weightedAverageShsOut": 406891546,
    "weightedAverageShsOutDil": 409156026,
    "link": "https://www.sec.gov/Archives/edgar/data/65984/000006598422000185/0000065984-22-000185-index.htm",
    "finalLink": "https://www.sec.gov/Archives/edgar/data/65984/000006598422000185/etr-20220930.htm"
  },
  {
    "date": "2022-06-30",
    "symbol": "ETR",
    "reportedCurrency": "USD",
    "cik": "0000065984",
    "fillingDate": "2022-08-04",
    "acceptedDate": "2022-08-04 16:14:20",
    "calendarYear": "2022",
    "period": "Q2",
    "revenue": 3395196000,
    "costOfRevenue": 2037205000,
    "grossProfit": 1357991000,
    "grossProfitRatio": 0.3999742577,
    "researchAndDevelopmentExpenses": 0,
    "generalAndAdministrativeExpenses": 0,
    "sellingAndMarketingExpenses": 0,
    "sellingGeneralAndAdministrativeExpenses": 0,
    "otherExpenses": 1276859000,
    "operatingExpenses": 1276859000,
    "costAndExpenses": 3314064000,
    "interestIncome": 0,
    "interestExpense": 325910000,
    "depreciationAndAmortization": 552223000,
    "ebitda": 682501000,
    "ebitdaratio": 0.2010196171,
    "operatingIncome": 81132000,
    "operatingIncomeRatio": 0.0238961167,
    "totalOtherIncomeExpensesNet": -276764000,
    "incomeBeforeTax": -195632000,
    "incomeBeforeTaxRatio": -0.0576202375,
    "incomeTaxExpense": -359643000,
    "netIncome": 159703000,
    "netIncomeRatio": 0.0470379324,
    "eps": 0.4,
    "epsdiluted": 0.39,
    "weightedAverageShsOut": 406766398,
    "weightedAverageShsOutDil": 409424484,
    "link": "https://www.sec.gov/Archives/edgar/data/65984/000006598422000129/0000065984-22-000129-index.htm",
    "finalLink": "https://www.sec.gov/Archives/edgar/data/7323/000006598422000129/etr-20220630.htm"
  },
  {
    "date": "2022-03-31",
    "symbol": "ETR",
    "reportedCurrency": "USD",
    "cik": "0000065984",
    "fillingDate": "2022-05-05",
    "acceptedDate": "2022-05-05 16:39:45",
    "calendarYear": "2022",
    "period": "Q1",
    "revenue": 2877925000,
    "costOfRevenue": 1658378000,
    "grossProfit": 1219547000,
    "grossProfitRatio": 0.423759132,
    "researchAndDevelopmentExpenses": 0,
    "generalAndAdministrativeExpenses": 0,
    "sellingAndMarketingExpenses": 0,
    "sellingGeneralAndAdministrativeExpenses": 0,
    "otherExpenses": 653487000,
    "operatingExpenses": 653487000,
    "costAndExpenses": 2311865000,
    "interestIncome": 0,
    "interestExpense": 243444000,
    "depreciationAndAmortization": 561731000,
    "ebitda": 1151265000,
    "ebitdaratio": 0.4000330099,
    "operatingIncome": 566060000,
    "operatingIncomeRatio": 0.1966903238,
    "totalOtherIncomeExpensesNet": -219970000,
    "incomeBeforeTax": 346090000,
    "incomeBeforeTaxRatio": 0.1202567822,
    "incomeTaxExpense": 66497000,
    "netIncome": 279593000,
    "netIncomeRatio": 0.0971508987,
    "eps": 0.68,
    "epsdiluted": 0.68,
    "weightedAverageShsOut": 405887256,
    "weightedAverageShsOutDil": 407776966,
    "link": "https://www.sec.gov/Archives/edgar/data/65984/000006598422000064/0000065984-22-000064-index.htm",
    "finalLink": "https://www.sec.gov/Archives/edgar/data/7323/000006598422000064/etr-20220331.htm"
  },
  {
    "date": "2021-12-31",
    "symbol": "ETR",
    "reportedCurrency": "USD",
    "cik": "0000065984",
    "fillingDate": "2022-02-25",
    "acceptedDate": "2022-02-25 10:40:47",
    "calendarYear": "2021",
    "period": "Q4",
    "revenue": 2722456000,
    "costOfRevenue": 1743331000,
    "grossProfit": 979125000,
    "grossProfitRatio": 0.3596476858,
    "researchAndDevelopmentExpenses": 0,
    "generalAndAdministrativeExpenses": 0,
    "sellingAndMarketingExpenses": 0,
    "sellingGeneralAndAdministrativeExpenses": 0,
    "otherExpenses": 637576000,
    "operatingExpenses": 637576000,
    "costAndExpenses": 2380907000,
    "interestIncome": 140709000,
    "interestExpense": 211943000,
    "depreciationAndAmortization": 546621000,
    "ebitda": 989516000,
    "ebitdaratio": 0.36346446,
    "operatingIncome": 341549000,
    "operatingIncomeRatio": 0.1254562057,
    "totalOtherIncomeExpensesNet": -110597000,
    "incomeBeforeTax": 230952000,
    "incomeBeforeTaxRatio": 0.084832225,
    "incomeTaxExpense": -14434000,
    "netIncome": 258898000,
    "netIncomeRatio": 0.095097221,
    "eps": 0.64,
    "epsdiluted": 0.64,
    "weightedAverageShsOut": 402982408,
    "weightedAverageShsOutDil": 405596538,
    "link": "https://www.sec.gov/Archives/edgar/data/65984/000006598422000017/0000065984-22-000017-index.htm",
    "finalLink": "https://www.sec.gov/Archives/edgar/data/7323/000006598422000017/etr-20211231.htm"
  },
  {
    "date": "2021-09-30",
    "symbol": "ETR",
    "reportedCurrency": "USD",
    "cik": "0000065984",
    "fillingDate": "2021-11-05",
    "acceptedDate": "2021-11-05 09:56:05",
    "calendarYear": "2021",
    "period": "Q3",
    "revenue": 3353532000,
    "costOfRevenue": 1793021000,
    "grossProfit": 1560511000,
    "grossProfitRatio": 0.4653335647,
    "researchAndDevelopmentExpenses": 0,
    "generalAndAdministrativeExpenses": 0,
    "sellingAndMarketingExpenses": 0,
    "sellingGeneralAndAdministrativeExpenses": 0,
    "otherExpenses": 732641000,
    "operatingExpenses": 732641000,
    "costAndExpenses": 2525662000,
    "interestIncome": 75112000,
    "interestExpense": 209500000,
    "depreciationAndAmortization": 546029000,
    "ebitda": 1449394000,
    "ebitdaratio": 0.4321992455,
    "operatingIncome": 827870000,
    "operatingIncomeRatio": 0.2468650963,
    "totalOtherIncomeExpensesNet": -134005000,
    "incomeBeforeTax": 693865000,
    "incomeBeforeTaxRatio": 0.206905734,
    "incomeTaxExpense": 158282000,
    "netIncome": 535583000,
    "netIncomeRatio": 0.1597071386,
    "eps": 1.32,
    "epsdiluted": 1.32,
    "weightedAverageShsOut": 401926098,
    "weightedAverageShsOutDil": 404006658,
    "link": "https://www.sec.gov/Archives/edgar/data/65984/000006598421000291/0000065984-21-000291-index.htm",
    "finalLink": "https://www.sec.gov/Archives/edgar/data/7323/000006598421000291/etr-20210930.htm"
  },
  {
    "date": "2021-06-30",
    "symbol": "ETR",
    "reportedCurrency": "USD",
    "cik": "0000065984",
    "fillingDate": "2021-08-06",
    "acceptedDate": "2021-08-06 10:32:19",
    "calendarYear": "2021",
    "period": "Q2",
    "revenue": 2822070000,
    "costOfRevenue": 1703253000,
    "grossProfit": 1118817000,
    "grossProfitRatio": 0.3964526039,
    "researchAndDevelopmentExpenses": 0,
    "generalAndAdministrativeExpenses": 0,
    "sellingAndMarketingExpenses": 0,
    "sellingGeneralAndAdministrativeExpenses": 0,
    "otherExpenses": 950609000,
    "operatingExpenses": 950609000,
    "costAndExpenses": 2653862000,
    "interestIncome": 71329000,
    "interestExpense": 213376000,
    "depreciationAndAmortization": 569723000,
    "ebitda": 763289000,
    "ebitdaratio": 0.2704713207,
    "operatingIncome": 168208000,
    "operatingIncomeRatio": 0.0596044747,
    "totalOtherIncomeExpensesNet": -188018000,
    "incomeBeforeTax": -19810000,
    "incomeBeforeTaxRatio": -0.00701967,
    "incomeTaxExpense": -18416000,
    "netIncome": -1394000,
    "netIncomeRatio": -0.0004939637,
    "eps": -0.0149,
    "epsdiluted": -0.0149,
    "weightedAverageShsOut": 401550790,
    "weightedAverageShsOutDil": 401550790,
    "link": "https://www.sec.gov/Archives/edgar/data/65984/000006598421000236/0000065984-21-000236-index.htm",
    "finalLink": "https://www.sec.gov/Archives/edgar/data/7323/000006598421000236/etr-20210630.htm"
  },
  {
    "date": "2021-03-31",
    "symbol": "ETR",
    "reportedCurrency": "USD",
    "cik": "0000065984",
    "fillingDate": "2021-05-06",
    "acceptedDate": "2021-05-06 14:46:03",
    "calendarYear": "2021",
    "period": "Q1",
    "revenue": 2844838000,
    "costOfRevenue": 1631426000,
    "grossProfit": 1213412000,
    "grossProfitRatio": 0.4265311417,
    "researchAndDevelopmentExpenses": 0,
    "generalAndAdministrativeExpenses": 0,
    "sellingAndMarketingExpenses": 0,
    "sellingGeneralAndAdministrativeExpenses": 0,
    "otherExpenses": 705415000,
    "operatingExpenses": 705415000,
    "costAndExpenses": 2336841000,
    "interestIncome": 143315000,
    "interestExpense": 199873000,
    "depreciationAndAmortization": 580571000,
    "ebitda": 1185531000,
    "ebitdaratio": 0.4167305836,
    "operatingIncome": 507997000,
    "operatingIncomeRatio": 0.1785679888,
    "totalOtherIncomeExpensesNet": -102910000,
    "incomeBeforeTax": 405087000,
    "incomeBeforeTaxRatio": 0.1423936969,
    "incomeTaxExpense": 65942000,
    "netIncome": 339145000,
    "netIncomeRatio": 0.1192141697,
    "eps": 0.84,
    "epsdiluted": 0.83,
    "weightedAverageShsOut": 401051098,
    "weightedAverageShsOutDil": 402119330,
    "link": "https://www.sec.gov/Archives/edgar/data/65984/000006598421000182/0000065984-21-000182-index.htm",
    "finalLink": "https://www.sec.gov/Archives/edgar/data/7323/000006598421000182/etr-20210331.htm"
  },
  {
    "date": "2020-12-31",
    "symbol": "ETR",
    "reportedCurrency": "USD",
    "cik": "0000065984",
    "fillingDate": "2021-02-26",
    "acceptedDate": "2021-02-26 12:31:41",
    "calendarYear": "2020",
    "period": "Q4",
    "revenue": 2370101000,
    "costOfRevenue": 1472670000,
    "grossProfit": 897432000,
    "grossProfitRatio": 0.3786471547,
    "researchAndDevelopmentExpenses": 0,
    "generalAndAdministrativeExpenses": 0,
    "sellingAndMarketingExpenses": 0,
    "sellingGeneralAndAdministrativeExpenses": 0,
    "otherExpenses": 745321000,
    "operatingExpenses": 745321000,
    "costAndExpenses": 2217991000,
    "interestIncome": 196992000,
    "interestExpense": 194131000,
    "depreciationAndAmortization": 562846000,
    "ebitda": 860653000,
    "ebitdaratio": 0.3631292506,
    "operatingIncome": 152111000,
    "operatingIncomeRatio": 0.0641791215,
    "totalOtherIncomeExpensesNet": -48435000,
    "incomeBeforeTax": 103676000,
    "incomeBeforeTaxRatio": 0.0437432835,
    "incomeTaxExpense": -288872000,
    "netIncome": 392548000,
    "netIncomeRatio": 0.1656250092,
    "eps": 0.97,
    "epsdiluted": 0.97,
    "weightedAverageShsOut": 400474128,
    "weightedAverageShsOutDil": 402887472,
    "link": "https://www.sec.gov/Archives/edgar/data/65984/000006598421000096/0000065984-21-000096-index.htm",
    "finalLink": "https://www.sec.gov/Archives/edgar/data/7323/000006598421000096/etr-20201231.htm"
  },
  {
    "date": "2020-09-30",
    "symbol": "ETR",
    "reportedCurrency": "USD",
    "cik": "0000065984",
    "fillingDate": "2020-11-04",
    "acceptedDate": "2020-11-04 17:28:50",
    "calendarYear": "2020",
    "period": "Q3",
    "revenue": 2903568000,
    "costOfRevenue": 1482313000,
    "grossProfit": 1421255000,
    "grossProfitRatio": 0.4894856948,
    "researchAndDevelopmentExpenses": 0,
    "generalAndAdministrativeExpenses": 0,
    "sellingAndMarketingExpenses": 0,
    "sellingGeneralAndAdministrativeExpenses": 0,
    "otherExpenses": 643239000,
    "operatingExpenses": 643239000,
    "costAndExpenses": 2125552000,
    "interestIncome": 127857000,
    "interestExpense": 196731000,
    "depreciationAndAmortization": 563692000,
    "ebitda": 1435566000,
    "ebitdaratio": 0.4944144583,
    "operatingIncome": 778016000,
    "operatingIncomeRatio": 0.2679517063,
    "totalOtherIncomeExpensesNet": -102873000,
    "incomeBeforeTax": 675143000,
    "incomeBeforeTaxRatio": 0.232521849,
    "incomeTaxExpense": 149444000,
    "netIncome": 525699000,
    "netIncomeRatio": 0.1810527599,
    "eps": 1.3,
    "epsdiluted": 1.3,
    "weightedAverageShsOut": 400440036,
    "weightedAverageShsOutDil": 402231536,
    "link": "https://www.sec.gov/Archives/edgar/data/65984/000006598420000283/0000065984-20-000283-index.htm",
    "finalLink": "https://www.sec.gov/Archives/edgar/data/7323/000006598420000283/etr-20200930.htm"
  },
  {
    "date": "2020-06-30",
    "symbol": "ETR",
    "reportedCurrency": "USD",
    "cik": "0000065984",
    "fillingDate": "2020-08-05",
    "acceptedDate": "2020-08-05 10:36:25",
    "calendarYear": "2020",
    "period": "Q2",
    "revenue": 2412788000,
    "costOfRevenue": 1334121000,
    "grossProfit": 1078667000,
    "grossProfitRatio": 0.4470624854,
    "researchAndDevelopmentExpenses": 0,
    "generalAndAdministrativeExpenses": 0,
    "sellingAndMarketingExpenses": 0,
    "sellingGeneralAndAdministrativeExpenses": 0,
    "otherExpenses": 639356000,
    "operatingExpenses": 639356000,
    "costAndExpenses": 1973477000,
    "interestIncome": 284823000,
    "interestExpense": 204656000,
    "depreciationAndAmortization": 562616000,
    "ebitda": 1221500000,
    "ebitdaratio": 0.506260807,
    "operatingIncome": 439311000,
    "operatingIncomeRatio": 0.1820760879,
    "totalOtherIncomeExpensesNet": 14917000,
    "incomeBeforeTax": 454228000,
    "incomeBeforeTaxRatio": 0.1882585623,
    "incomeTaxExpense": 89115000,
    "netIncome": 365113000,
    "netIncomeRatio": 0.1513241114,
    "eps": 0.9,
    "epsdiluted": 0.9,
    "weightedAverageShsOut": 400356020,
    "weightedAverageShsOutDil": 401773498,
    "link": "https://www.sec.gov/Archives/edgar/data/65984/000006598420000222/0000065984-20-000222-index.htm",
    "finalLink": "https://www.sec.gov/Archives/edgar/data/7323/000006598420000222/etr-20200630.htm"
  },
  {
    "date": "2020-03-31",
    "symbol": "ETR",
    "reportedCurrency": "USD",
    "cik": "0000065984",
    "fillingDate": "2020-05-11",
    "acceptedDate": "2020-05-11 14:28:50",
    "calendarYear": "2020",
    "period": "Q1",
    "revenue": 2427179000,
    "costOfRevenue": 1366319000,
    "grossProfit": 1060860000,
    "grossProfitRatio": 0.4370753043,
    "researchAndDevelopmentExpenses": 0,
    "generalAndAdministrativeExpenses": 0,
    "sellingAndMarketingExpenses": 0,
    "sellingGeneralAndAdministrativeExpenses": 0,
    "otherExpenses": 661104000,
    "operatingExpenses": 661104000,
    "costAndExpenses": 2027423000,
    "interestIncome": 0,
    "interestExpense": 406998000,
    "depreciationAndAmortization": 568596000,
    "ebitda": 1027694000,
    "ebitdaratio": 0.4234108815,
    "operatingIncome": 399756000,
    "operatingIncomeRatio": 0.1646998429,
    "totalOtherIncomeExpensesNet": -347656000,
    "incomeBeforeTax": 52100000,
    "incomeBeforeTaxRatio": 0.0214652483,
    "incomeTaxExpense": -71194000,
    "netIncome": 123294000,
    "netIncomeRatio": 0.0507972424,
    "eps": 0.3,
    "epsdiluted": 0.3,
    "weightedAverageShsOut": 399580032,
    "weightedAverageShsOutDil": 401802698,
    "link": "https://www.sec.gov/Archives/edgar/data/65984/000006598420000154/0000065984-20-000154-index.htm",
    "finalLink": "https://www.sec.gov/Archives/edgar/data/7323/000006598420000154/etr-03x31x2020x10q.htm"
  },
  {
    "date": "2019-12-31",
    "symbol": "ETR",
    "reportedCurrency": "USD",
    "cik": "0000065984",
    "fillingDate": "2020-02-21",
    "acceptedDate": "2020-02-21 12:33:43",
    "calendarYear": "2019",
    "period": "Q4",
    "revenue": 2462306000,
    "costOfRevenue": 1571443000,
    "grossProfit": 890863000,
    "grossProfitRatio": 0.3618002799,
    "researchAndDevelopmentExpenses": 0,
    "generalAndAdministrativeExpenses": 0,
    "sellingAndMarketingExpenses": 0,
    "sellingGeneralAndAdministrativeExpenses": 0,
    "otherExpenses": 642323000,
    "operatingExpenses": 642323000,
    "costAndExpenses": 2213766000,
    "interestIncome": 141249000,
    "interestExpense": 187942000,
    "depreciationAndAmortization": 547636000,
    "ebitda": 881928000,
    "ebitdaratio": 0.3581715676,
    "operatingIncome": 248540000,
    "operatingIncomeRatio": 0.1009379013,
    "totalOtherIncomeExpensesNet": -102190000,
    "incomeBeforeTax": 146350000,
    "incomeBeforeTaxRatio": 0.0594361546,
    "incomeTaxExpense": -243255000,
    "netIncome": 385025000,
    "netIncomeRatio": 0.1563676489,
    "eps": 0.97,
    "epsdiluted": 0.96,
    "weightedAverageShsOut": 398221480,
    "weightedAverageShsOutDil": 401819312,
    "link": "https://www.sec.gov/Archives/edgar/data/65984/000006598420000069/0000065984-20-000069-index.htm",
    "finalLink": "https://www.sec.gov/Archives/edgar/data/7323/000006598420000069/etr-12312019x10k.htm"
  },
  {
    "date": "2019-09-30",
    "symbol": "ETR",
    "reportedCurrency": "USD",
    "cik": "0000065984",
    "fillingDate": "2019-11-05",
    "acceptedDate": "2019-11-05 12:04:15",
    "calendarYear": "2019",
    "period": "Q3",
    "revenue": 3140575000,
    "costOfRevenue": 1771018000,
    "grossProfit": 1369557000,
    "grossProfitRatio": 0.4360847934,
    "researchAndDevelopmentExpenses": 0,
    "generalAndAdministrativeExpenses": 0,
    "sellingAndMarketingExpenses": 0,
    "sellingGeneralAndAdministrativeExpenses": 0,
    "otherExpenses": 849628000,
    "operatingExpenses": 849628000,
    "costAndExpenses": 2620646000,
    "interestIncome": 82295000,
    "interestExpense": 186639000,
    "depreciationAndAmortization": 565870000,
    "ebitda": 1151169000,
    "ebitdaratio": 0.3665472087,
    "operatingIncome": 519929000,
    "operatingIncomeRatio": 0.165552168,
    "totalOtherIncomeExpensesNet": -121269000,
    "incomeBeforeTax": 398660000,
    "incomeBeforeTaxRatio": 0.1269385383,
    "incomeTaxExpense": 29201000,
    "netIncome": 365240000,
    "netIncomeRatio": 0.1162971749,
    "eps": 0.92,
    "epsdiluted": 0.91,
    "weightedAverageShsOut": 397864774,
    "weightedAverageShsOutDil": 400985870,
    "link": "https://www.sec.gov/Archives/edgar/data/65984/000006598419000316/0000065984-19-000316-index.htm",
    "finalLink": "https://www.sec.gov/Archives/edgar/data/7323/000006598419000316/etr-09x30x2019x10q.htm"
  },
  {
    "date": "2019-06-30",
    "symbol": "ETR",
    "reportedCurrency": "USD",
    "cik": "0000065984",
    "fillingDate": "2019-08-06",
    "acceptedDate": "2019-08-06 11:15:18",
    "calendarYear": "2019",
    "period": "Q2",
    "revenue": 2666209000,
    "costOfRevenue": 1706016000,
    "grossProfit": 960193000,
    "grossProfitRatio": 0.360134183,
    "researchAndDevelopmentExpenses": 0,
    "generalAndAdministrativeExpenses": 0,
    "sellingAndMarketingExpenses": 0,
    "sellingGeneralAndAdministrativeExpenses": 0,
    "otherExpenses": 621418000,
    "operatingExpenses": 621418000,
    "costAndExpenses": 2327434000,
    "interestIncome": 96218000,
    "interestExpense": 184301000,
    "depreciationAndAmortization": 538583000,
    "ebitda": 964875000,
    "ebitdaratio": 0.3618902344,
    "operatingIncome": 338775000,
    "operatingIncomeRatio": 0.1270624321,
    "totalOtherIncomeExpensesNet": -96784000,
    "incomeBeforeTax": 241991000,
    "incomeBeforeTaxRatio": 0.0907622021,
    "incomeTaxExpense": 1458000,
    "netIncome": 236424000,
    "netIncomeRatio": 0.0886742187,
    "eps": 0.61,
    "epsdiluted": 0.61,
    "weightedAverageShsOut": 386038538,
    "weightedAverageShsOutDil": 388476630,
    "link": "https://www.sec.gov/Archives/edgar/data/65984/000006598419000257/0000065984-19-000257-index.htm",
    "finalLink": "https://www.sec.gov/Archives/edgar/data/7323/000006598419000257/etr-06x30x2019x10q.htm"
  },
  {
    "date": "2019-03-31",
    "symbol": "ETR",
    "reportedCurrency": "USD",
    "cik": "0000065984",
    "fillingDate": "2019-05-03",
    "acceptedDate": "2019-05-03 11:27:31",
    "calendarYear": "2019",
    "period": "Q1",
    "revenue": 2609584000,
    "costOfRevenue": 1651329000,
    "grossProfit": 958255000,
    "grossProfitRatio": 0.3672060374,
    "researchAndDevelopmentExpenses": 0,
    "generalAndAdministrativeExpenses": 0,
    "sellingAndMarketingExpenses": 0,
    "sellingGeneralAndAdministrativeExpenses": 0,
    "otherExpenses": 675001000,
    "operatingExpenses": 675001000,
    "costAndExpenses": 2326330000,
    "interestIncome": 228149000,
    "interestExpense": 183544000,
    "depreciationAndAmortization": 530224000,
    "ebitda": 1015185000,
    "ebitdaratio": 0.3890217751,
    "operatingIncome": 283254000,
    "operatingIncomeRatio": 0.1085437372,
    "totalOtherIncomeExpensesNet": 18163000,
    "incomeBeforeTax": 301417000,
    "incomeBeforeTaxRatio": 0.1155038504,
    "incomeTaxExpense": 42771000,
    "netIncome": 254537000,
    "netIncomeRatio": 0.0975393013,
    "eps": 0.67,
    "epsdiluted": 0.66,
    "weightedAverageShsOut": 379150374,
    "weightedAverageShsOutDil": 384468382,
    "link": "https://www.sec.gov/Archives/edgar/data/65984/000006598419000179/0000065984-19-000179-index.htm",
    "finalLink": "https://www.sec.gov/Archives/edgar/data/7323/000006598419000179/etr-03x31x2019x10q.htm"
  },
  {
    "date": "2018-12-31",
    "symbol": "ETR",
    "reportedCurrency": "USD",
    "cik": "0000065984",
    "fillingDate": "2019-02-26",
    "acceptedDate": "2019-02-26 12:55:40",
    "calendarYear": "2018",
    "period": "Q4",
    "revenue": 2512482000,
    "costOfRevenue": 2057494000,
    "grossProfit": 454988000,
    "grossProfitRatio": 0.1810910486,
    "researchAndDevelopmentExpenses": 0,
    "generalAndAdministrativeExpenses": 0,
    "sellingAndMarketingExpenses": 0,
    "sellingGeneralAndAdministrativeExpenses": 0,
    "otherExpenses": 683920000,
    "operatingExpenses": 683920000,
    "costAndExpenses": 2741414000,
    "interestIncome": 0,
    "interestExpense": 179977000,
    "depreciationAndAmortization": 523211000,
    "ebitda": 123977000,
    "ebitdaratio": 0.0493444331,
    "operatingIncome": -228932000,
    "operatingIncomeRatio": -0.0911178667,
    "totalOtherIncomeExpensesNet": -350279000,
    "incomeBeforeTax": -579211000,
    "incomeBeforeTaxRatio": -0.2305333929,
    "incomeTaxExpense": -516889000,
    "netIncome": -62322000,
    "netIncomeRatio": -0.0248049538,
    "eps": -0.18,
    "epsdiluted": -0.18,
    "weightedAverageShsOut": 366167346,
    "weightedAverageShsOutDil": 366167346,
    "link": "https://www.sec.gov/Archives/edgar/data/65984/000006598419000082/0000065984-19-000082-index.htm",
    "finalLink": "https://www.sec.gov/Archives/edgar/data/7323/000006598419000082/etr-12312018x10k.htm"
  },
  {
    "date": "2018-09-30",
    "symbol": "ETR",
    "reportedCurrency": "USD",
    "cik": "0000065984",
    "fillingDate": "2018-11-06",
    "acceptedDate": "2018-11-05 18:26:47",
    "calendarYear": "2018",
    "period": "Q3",
    "revenue": 3104319000,
    "costOfRevenue": 2060599000,
    "grossProfit": 1043720000,
    "grossProfitRatio": 0.3362154469,
    "researchAndDevelopmentExpenses": 0,
    "generalAndAdministrativeExpenses": 0,
    "sellingAndMarketingExpenses": 0,
    "sellingGeneralAndAdministrativeExpenses": 0,
    "otherExpenses": 772685000,
    "operatingExpenses": 772685000,
    "costAndExpenses": 2833284000,
    "interestIncome": 177081000,
    "interestExpense": 180067000,
    "depreciationAndAmortization": 489735000,
    "ebitda": 926614000,
    "ebitdaratio": 0.2984918754,
    "operatingIncome": 271035000,
    "operatingIncomeRatio": 0.087309004,
    "totalOtherIncomeExpensesNet": -14223000,
    "incomeBeforeTax": 256812000,
    "incomeBeforeTaxRatio": 0.0827273228,
    "incomeTaxExpense": -283006000,
    "netIncome": 536379000,
    "netIncomeRatio": 0.1727847557,
    "eps": 1.48,
    "epsdiluted": 1.46,
    "weightedAverageShsOut": 362004606,
    "weightedAverageShsOutDil": 367329166,
    "link": "https://www.sec.gov/Archives/edgar/data/65984/000006598418000229/0000065984-18-000229-index.htm",
    "finalLink": "https://www.sec.gov/Archives/edgar/data/7323/000006598418000229/etr-09x30x2018x10q.htm"
  },
  {
    "date": "2018-06-30",
    "symbol": "ETR",
    "reportedCurrency": "USD",
    "cik": "0000065984",
    "fillingDate": "2018-08-07",
    "acceptedDate": "2018-08-06 18:11:42",
    "calendarYear": "2018",
    "period": "Q2",
    "revenue": 2668770000,
    "costOfRevenue": 1758299000,
    "grossProfit": 910471000,
    "grossProfitRatio": 0.341157537,
    "researchAndDevelopmentExpenses": 0,
    "generalAndAdministrativeExpenses": 0,
    "sellingAndMarketingExpenses": 0,
    "sellingGeneralAndAdministrativeExpenses": 0,
    "otherExpenses": 818874000,
    "operatingExpenses": 818874000,
    "costAndExpenses": 2577173000,
    "interestIncome": 71134000,
    "interestExpense": 177646000,
    "depreciationAndAmortization": 502428000,
    "ebitda": 648338000,
    "ebitdaratio": 0.2429351349,
    "operatingIncome": 91597000,
    "operatingIncomeRatio": 0.0343218037,
    "totalOtherIncomeExpensesNet": -123333000,
    "incomeBeforeTax": -31736000,
    "incomeBeforeTaxRatio": -0.0118916205,
    "incomeTaxExpense": -280596000,
    "netIncome": 245421000,
    "netIncomeRatio": 0.0919603413,
    "eps": 0.68,
    "epsdiluted": 0.67,
    "weightedAverageShsOut": 361646406,
    "weightedAverageShsOutDil": 365965260,
    "link": "https://www.sec.gov/Archives/edgar/data/65984/000006598418000192/0000065984-18-000192-index.htm",
    "finalLink": "https://www.sec.gov/Archives/edgar/data/7323/000006598418000192/etr-06x30x2018x10q.htm"
  },
  {
    "date": "2018-03-31",
    "symbol": "ETR",
    "reportedCurrency": "USD",
    "cik": "0000065984",
    "fillingDate": "2018-05-04",
    "acceptedDate": "2018-05-04 12:29:54",
    "calendarYear": "2018",
    "period": "Q1",
    "revenue": 2723881000,
    "costOfRevenue": 1665664000,
    "grossProfit": 1058217000,
    "grossProfitRatio": 0.3884960466,
    "researchAndDevelopmentExpenses": 0,
    "generalAndAdministrativeExpenses": 0,
    "sellingAndMarketingExpenses": 0,
    "sellingGeneralAndAdministrativeExpenses": 0,
    "otherExpenses": 722553000,
    "operatingExpenses": 722553000,
    "costAndExpenses": 2388217000,
    "interestIncome": 16870000,
    "interestExpense": 169658000,
    "depreciationAndAmortization": 525181000,
    "ebitda": 874702000,
    "ebitdaratio": 0.3211234265,
    "operatingIncome": 335664000,
    "operatingIncomeRatio": 0.123230053,
    "totalOtherIncomeExpensesNet": -155801000,
    "incomeBeforeTax": 179863000,
    "incomeBeforeTaxRatio": 0.0660318861,
    "incomeTaxExpense": 43663000,
    "netIncome": 132761000,
    "netIncomeRatio": 0.0487396476,
    "eps": 0.37,
    "epsdiluted": 0.37,
    "weightedAverageShsOut": 361415150,
    "weightedAverageShsOutDil": 362863936,
    "link": "https://www.sec.gov/Archives/edgar/data/65984/000006598418000132/0000065984-18-000132-index.htm",
    "finalLink": "https://www.sec.gov/Archives/edgar/data/7323/000006598418000132/etr-03x31x2018x10q.htm"
  },
  {
    "date": "2017-12-31",
    "symbol": "ETR",
    "reportedCurrency": "USD",
    "cik": "0000065984",
    "fillingDate": "2018-02-26",
    "acceptedDate": "2018-02-26 09:03:03",
    "calendarYear": "2017",
    "period": "Q4",
    "revenue": 2623845000,
    "costOfRevenue": 1902796000,
    "grossProfit": 721049000,
    "grossProfitRatio": 0.2748062481,
    "researchAndDevelopmentExpenses": 0,
    "generalAndAdministrativeExpenses": 0,
    "sellingAndMarketingExpenses": 0,
    "sellingGeneralAndAdministrativeExpenses": 0,
    "otherExpenses": 509148000,
    "operatingExpenses": 509148000,
    "costAndExpenses": 2411944000,
    "interestIncome": 93219000,
    "interestExpense": 170543000,
    "depreciationAndAmortization": 517013000,
    "ebitda": 841970000,
    "ebitdaratio": 0.3208916685,
    "operatingIncome": 211901000,
    "operatingIncomeRatio": 0.0807597248,
    "totalOtherIncomeExpensesNet": -57487000,
    "incomeBeforeTax": 154414000,
    "incomeBeforeTaxRatio": 0.0588502751,
    "incomeTaxExpense": 630125000,
    "netIncome": -475711000,
    "netIncomeRatio": -0.1813030114,
    "eps": -1.33,
    "epsdiluted": -1.33,
    "weightedAverageShsOut": 360607010,
    "weightedAverageShsOutDil": 360607010,
    "link": "https://www.sec.gov/Archives/edgar/data/65984/000006598418000072/0000065984-18-000072-index.htm",
    "finalLink": "https://www.sec.gov/Archives/edgar/data/7323/000006598418000072/etr-12312017x10k.htm"
  },
  {
    "date": "2017-09-30",
    "symbol": "ETR",
    "reportedCurrency": "USD",
    "cik": "0000065984",
    "fillingDate": "2017-11-03",
    "acceptedDate": "2017-11-03 11:27:55",
    "calendarYear": "2017",
    "period": "Q3",
    "revenue": 3243628000,
    "costOfRevenue": 1855585000,
    "grossProfit": 1388043000,
    "grossProfitRatio": 0.4279291583,
    "researchAndDevelopmentExpenses": 0,
    "generalAndAdministrativeExpenses": 0,
    "sellingAndMarketingExpenses": 0,
    "sellingGeneralAndAdministrativeExpenses": 0,
    "otherExpenses": 629040000,
    "operatingExpenses": 629040000,
    "costAndExpenses": 2484625000,
    "interestIncome": 58332000,
    "interestExpense": 166899000,
    "depreciationAndAmortization": 518894000,
    "ebitda": 1329232000,
    "ebitdaratio": 0.4097979176,
    "operatingIncome": 759003000,
    "operatingIncomeRatio": 0.233998165,
    "totalOtherIncomeExpensesNet": -115564000,
    "incomeBeforeTax": 643439000,
    "incomeBeforeTaxRatio": 0.1983701584,
    "incomeTaxExpense": 241795000,
    "netIncome": 398198000,
    "netIncomeRatio": 0.1227631529,
    "eps": 1.11,
    "epsdiluted": 1.11,
    "weightedAverageShsOut": 359127638,
    "weightedAverageShsOutDil": 360928138,
    "link": "https://www.sec.gov/Archives/edgar/data/65984/000006598417000216/0000065984-17-000216-index.htm",
    "finalLink": "https://www.sec.gov/Archives/edgar/data/7323/000006598417000216/etr-09x30x2017x10q.htm"
  },
  {
    "date": "2017-06-30",
    "symbol": "ETR",
    "reportedCurrency": "USD",
    "cik": "0000065984",
    "fillingDate": "2017-08-03",
    "acceptedDate": "2017-08-03 17:26:34",
    "calendarYear": "2017",
    "period": "Q2",
    "revenue": 2618550000,
    "costOfRevenue": 1839270000,
    "grossProfit": 779280000,
    "grossProfitRatio": 0.2975998167,
    "researchAndDevelopmentExpenses": 0,
    "generalAndAdministrativeExpenses": 0,
    "sellingAndMarketingExpenses": 0,
    "sellingGeneralAndAdministrativeExpenses": 0,
    "otherExpenses": 610441000,
    "operatingExpenses": 610441000,
    "costAndExpenses": 2449711000,
    "interestIncome": 80097000,
    "interestExpense": 162854000,
    "depreciationAndAmortization": 511298000,
    "ebitda": 750408000,
    "ebitdaratio": 0.2865738672,
    "operatingIncome": 168839000,
    "operatingIncomeRatio": 0.0644780508,
    "totalOtherIncomeExpensesNet": -92583000,
    "incomeBeforeTax": 76256000,
    "incomeBeforeTaxRatio": 0.0291214604,
    "incomeTaxExpense": -337112000,
    "netIncome": 409922000,
    "netIncomeRatio": 0.1565454164,
    "eps": 1.14,
    "epsdiluted": 1.14,
    "weightedAverageShsOut": 358950692,
    "weightedAverageShsOutDil": 360469388,
    "link": "https://www.sec.gov/Archives/edgar/data/65984/000006598417000173/0000065984-17-000173-index.htm",
    "finalLink": "https://www.sec.gov/Archives/edgar/data/7323/000006598417000173/etr-06x30x2017x10q.htm"
  },
  {
    "date": "2017-03-31",
    "symbol": "ETR",
    "reportedCurrency": "USD",
    "cik": "0000065984",
    "fillingDate": "2017-05-05",
    "acceptedDate": "2017-05-05 13:04:45",
    "calendarYear": "2017",
    "period": "Q1",
    "revenue": 2588458000,
    "costOfRevenue": 1876545000,
    "grossProfit": 711913000,
    "grossProfitRatio": 0.2750336301,
    "researchAndDevelopmentExpenses": 0,
    "generalAndAdministrativeExpenses": 0,
    "sellingAndMarketingExpenses": 0,
    "sellingGeneralAndAdministrativeExpenses": 0,
    "otherExpenses": 516420000,
    "operatingExpenses": 516420000,
    "costAndExpenses": 2392965000,
    "interestIncome": 56549000,
    "interestExpense": 162047000,
    "depreciationAndAmortization": 531373000,
    "ebitda": 787234000,
    "ebitdaratio": 0.3041324217,
    "operatingIncome": 195493000,
    "operatingIncomeRatio": 0.0755248878,
    "totalOtherIncomeExpensesNet": -101679000,
    "incomeBeforeTax": 93814000,
    "incomeBeforeTaxRatio": 0.0362431996,
    "incomeTaxExpense": 7763000,
    "netIncome": 82605000,
    "netIncomeRatio": 0.0319128222,
    "eps": 0.23,
    "epsdiluted": 0.23,
    "weightedAverageShsOut": 358670126,
    "weightedAverageShsOutDil": 359684106,
    "link": "https://www.sec.gov/Archives/edgar/data/65984/000006598417000114/0000065984-17-000114-index.htm",
    "finalLink": "https://www.sec.gov/Archives/edgar/data/7323/000006598417000114/etr-03x31x2017x10q.htm"
  },
  {
    "date": "2016-12-31",
    "symbol": "ETR",
    "reportedCurrency": "USD",
    "cik": "0000065984",
    "fillingDate": "2017-02-24",
    "acceptedDate": "2017-02-24 13:08:57",
    "calendarYear": "2016",
    "period": "Q4",
    "revenue": 2648527000,
    "costOfRevenue": 4630758000,
    "grossProfit": -1982231000,
    "grossProfitRatio": -0.748427711,
    "researchAndDevelopmentExpenses": 0,
    "generalAndAdministrativeExpenses": 0,
    "sellingAndMarketingExpenses": 0,
    "sellingGeneralAndAdministrativeExpenses": 0,
    "otherExpenses": 616770000,
    "operatingExpenses": 616770000,
    "costAndExpenses": 5247528000,
    "interestIncome": 28465000,
    "interestExpense": 164546000,
    "depreciationAndAmortization": 574419000,
    "ebitda": -1992711000,
    "ebitdaratio": -0.7523846274,
    "operatingIncome": -2599001000,
    "operatingIncomeRatio": -0.9813005493,
    "totalOtherIncomeExpensesNet": -132675000,
    "incomeBeforeTax": -2731677000,
    "incomeBeforeTaxRatio": -1.0313948093,
    "incomeTaxExpense": -966138000,
    "netIncome": -1765538000,
    "netIncomeRatio": -0.66661129,
    "eps": -4.94,
    "epsdiluted": -4.94,
    "weightedAverageShsOut": 358256850,
    "weightedAverageShsOutDil": 358256850,
    "link": "https://www.sec.gov/Archives/edgar/data/65984/000006598417000067/0000065984-17-000067-index.htm",
    "finalLink": "https://www.sec.gov/Archives/edgar/data/7323/000006598417000067/etr-12312016x10k.htm"
  },
  {
    "date": "2016-09-30",
    "symbol": "ETR",
    "reportedCurrency": "USD",
    "cik": "0000065984",
    "fillingDate": "2016-11-04",
    "acceptedDate": "2016-11-04 13:04:00",
    "calendarYear": "2016",
    "period": "Q3",
    "revenue": 3124703000,
    "costOfRevenue": 1744789000,
    "grossProfit": 1379914000,
    "grossProfitRatio": 0.441614451,
    "researchAndDevelopmentExpenses": 0,
    "generalAndAdministrativeExpenses": 0,
    "sellingAndMarketingExpenses": 0,
    "sellingGeneralAndAdministrativeExpenses": 0,
    "otherExpenses": 607854000,
    "operatingExpenses": 607854000,
    "costAndExpenses": 2352643000,
    "interestIncome": 37534000,
    "interestExpense": 167195000,
    "depreciationAndAmortization": 536119000,
    "ebitda": 1354424000,
    "ebitdaratio": 0.4334568757,
    "operatingIncome": 772060000,
    "operatingIncomeRatio": 0.2470826827,
    "totalOtherIncomeExpensesNet": -120950000,
    "incomeBeforeTax": 651110000,
    "incomeBeforeTaxRatio": 0.208375004,
    "incomeTaxExpense": 257906000,
    "netIncome": 388170000,
    "netIncomeRatio": 0.1242262065,
    "eps": 1.09,
    "epsdiluted": 1.08,
    "weightedAverageShsOut": 358046702,
    "weightedAverageShsOutDil": 359981776,
    "link": "https://www.sec.gov/Archives/edgar/data/65984/000006598416000716/0000065984-16-000716-index.htm",
    "finalLink": "https://www.sec.gov/Archives/edgar/data/7323/000006598416000716/etr-09x30x2016x10q.htm"
  },
  {
    "date": "2016-06-30",
    "symbol": "ETR",
    "reportedCurrency": "USD",
    "cik": "0000065984",
    "fillingDate": "2016-08-04",
    "acceptedDate": "2016-08-04 15:49:11",
    "calendarYear": "2016",
    "period": "Q2",
    "revenue": 2462562000,
    "costOfRevenue": 1437409000,
    "grossProfit": 1025153000,
    "grossProfitRatio": 0.4162953055,
    "researchAndDevelopmentExpenses": 0,
    "generalAndAdministrativeExpenses": 0,
    "sellingAndMarketingExpenses": 0,
    "sellingGeneralAndAdministrativeExpenses": 0,
    "otherExpenses": 582895000,
    "operatingExpenses": 582895000,
    "costAndExpenses": 2020304000,
    "interestIncome": 46375000,
    "interestExpense": 170499000,
    "depreciationAndAmortization": 512505000,
    "ebitda": 1006621000,
    "ebitdaratio": 0.4087698097,
    "operatingIncome": 442258000,
    "operatingIncomeRatio": 0.1795926356,
    "totalOtherIncomeExpensesNet": -118641000,
    "incomeBeforeTax": 323617000,
    "incomeBeforeTaxRatio": 0.1314147623,
    "incomeTaxExpense": -248973000,
    "netIncome": 567314000,
    "netIncomeRatio": 0.2303755195,
    "eps": 1.59,
    "epsdiluted": 1.58,
    "weightedAverageShsOut": 357616298,
    "weightedAverageShsOutDil": 359007164,
    "link": "https://www.sec.gov/Archives/edgar/data/65984/000006598416000623/0000065984-16-000623-index.htm",
    "finalLink": "https://www.sec.gov/Archives/edgar/data/7323/000006598416000623/etr-06x30x2016x10q.htm"
  },
  {
    "date": "2016-03-31",
    "symbol": "ETR",
    "reportedCurrency": "USD",
    "cik": "0000065984",
    "fillingDate": "2016-05-06",
    "acceptedDate": "2016-05-06 10:34:18",
    "calendarYear": "2016",
    "period": "Q1",
    "revenue": 2609852000,
    "costOfRevenue": 1557796000,
    "grossProfit": 1052056000,
    "grossProfitRatio": 0.4031094484,
    "researchAndDevelopmentExpenses": 0,
    "generalAndAdministrativeExpenses": 0,
    "sellingAndMarketingExpenses": 0,
    "sellingGeneralAndAdministrativeExpenses": 0,
    "otherExpenses": 553838000,
    "operatingExpenses": 553838000,
    "costAndExpenses": 2111634000,
    "interestIncome": 32753000,
    "interestExpense": 164129000,
    "depreciationAndAmortization": 500248000,
    "ebitda": 1039564000,
    "ebitdaratio": 0.39832297,
    "operatingIncome": 498218000,
    "operatingIncomeRatio": 0.1908989475,
    "totalOtherIncomeExpensesNet": -123031000,
    "incomeBeforeTax": 375187000,
    "incomeBeforeTaxRatio": 0.1437579602,
    "incomeTaxExpense": 139945000,
    "netIncome": 229966000,
    "netIncomeRatio": 0.0881145751,
    "eps": 0.65,
    "epsdiluted": 0.64,
    "weightedAverageShsOut": 357157072,
    "weightedAverageShsOutDil": 357952760,
    "link": "https://www.sec.gov/Archives/edgar/data/65984/000006598416000539/0000065984-16-000539-index.htm",
    "finalLink": "https://www.sec.gov/Archives/edgar/data/7323/000006598416000539/etr-03x31x2016x10q.htm"
  },
  {
    "date": "2015-12-31",
    "symbol": "ETR",
    "reportedCurrency": "USD",
    "cik": "0000065984",
    "fillingDate": "2016-02-26",
    "acceptedDate": "2016-02-25 19:51:12",
    "calendarYear": "2015",
    "period": "Q4",
    "revenue": 2508523000,
    "costOfRevenue": 2226691000,
    "grossProfit": 281832000,
    "grossProfitRatio": 0.1123497771,
    "researchAndDevelopmentExpenses": 0,
    "generalAndAdministrativeExpenses": 0,
    "sellingAndMarketingExpenses": 0,
    "sellingGeneralAndAdministrativeExpenses": 0,
    "otherExpenses": 536133000,
    "operatingExpenses": 536133000,
    "costAndExpenses": 2762824000,
    "interestIncome": 40169000,
    "interestExpense": 159373000,
    "depreciationAndAmortization": 504546000,
    "ebitda": 243253000,
    "ebitdaratio": 0.0969706078,
    "operatingIncome": -254301000,
    "operatingIncomeRatio": -0.1013747931,
    "totalOtherIncomeExpensesNet": -166365000,
    "incomeBeforeTax": -420666000,
    "incomeBeforeTaxRatio": -0.1676946952,
    "incomeTaxExpense": -525515000,
    "netIncome": 99573000,
    "netIncomeRatio": 0.0396938756,
    "eps": 0.28,
    "epsdiluted": 0.28,
    "weightedAverageShsOut": 356775148,
    "weightedAverageShsOutDil": 358139896,
    "link": "https://www.sec.gov/Archives/edgar/data/65984/000006598416000436/0000065984-16-000436-index.htm",
    "finalLink": "https://www.sec.gov/Archives/edgar/data/7323/000006598416000436/etr-12312015x10k.htm"
  },
  {
    "date": "2015-09-30",
    "symbol": "ETR",
    "reportedCurrency": "USD",
    "cik": "0000065984",
    "fillingDate": "2015-11-04",
    "acceptedDate": "2015-11-04 16:50:29",
    "calendarYear": "2015",
    "period": "Q3",
    "revenue": 3371406000,
    "costOfRevenue": 3752399000,
    "grossProfit": -380993000,
    "grossProfitRatio": -0.1130071549,
    "researchAndDevelopmentExpenses": 0,
    "generalAndAdministrativeExpenses": 0,
    "sellingAndMarketingExpenses": 0,
    "sellingGeneralAndAdministrativeExpenses": 0,
    "otherExpenses": 584023000,
    "operatingExpenses": 584023000,
    "costAndExpenses": 4336422000,
    "interestIncome": 39054000,
    "interestExpense": 164060000,
    "depreciationAndAmortization": 542802000,
    "ebitda": -379036000,
    "ebitdaratio": -0.1124266849,
    "operatingIncome": -965016000,
    "operatingIncomeRatio": -0.2862354756,
    "totalOtherIncomeExpensesNet": -120882000,
    "incomeBeforeTax": -1085898000,
    "incomeBeforeTaxRatio": -0.3220905462,
    "incomeTaxExpense": -367665000,
    "netIncome": -718233000,
    "netIncomeRatio": -0.2130366381,
    "eps": -2.02,
    "epsdiluted": -2.02,
    "weightedAverageShsOut": 358303664,
    "weightedAverageShsOutDil": 358303664,
    "link": "https://www.sec.gov/Archives/edgar/data/65984/000006598415000319/0000065984-15-000319-index.htm",
    "finalLink": "https://www.sec.gov/Archives/edgar/data/7323/000006598415000319/etr-09x30x2015x10q.htm"
  },
  {
    "date": "2015-06-30",
    "symbol": "ETR",
    "reportedCurrency": "USD",
    "cik": "0000065984",
    "fillingDate": "2015-08-06",
    "acceptedDate": "2015-08-06 11:10:10",
    "calendarYear": "2015",
    "period": "Q2",
    "revenue": 2713231000,
    "costOfRevenue": 1767632000,
    "grossProfit": 945599000,
    "grossProfitRatio": 0.3485140042,
    "researchAndDevelopmentExpenses": 0,
    "generalAndAdministrativeExpenses": 0,
    "sellingAndMarketingExpenses": 0,
    "sellingGeneralAndAdministrativeExpenses": 0,
    "otherExpenses": 568216000,
    "operatingExpenses": 568216000,
    "costAndExpenses": 2335848000,
    "interestIncome": 39705000,
    "interestExpense": 159816000,
    "depreciationAndAmortization": 543880000,
    "ebitda": 957199000,
    "ebitdaratio": 0.3527893497,
    "operatingIncome": 377383000,
    "operatingIncomeRatio": 0.1390898895,
    "totalOtherIncomeExpensesNet": -123880000,
    "incomeBeforeTax": 253503000,
    "incomeBeforeTaxRatio": 0.0934321479,
    "incomeTaxExpense": 99781000,
    "netIncome": 148843000,
    "netIncomeRatio": 0.0548582115,
    "eps": 0.42,
    "epsdiluted": 0.42,
    "weightedAverageShsOut": 359042552,
    "weightedAverageShsOutDil": 360239674,
    "link": "https://www.sec.gov/Archives/edgar/data/65984/000006598415000238/0000065984-15-000238-index.htm",
    "finalLink": "https://www.sec.gov/Archives/edgar/data/7323/000006598415000238/etr-06x30x2015x10q.htm"
  },
  {
    "date": "2015-03-31",
    "symbol": "ETR",
    "reportedCurrency": "USD",
    "cik": "0000065984",
    "fillingDate": "2015-05-07",
    "acceptedDate": "2015-05-07 16:19:18",
    "calendarYear": "2015",
    "period": "Q1",
    "revenue": 2920090000,
    "costOfRevenue": 1807456000,
    "grossProfit": 1112634000,
    "grossProfitRatio": 0.3810272971,
    "researchAndDevelopmentExpenses": 0,
    "generalAndAdministrativeExpenses": 0,
    "sellingAndMarketingExpenses": 0,
    "sellingGeneralAndAdministrativeExpenses": 0,
    "otherExpenses": 569865000,
    "operatingExpenses": 569865000,
    "costAndExpenses": 2377321000,
    "interestIncome": 68133000,
    "interestExpense": 160220000,
    "depreciationAndAmortization": 526008000,
    "ebitda": 1139628000,
    "ebitdaratio": 0.3902715327,
    "operatingIncome": 542769000,
    "operatingIncomeRatio": 0.1858740655,
    "totalOtherIncomeExpensesNet": -89369000,
    "incomeBeforeTax": 453400000,
    "incomeBeforeTaxRatio": 0.1552691869,
    "incomeTaxExpense": 150471000,
    "netIncome": 298050000,
    "netIncomeRatio": 0.1020687719,
    "eps": 0.83,
    "epsdiluted": 0.83,
    "weightedAverageShsOut": 359317962,
    "weightedAverageShsOutDil": 360961046,
    "link": "https://www.sec.gov/Archives/edgar/data/65984/000006598415000145/0000065984-15-000145-index.htm",
    "finalLink": "https://www.sec.gov/Archives/edgar/data/7323/000006598415000145/etr-03x31x2015x10q.htm"
  },
  {
    "date": "2014-12-31",
    "symbol": "ETR",
    "reportedCurrency": "USD",
    "cik": "0000065984",
    "fillingDate": "2015-02-26",
    "acceptedDate": "2015-02-26 16:01:02",
    "calendarYear": "2014",
    "period": "Q4",
    "revenue": 2831318000,
    "costOfRevenue": 1983443000,
    "grossProfit": 847875000,
    "grossProfitRatio": 0.2994630063,
    "researchAndDevelopmentExpenses": 0,
    "generalAndAdministrativeExpenses": 0,
    "sellingAndMarketingExpenses": 0,
    "sellingGeneralAndAdministrativeExpenses": 0,
    "otherExpenses": 528202000,
    "operatingExpenses": 528202000,
    "costAndExpenses": 2511645000,
    "interestIncome": 38646000,
    "interestExpense": 160347000,
    "depreciationAndAmortization": 542345000,
    "ebitda": 909822000,
    "ebitdaratio": 0.3213422159,
    "operatingIncome": 319673000,
    "operatingIncomeRatio": 0.1129060741,
    "totalOtherIncomeExpensesNet": -112543000,
    "incomeBeforeTax": 207130000,
    "incomeBeforeTaxRatio": 0.0731567418,
    "incomeTaxExpense": 82123000,
    "netIncome": 120127000,
    "netIncomeRatio": 0.0424279435,
    "eps": 0.34,
    "epsdiluted": 0.33,
    "weightedAverageShsOut": 360491110,
    "weightedAverageShsOutDil": 363206882,
    "link": "https://www.sec.gov/Archives/edgar/data/65984/000006598415000102/0000065984-15-000102-index.htm",
    "finalLink": "https://www.sec.gov/Archives/edgar/data/7323/000006598415000102/etr-12312014x10k.htm"
  },
  {
    "date": "2014-09-30",
    "symbol": "ETR",
    "reportedCurrency": "USD",
    "cik": "0000065984",
    "fillingDate": "2014-11-06",
    "acceptedDate": "2014-11-06 17:25:24",
    "calendarYear": "2014",
    "period": "Q3",
    "revenue": 3458110000,
    "costOfRevenue": 2401432000,
    "grossProfit": 1056678000,
    "grossProfitRatio": 0.3055651787,
    "researchAndDevelopmentExpenses": 0,
    "generalAndAdministrativeExpenses": 0,
    "sellingAndMarketingExpenses": 0,
    "sellingGeneralAndAdministrativeExpenses": 0,
    "otherExpenses": 563819000,
    "operatingExpenses": 563819000,
    "costAndExpenses": 2965251000,
    "interestIncome": 49547000,
    "interestExpense": 155818000,
    "depreciationAndAmortization": 543577000,
    "ebitda": 1096076000,
    "ebitdaratio": 0.3169581072,
    "operatingIncome": 492859000,
    "operatingIncomeRatio": 0.1425226497,
    "totalOtherIncomeExpensesNet": -96178000,
    "incomeBeforeTax": 396681000,
    "incomeBeforeTaxRatio": 0.1147103476,
    "incomeTaxExpense": 161765000,
    "netIncome": 230037000,
    "netIncomeRatio": 0.0665210187,
    "eps": 0.64,
    "epsdiluted": 0.64,
    "weightedAverageShsOut": 359220134,
    "weightedAverageShsOutDil": 361054232,
    "link": "https://www.sec.gov/Archives/edgar/data/65984/000006598414000255/0000065984-14-000255-index.htm",
    "finalLink": "https://www.sec.gov/Archives/edgar/data/7323/000006598414000255/etr-09x30x2014x10q.htm"
  },
  {
    "date": "2014-06-30",
    "symbol": "ETR",
    "reportedCurrency": "USD",
    "cik": "0000065984",
    "fillingDate": "2014-08-07",
    "acceptedDate": "2014-08-07 14:05:39",
    "calendarYear": "2014",
    "period": "Q2",
    "revenue": 2996650000,
    "costOfRevenue": 2005085000,
    "grossProfit": 991565000,
    "grossProfitRatio": 0.3308911618,
    "researchAndDevelopmentExpenses": 0,
    "generalAndAdministrativeExpenses": 0,
    "sellingAndMarketingExpenses": 0,
    "sellingGeneralAndAdministrativeExpenses": 0,
    "otherExpenses": 537088000,
    "operatingExpenses": 537088000,
    "costAndExpenses": 2542173000,
    "interestIncome": 24245000,
    "interestExpense": 155811000,
    "depreciationAndAmortization": 525528000,
    "ebitda": 1004363000,
    "ebitdaratio": 0.3351619308,
    "operatingIncome": 454477000,
    "operatingIncomeRatio": 0.1516616889,
    "totalOtherIncomeExpensesNet": -131453000,
    "incomeBeforeTax": 323024000,
    "incomeBeforeTaxRatio": 0.1077950378,
    "incomeTaxExpense": 128743000,
    "netIncome": 189383000,
    "netIncomeRatio": 0.063198238,
    "eps": 0.53,
    "epsdiluted": 0.53,
    "weightedAverageShsOut": 358708206,
    "weightedAverageShsOutDil": 360090864,
    "link": "https://www.sec.gov/Archives/edgar/data/65984/000006598414000228/0000065984-14-000228-index.htm",
    "finalLink": "https://www.sec.gov/Archives/edgar/data/7323/000006598414000228/etr-06x30x2014x10q.htm"
  },
  {
    "date": "2014-03-31",
    "symbol": "ETR",
    "reportedCurrency": "USD",
    "cik": "0000065984",
    "fillingDate": "2014-05-08",
    "acceptedDate": "2014-05-08 11:36:16",
    "calendarYear": "2014",
    "period": "Q1",
    "revenue": 3208843000,
    "costOfRevenue": 1915980000,
    "grossProfit": 1292863000,
    "grossProfitRatio": 0.4029062812,
    "researchAndDevelopmentExpenses": 0,
    "generalAndAdministrativeExpenses": 0,
    "sellingAndMarketingExpenses": 0,
    "sellingGeneralAndAdministrativeExpenses": 0,
    "otherExpenses": 552986000,
    "operatingExpenses": 552986000,
    "costAndExpenses": 2468966000,
    "interestIncome": 35248000,
    "interestExpense": 155531000,
    "depreciationAndAmortization": 516442000,
    "ebitda": 1294992000,
    "ebitdaratio": 0.4035697602,
    "operatingIncome": 739877000,
    "operatingIncomeRatio": 0.2305743846,
    "totalOtherIncomeExpensesNet": -116858000,
    "incomeBeforeTax": 623019000,
    "incomeBeforeTaxRatio": 0.194156897,
    "incomeTaxExpense": 216966000,
    "netIncome": 401174000,
    "netIncomeRatio": 0.1250213862,
    "eps": 1.12,
    "epsdiluted": 1.12,
    "weightedAverageShsOut": 357595658,
    "weightedAverageShsOutDil": 358111934,
    "link": "https://www.sec.gov/Archives/edgar/data/65984/000006598414000149/0000065984-14-000149-index.htm",
    "finalLink": "https://www.sec.gov/Archives/edgar/data/7323/000006598414000149/etr-03x31x2014x10q.htm"
  },
  {
    "date": "2013-12-31",
    "symbol": "ETR",
    "reportedCurrency": "USD",
    "cik": "0000065984",
    "fillingDate": "2014-02-27",
    "acceptedDate": "2014-02-27 16:24:17",
    "calendarYear": "2013",
    "period": "Q4",
    "revenue": 2691906000,
    "costOfRevenue": 1939564000,
    "grossProfit": 752342000,
    "grossProfitRatio": 0.2794830132,
    "researchAndDevelopmentExpenses": 0,
    "generalAndAdministrativeExpenses": 0,
    "sellingAndMarketingExpenses": 0,
    "sellingGeneralAndAdministrativeExpenses": 0,
    "otherExpenses": 526795000,
    "operatingExpenses": 526795000,
    "costAndExpenses": 2466359000,
    "interestIncome": 97023000,
    "interestExpense": 156047000,
    "depreciationAndAmortization": 539091000,
    "ebitda": 858269000,
    "ebitdaratio": 0.3188331985,
    "operatingIncome": 225547000,
    "operatingIncomeRatio": 0.083787101,
    "totalOtherIncomeExpensesNet": -62416000,
    "incomeBeforeTax": 163132000,
    "incomeBeforeTaxRatio": 0.0606009274,
    "incomeTaxExpense": 11779000,
    "netIncome": 146929000,
    "netIncomeRatio": 0.0545817722,
    "eps": 0.41,
    "epsdiluted": 0.41,
    "weightedAverageShsOut": 356664832,
    "weightedAverageShsOutDil": 357502872,
    "link": "https://www.sec.gov/Archives/edgar/data/65984/000006598414000065/0000065984-14-000065-index.htm",
    "finalLink": "https://www.sec.gov/Archives/edgar/data/7323/000006598414000065/etr-12312013x10k.htm"
  },
  {
    "date": "2013-09-30",
    "symbol": "ETR",
    "reportedCurrency": "USD",
    "cik": "0000065984",
    "fillingDate": "2013-11-07",
    "acceptedDate": "2013-11-07 12:05:22",
    "calendarYear": "2013",
    "period": "Q3",
    "revenue": 3351959000,
    "costOfRevenue": 2406410000,
    "grossProfit": 945549000,
    "grossProfitRatio": 0.2820884742,
    "researchAndDevelopmentExpenses": 0,
    "generalAndAdministrativeExpenses": 0,
    "sellingAndMarketingExpenses": 0,
    "sellingGeneralAndAdministrativeExpenses": 0,
    "otherExpenses": 556655000,
    "operatingExpenses": 556655000,
    "costAndExpenses": 2963065000,
    "interestIncome": 23430000,
    "interestExpense": 151051000,
    "depreciationAndAmortization": 524035000,
    "ebitda": 943821000,
    "ebitdaratio": 0.2815729548,
    "operatingIncome": 388894000,
    "operatingIncomeRatio": 0.1160199155,
    "totalOtherIncomeExpensesNet": -120159000,
    "incomeBeforeTax": 268735000,
    "incomeBeforeTaxRatio": 0.08017252,
    "incomeTaxExpense": 24553000,
    "netIncome": 239850000,
    "netIncomeRatio": 0.0715551712,
    "eps": 0.68,
    "epsdiluted": 0.67,
    "weightedAverageShsOut": 356567442,
    "weightedAverageShsOutDil": 357304420,
    "link": "https://www.sec.gov/Archives/edgar/data/65984/000006598413000220/0000065984-13-000220-index.htm",
    "finalLink": "https://www.sec.gov/Archives/edgar/data/7323/000006598413000220/a06313.htm"
  },
  {
    "date": "2013-06-30",
    "symbol": "ETR",
    "reportedCurrency": "USD",
    "cik": "0000065984",
    "fillingDate": "2013-08-07",
    "acceptedDate": "2013-08-07 17:23:40",
    "calendarYear": "2013",
    "period": "Q2",
    "revenue": 2738208000,
    "costOfRevenue": 1886011000,
    "grossProfit": 852197000,
    "grossProfitRatio": 0.3112243482,
    "researchAndDevelopmentExpenses": 0,
    "generalAndAdministrativeExpenses": 0,
    "sellingAndMarketingExpenses": 0,
    "sellingGeneralAndAdministrativeExpenses": 0,
    "otherExpenses": 505685000,
    "operatingExpenses": 505685000,
    "costAndExpenses": 2391696000,
    "interestIncome": 40541000,
    "interestExpense": 148977000,
    "depreciationAndAmortization": 476017000,
    "ebitda": 866162000,
    "ebitdaratio": 0.316324399,
    "operatingIncome": 346512000,
    "operatingIncomeRatio": 0.1265469972,
    "totalOtherIncomeExpensesNet": -105344000,
    "incomeBeforeTax": 241168000,
    "incomeBeforeTaxRatio": 0.0880751207,
    "incomeTaxExpense": 73113000,
    "netIncome": 163723000,
    "netIncomeRatio": 0.0597920246,
    "eps": 0.46,
    "epsdiluted": 0.46,
    "weightedAverageShsOut": 356393050,
    "weightedAverageShsOutDil": 357228766,
    "link": "https://www.sec.gov/Archives/edgar/data/65984/000006598413000181/0000065984-13-000181-index.htm",
    "finalLink": "https://www.sec.gov/Archives/edgar/data/7323/000006598413000181/a10q.htm"
  },
  {
    "date": "2013-03-31",
    "symbol": "ETR",
    "reportedCurrency": "USD",
    "cik": "0000065984",
    "fillingDate": "2013-05-08",
    "acceptedDate": "2013-05-08 16:48:00",
    "calendarYear": "2013",
    "period": "Q1",
    "revenue": 2608874000,
    "costOfRevenue": 1698439000,
    "grossProfit": 910435000,
    "grossProfitRatio": 0.348976225,
    "researchAndDevelopmentExpenses": 0,
    "generalAndAdministrativeExpenses": 0,
    "sellingAndMarketingExpenses": 0,
    "sellingGeneralAndAdministrativeExpenses": 0,
    "otherExpenses": 516390000,
    "operatingExpenses": 516390000,
    "costAndExpenses": 2214829000,
    "interestIncome": 38306000,
    "interestExpense": 147961000,
    "depreciationAndAmortization": 472933000,
    "ebitda": 904412000,
    "ebitdaratio": 0.3466675662,
    "operatingIncome": 394045000,
    "operatingIncomeRatio": 0.1510402572,
    "totalOtherIncomeExpensesNet": -110527000,
    "incomeBeforeTax": 283518000,
    "incomeBeforeTaxRatio": 0.1086744703,
    "incomeTaxExpense": 116536000,
    "netIncome": 161400000,
    "netIncomeRatio": 0.0618657704,
    "eps": 0.46,
    "epsdiluted": 0.45,
    "weightedAverageShsOut": 356055922,
    "weightedAverageShsOutDil": 356826574,
    "link": "https://www.sec.gov/Archives/edgar/data/65984/000006598413000080/0000065984-13-000080-index.htm",
    "finalLink": "https://www.sec.gov/Archives/edgar/data/7323/000006598413000080/a01513.htm"
  },
  {
    "date": "2012-12-31",
    "symbol": "ETR",
    "reportedCurrency": "USD",
    "cik": "0000065984",
    "fillingDate": "2013-02-27",
    "acceptedDate": "2013-02-27 16:44:58",
    "calendarYear": "2012",
    "period": "Q4",
    "revenue": 2436259000,
    "costOfRevenue": 4215782000,
    "grossProfit": -1779523000,
    "grossProfitRatio": -0.7304326018,
    "researchAndDevelopmentExpenses": 0,
    "generalAndAdministrativeExpenses": 288768000,
    "sellingAndMarketingExpenses": 0,
    "sellingGeneralAndAdministrativeExpenses": 0,
    "otherExpenses": -2103725000,
    "operatingExpenses": -2103725000,
    "costAndExpenses": 2112057000,
    "interestIncome": 33009000,
    "interestExpense": 144999000,
    "depreciationAndAmortization": 477982000,
    "ebitda": 845546000,
    "ebitdaratio": 0.3470673685,
    "operatingIncome": 324202000,
    "operatingIncomeRatio": 0.1330737003,
    "totalOtherIncomeExpensesNet": -101637000,
    "incomeBeforeTax": 222565000,
    "incomeBeforeTaxRatio": 0.0913552295,
    "incomeTaxExpense": -79285000,
    "netIncome": 296268000,
    "netIncomeRatio": 0.1216077601,
    "eps": 0.83,
    "epsdiluted": 0.83,
    "weightedAverageShsOut": 355615098,
    "weightedAverageShsOutDil": 355615098,
    "link": "https://www.sec.gov/Archives/edgar/data/65984/000006598413000050/0000065984-13-000050-index.htm",
    "finalLink": "https://www.sec.gov/Archives/edgar/data/7323/000006598413000050/a10-k.htm"
  },
  {
    "date": "2012-09-30",
    "symbol": "ETR",
    "reportedCurrency": "USD",
    "cik": "0000065984",
    "fillingDate": "2012-11-06",
    "acceptedDate": "2012-11-06 16:26:24",
    "calendarYear": "2012",
    "period": "Q3",
    "revenue": 2963560000,
    "costOfRevenue": 1760646000,
    "grossProfit": 1202914000,
    "grossProfitRatio": 0.4059016858,
    "researchAndDevelopmentExpenses": 0,
    "generalAndAdministrativeExpenses": 81273000,
    "sellingAndMarketingExpenses": -24477000,
    "sellingGeneralAndAdministrativeExpenses": 81273000,
    "otherExpenses": 430789000,
    "operatingExpenses": 512062000,
    "costAndExpenses": 2272708000,
    "interestIncome": 24490000,
    "interestExpense": 147797000,
    "depreciationAndAmortization": 461005000,
    "ebitda": 1183975000,
    "ebitdaratio": 0.399511061,
    "operatingIncome": 690852000,
    "operatingIncomeRatio": 0.2331155772,
    "totalOtherIncomeExpensesNet": -115679000,
    "incomeBeforeTax": 575173000,
    "incomeBeforeTaxRatio": 0.19408178,
    "incomeTaxExpense": 232503000,
    "netIncome": 337088000,
    "netIncomeRatio": 0.1137442805,
    "eps": 0.95,
    "epsdiluted": 0.95,
    "weightedAverageShsOut": 355035692,
    "weightedAverageShsOutDil": 355950150,
    "link": "https://www.sec.gov/Archives/edgar/data/65984/000006598412000214/0000065984-12-000214-index.htm",
    "finalLink": "https://www.sec.gov/Archives/edgar/data/7323/000006598412000214/a05512.htm"
  },
  {
    "date": "2012-06-30",
    "symbol": "ETR",
    "reportedCurrency": "USD",
    "cik": "0000065984",
    "fillingDate": "2012-08-08",
    "acceptedDate": "2012-08-08 09:03:39",
    "calendarYear": "2012",
    "period": "Q2",
    "revenue": 2518600000,
    "costOfRevenue": 1613158000,
    "grossProfit": 905442000,
    "grossProfitRatio": 0.3595021043,
    "researchAndDevelopmentExpenses": 0,
    "generalAndAdministrativeExpenses": 149592000,
    "sellingAndMarketingExpenses": -137650000,
    "sellingGeneralAndAdministrativeExpenses": 149592000,
    "otherExpenses": 412866000,
    "operatingExpenses": 562458000,
    "costAndExpenses": 2175616000,
    "interestIncome": 29285000,
    "interestExpense": 139133000,
    "depreciationAndAmortization": 382653000,
    "ebitda": 770168000,
    "ebitdaratio": 0.3057921067,
    "operatingIncome": 342984000,
    "operatingIncomeRatio": 0.1361804177,
    "totalOtherIncomeExpensesNet": -94602000,
    "incomeBeforeTax": 248382000,
    "incomeBeforeTaxRatio": 0.0986190741,
    "incomeTaxExpense": -122201000,
    "netIncome": 365001000,
    "netIncomeRatio": 0.144922179,
    "eps": 1.03,
    "epsdiluted": 1.03,
    "weightedAverageShsOut": 354333038,
    "weightedAverageShsOutDil": 355130702,
    "link": "https://www.sec.gov/Archives/edgar/data/65984/000006598412000161/0000065984-12-000161-index.htm",
    "finalLink": "https://www.sec.gov/Archives/edgar/data/7323/000006598412000161/a04112.htm"
  },
  {
    "date": "2012-03-31",
    "symbol": "ETR",
    "reportedCurrency": "USD",
    "cik": "0000065984",
    "fillingDate": "2012-05-09",
    "acceptedDate": "2012-05-08 20:38:10",
    "calendarYear": "2012",
    "period": "Q1",
    "revenue": 2383659000,
    "costOfRevenue": 1964846000,
    "grossProfit": 418813000,
    "grossProfitRatio": 0.1757017258,
    "researchAndDevelopmentExpenses": 0,
    "generalAndAdministrativeExpenses": 57903000,
    "sellingAndMarketingExpenses": 0,
    "sellingGeneralAndAdministrativeExpenses": 57903000,
    "otherExpenses": 417767000,
    "operatingExpenses": 475670000,
    "costAndExpenses": 2440516000,
    "interestIncome": 40992000,
    "interestExpense": 137354000,
    "depreciationAndAmortization": 450009000,
    "ebitda": 440461000,
    "ebitdaratio": 0.1847835617,
    "operatingIncome": -56857000,
    "operatingIncomeRatio": -0.0238528246,
    "totalOtherIncomeExpensesNet": -90045000,
    "incomeBeforeTax": -146902000,
    "incomeBeforeTaxRatio": -0.0616287816,
    "incomeTaxExpense": -162000,
    "netIncome": -146740000,
    "netIncomeRatio": -0.0615608189,
    "eps": -0.43,
    "epsdiluted": -0.43,
    "weightedAverageShsOut": 353730726,
    "weightedAverageShsOutDil": 354776090,
    "link": "https://www.sec.gov/Archives/edgar/data/65984/000006598412000104/0000065984-12-000104-index.htm",
    "finalLink": "https://www.sec.gov/Archives/edgar/data/7323/000006598412000104/a02512.htm"
  },
  {
    "date": "2011-12-31",
    "symbol": "ETR",
    "reportedCurrency": "USD",
    "cik": "0000065984",
    "fillingDate": "2012-02-28",
    "acceptedDate": "2012-02-28 16:06:46",
    "calendarYear": "2011",
    "period": "Q4",
    "revenue": 2489032000,
    "costOfRevenue": 911595000,
    "grossProfit": 1577437000,
    "grossProfitRatio": 0.6337552109,
    "researchAndDevelopmentExpenses": 0,
    "generalAndAdministrativeExpenses": 23366000,
    "sellingAndMarketingExpenses": 0,
    "sellingGeneralAndAdministrativeExpenses": 23366000,
    "otherExpenses": 1211376000,
    "operatingExpenses": 1234742000,
    "costAndExpenses": 2146337000,
    "interestIncome": 33228000,
    "interestExpense": 169434000,
    "depreciationAndAmortization": 429725000,
    "ebitda": 849376000,
    "ebitdaratio": 0.3412475211,
    "operatingIncome": 342695000,
    "operatingIncomeRatio": 0.1376820386,
    "totalOtherIncomeExpensesNet": -92478000,
    "incomeBeforeTax": 250217000,
    "incomeBeforeTaxRatio": 0.1005278357,
    "incomeTaxExpense": 90191000,
    "netIncome": 154139000,
    "netIncomeRatio": 0.0619272874,
    "eps": 0.44,
    "epsdiluted": 0.44,
    "weightedAverageShsOut": 352323538,
    "weightedAverageShsOutDil": 354165140,
    "link": "https://www.sec.gov/Archives/edgar/data/65984/000006598412000067/0000065984-12-000067-index.htm",
    "finalLink": "https://www.sec.gov/Archives/edgar/data/7323/000006598412000067/a10-k.htm"
  },
  {
    "date": "2011-09-30",
    "symbol": "ETR",
    "reportedCurrency": "USD",
    "cik": "0000065984",
    "fillingDate": "2011-11-07",
    "acceptedDate": "2011-11-07 09:20:59",
    "calendarYear": "2011",
    "period": "Q3",
    "revenue": 3395553000,
    "costOfRevenue": 1389883000,
    "grossProfit": 2005670000,
    "grossProfitRatio": 0.59067551,
    "researchAndDevelopmentExpenses": 0,
    "generalAndAdministrativeExpenses": 56467000,
    "sellingAndMarketingExpenses": 0,
    "sellingGeneralAndAdministrativeExpenses": 260315000,
    "otherExpenses": 1144446000,
    "operatingExpenses": 1404761000,
    "costAndExpenses": 2794644000,
    "interestIncome": 33238000,
    "interestExpense": 127588000,
    "depreciationAndAmortization": 463702000,
    "ebitda": 1105228000,
    "ebitdaratio": 0.3254927842,
    "operatingIncome": 600909000,
    "operatingIncomeRatio": 0.1769694068,
    "totalOtherIncomeExpensesNet": -86971000,
    "incomeBeforeTax": 513938000,
    "incomeBeforeTaxRatio": 0.1513562003,
    "incomeTaxExpense": -119131000,
    "netIncome": 628054000,
    "netIncomeRatio": 0.1849636863,
    "eps": 1.78,
    "epsdiluted": 1.77,
    "weightedAverageShsOut": 353900938,
    "weightedAverageShsOutDil": 355446040,
    "link": "https://www.sec.gov/Archives/edgar/data/65984/000006598411000179/0000065984-11-000179-index.htm",
    "finalLink": "https://www.sec.gov/Archives/edgar/data/7323/000006598411000179/a06211.htm"
  },
  {
    "date": "2011-06-30",
    "symbol": "ETR",
    "reportedCurrency": "USD",
    "cik": "0000065984",
    "fillingDate": "2011-08-08",
    "acceptedDate": "2011-08-08 17:23:26",
    "calendarYear": "2011",
    "period": "Q2",
    "revenue": 2803279000,
    "costOfRevenue": 1077526000,
    "grossProfit": 1725753000,
    "grossProfitRatio": 0.6156194228,
    "researchAndDevelopmentExpenses": 0,
    "generalAndAdministrativeExpenses": 55497000,
    "sellingAndMarketingExpenses": 0,
    "sellingGeneralAndAdministrativeExpenses": 61098000,
    "otherExpenses": 1105917000,
    "operatingExpenses": 1167015000,
    "costAndExpenses": 2244541000,
    "interestIncome": 35921000,
    "interestExpense": 126899000,
    "depreciationAndAmortization": 429617000,
    "ebitda": 1028067000,
    "ebitdaratio": 0.3667373101,
    "operatingIncome": 558738000,
    "operatingIncomeRatio": 0.1993158726,
    "totalOtherIncomeExpensesNet": -87187000,
    "incomeBeforeTax": 471551000,
    "incomeBeforeTaxRatio": 0.1682140807,
    "incomeTaxExpense": 150953000,
    "netIncome": 315583000,
    "netIncomeRatio": 0.1125763793,
    "eps": 0.89,
    "epsdiluted": 0.88,
    "weightedAverageShsOut": 355617780,
    "weightedAverageShsOutDil": 357850360,
    "link": "https://www.sec.gov/Archives/edgar/data/65984/000006598411000124/0000065984-11-000124-index.htm",
    "finalLink": "https://www.sec.gov/Archives/edgar/data/7323/000006598411000124/a04011.htm"
  },
  {
    "date": "2011-03-31",
    "symbol": "ETR",
    "reportedCurrency": "USD",
    "cik": "0000065984",
    "fillingDate": "2011-05-09",
    "acceptedDate": "2011-05-09 10:57:00",
    "calendarYear": "2011",
    "period": "Q1",
    "revenue": 2541208000,
    "costOfRevenue": 934296000,
    "grossProfit": 1606912000,
    "grossProfitRatio": 0.6323417839,
    "researchAndDevelopmentExpenses": 0,
    "generalAndAdministrativeExpenses": 55265000,
    "sellingAndMarketingExpenses": 0,
    "sellingGeneralAndAdministrativeExpenses": 55265000,
    "otherExpenses": 1040756000,
    "operatingExpenses": 1096021000,
    "costAndExpenses": 2030317000,
    "interestIncome": 26747000,
    "interestExpense": 136134000,
    "depreciationAndAmortization": 422411000,
    "ebitda": 976473000,
    "ebitdaratio": 0.3842554407,
    "operatingIncome": 510891000,
    "operatingIncomeRatio": 0.201042575,
    "totalOtherIncomeExpensesNet": -92963000,
    "incomeBeforeTax": 417928000,
    "incomeBeforeTaxRatio": 0.1644603669,
    "incomeTaxExpense": 164250000,
    "netIncome": 248663000,
    "netIncomeRatio": 0.0978522813,
    "eps": 0.7,
    "epsdiluted": 0.69,
    "weightedAverageShsOut": 357668684,
    "weightedAverageShsOutDil": 360167660,
    "link": "https://www.sec.gov/Archives/edgar/data/65984/000006598411000078/0000065984-11-000078-index.htm",
    "finalLink": "https://www.sec.gov/Archives/edgar/data/7323/000006598411000078/a02411.htm"
  },
  {
    "date": "2010-12-31",
    "symbol": "ETR",
    "reportedCurrency": "USD",
    "cik": "0000065984",
    "fillingDate": "2011-02-28",
    "acceptedDate": "2011-02-28 12:15:43",
    "calendarYear": "2010",
    "period": "Q4",
    "revenue": 2533104000,
    "costOfRevenue": 927594000,
    "grossProfit": 1605510000,
    "grossProfitRatio": 0.633811324,
    "researchAndDevelopmentExpenses": 0,
    "generalAndAdministrativeExpenses": 54313000,
    "sellingAndMarketingExpenses": 0,
    "sellingGeneralAndAdministrativeExpenses": 54313000,
    "otherExpenses": 1157417000,
    "operatingExpenses": 1211730000,
    "costAndExpenses": 2139324000,
    "interestIncome": 19191000,
    "interestExpense": 154853000,
    "depreciationAndAmortization": 445788000,
    "ebitda": 914959000,
    "ebitdaratio": 0.3612007245,
    "operatingIncome": 393780000,
    "operatingIncomeRatio": 0.1554535463,
    "totalOtherIncomeExpensesNet": -79462000,
    "incomeBeforeTax": 314318000,
    "incomeBeforeTaxRatio": 0.1240841276,
    "incomeTaxExpense": 81012000,
    "netIncome": 228291000,
    "netIncomeRatio": 0.0901230269,
    "eps": 0.61,
    "epsdiluted": 0.61,
    "weightedAverageShsOut": 371972883,
    "weightedAverageShsOutDil": 375591407,
    "link": "https://www.sec.gov/Archives/edgar/data/65984/000006598411000033/0000065984-11-000033-index.htm",
    "finalLink": "https://www.sec.gov/Archives/edgar/data/7323/000006598411000033/a10-k.htm"
  },
  {
    "date": "2010-09-30",
    "symbol": "ETR",
    "reportedCurrency": "USD",
    "cik": "0000065984",
    "fillingDate": "2010-11-05",
    "acceptedDate": "2010-11-05 12:05:50",
    "calendarYear": "2010",
    "period": "Q3",
    "revenue": 3332176000,
    "costOfRevenue": 1298442000,
    "grossProfit": 2033734000,
    "grossProfitRatio": 0.6103321073,
    "researchAndDevelopmentExpenses": 0,
    "generalAndAdministrativeExpenses": 53380000,
    "sellingAndMarketingExpenses": 0,
    "sellingGeneralAndAdministrativeExpenses": 53380000,
    "otherExpenses": 1209712000,
    "operatingExpenses": 1263092000,
    "costAndExpenses": 2561534000,
    "interestIncome": 38705000,
    "interestExpense": 127126000,
    "depreciationAndAmortization": 427758000,
    "ebitda": 1237421000,
    "ebitdaratio": 0.3713552345,
    "operatingIncome": 770642000,
    "operatingIncomeRatio": 0.231272898,
    "totalOtherIncomeExpensesNet": -88105000,
    "incomeBeforeTax": 682537000,
    "incomeBeforeTaxRatio": 0.2048322177,
    "incomeTaxExpense": 184636000,
    "netIncome": 492886000,
    "netIncomeRatio": 0.1479171568,
    "eps": 1.33,
    "epsdiluted": 1.31,
    "weightedAverageShsOut": 371924862,
    "weightedAverageShsOutDil": 375554344,
    "link": "https://www.sec.gov/Archives/edgar/data/65984/000006598410000216/0000065984-10-000216-index.htm",
    "finalLink": "https://www.sec.gov/Archives/edgar/data/7323/000006598410000216/a10q.htm"
  },
  {
    "date": "2010-06-30",
    "symbol": "ETR",
    "reportedCurrency": "USD",
    "cik": "0000065984",
    "fillingDate": "2010-08-06",
    "acceptedDate": "2010-08-06 15:20:02",
    "calendarYear": "2010",
    "period": "Q2",
    "revenue": 2862950000,
    "costOfRevenue": 1112225000,
    "grossProfit": 1750725000,
    "grossProfitRatio": 0.6115108542,
    "researchAndDevelopmentExpenses": 0,
    "generalAndAdministrativeExpenses": 52467000,
    "sellingAndMarketingExpenses": 0,
    "sellingGeneralAndAdministrativeExpenses": 52467000,
    "otherExpenses": 1072017000,
    "operatingExpenses": 1124484000,
    "costAndExpenses": 2236709000,
    "interestIncome": 34955000,
    "interestExpense": 137856000,
    "depreciationAndAmortization": 408353000,
    "ebitda": 1070399000,
    "ebitdaratio": 0.3738797394,
    "operatingIncome": 626241000,
    "operatingIncomeRatio": 0.2187397614,
    "totalOtherIncomeExpensesNet": -102051000,
    "incomeBeforeTax": 524190000,
    "incomeBeforeTaxRatio": 0.1830943607,
    "incomeTaxExpense": 203907000,
    "netIncome": 315266000,
    "netIncomeRatio": 0.1101192826,
    "eps": 0.84,
    "epsdiluted": 0.83,
    "weightedAverageShsOut": 377552480,
    "weightedAverageShsOutDil": 381435916,
    "link": "https://www.sec.gov/Archives/edgar/data/65984/000006598410000135/0000065984-10-000135-index.htm",
    "finalLink": "https://www.sec.gov/Archives/edgar/data/7323/000006598410000135/a04110.htm"
  },
  {
    "date": "2010-03-31",
    "symbol": "ETR",
    "reportedCurrency": "USD",
    "cik": "0000065984",
    "fillingDate": "2010-05-07",
    "acceptedDate": "2010-05-07 10:24:25",
    "calendarYear": "2010",
    "period": "Q1",
    "revenue": 2759347000,
    "costOfRevenue": 1095860000,
    "grossProfit": 1663487000,
    "grossProfitRatio": 0.6028553132,
    "researchAndDevelopmentExpenses": 0,
    "generalAndAdministrativeExpenses": 51576000,
    "sellingAndMarketingExpenses": 0,
    "sellingGeneralAndAdministrativeExpenses": 51576000,
    "otherExpenses": 1135197000,
    "operatingExpenses": 1186773000,
    "costAndExpenses": 2282633000,
    "interestIncome": 48209000,
    "interestExpense": 171198000,
    "depreciationAndAmortization": 423432000,
    "ebitda": 961129000,
    "ebitdaratio": 0.3483175548,
    "operatingIncome": 476714000,
    "operatingIncomeRatio": 0.1727633386,
    "totalOtherIncomeExpensesNet": -110215000,
    "incomeBeforeTax": 366499000,
    "incomeBeforeTaxRatio": 0.1328209174,
    "incomeTaxExpense": 147685000,
    "netIncome": 213799000,
    "netIncomeRatio": 0.0774817375,
    "eps": 0.56,
    "epsdiluted": 0.56,
    "weightedAverageShsOut": 378405368,
    "weightedAverageShsOutDil": 382567406,
    "link": "https://www.sec.gov/Archives/edgar/data/65984/000006598410000092/0000065984-10-000092-index.htm",
    "finalLink": "https://www.sec.gov/Archives/edgar/data/7323/000006598410000092/a10q.htm"
  },
  {
    "date": "2009-12-31",
    "symbol": "ETR",
    "reportedCurrency": "USD",
    "cik": "0000065984",
    "fillingDate": "2010-02-26",
    "acceptedDate": "2010-02-26 09:06:37",
    "calendarYear": "2009",
    "period": "Q4",
    "revenue": 2498654000,
    "costOfRevenue": 805715000,
    "grossProfit": 1692939000,
    "grossProfitRatio": 0.6775403877,
    "researchAndDevelopmentExpenses": 0,
    "generalAndAdministrativeExpenses": 0,
    "sellingAndMarketingExpenses": 0,
    "sellingGeneralAndAdministrativeExpenses": 0,
    "otherExpenses": 1189738000,
    "operatingExpenses": 1189738000,
    "costAndExpenses": 1995453000,
    "interestIncome": 0,
    "interestExpense": 0,
    "depreciationAndAmortization": 334537000,
    "ebitda": 704811000,
    "ebitdaratio": 0.2820762699,
    "operatingIncome": 503201000,
    "operatingIncomeRatio": 0.2013888277,
    "totalOtherIncomeExpensesNet": -85822000,
    "incomeBeforeTax": 417379000,
    "incomeBeforeTaxRatio": 0.1670415352,
    "incomeTaxExpense": 98639000,
    "netIncome": 313775000,
    "netIncomeRatio": 0.125577611,
    "eps": 0.81,
    "epsdiluted": 0.8,
    "weightedAverageShsOut": 386196936,
    "weightedAverageShsOutDil": 391713309,
    "link": "https://www.sec.gov/Archives/edgar/data/65984/000006598410000035/0000065984-10-000035-index.htm",
    "finalLink": "https://www.sec.gov/Archives/edgar/data/7323/000006598410000035/a10-k.htm"
  },
  {
    "date": "2009-09-30",
    "symbol": "ETR",
    "reportedCurrency": "USD",
    "cik": "0000065984",
    "fillingDate": "2009-11-06",
    "acceptedDate": "2009-11-06 14:23:47",
    "calendarYear": "2009",
    "period": "Q3",
    "revenue": 2937095000,
    "costOfRevenue": 1008878000,
    "grossProfit": 1928217000,
    "grossProfitRatio": 0.6565048117,
    "researchAndDevelopmentExpenses": 0,
    "generalAndAdministrativeExpenses": 0,
    "sellingAndMarketingExpenses": 0,
    "sellingGeneralAndAdministrativeExpenses": 50069000,
    "otherExpenses": 1077844000,
    "operatingExpenses": 1127913000,
    "costAndExpenses": 2136791000,
    "interestIncome": 87355000,
    "interestExpense": 130132000,
    "depreciationAndAmortization": 378910000,
    "ebitda": 1249623000,
    "ebitdaratio": 0.4254622339,
    "operatingIncome": 800304000,
    "operatingIncomeRatio": 0.2724814826,
    "totalOtherIncomeExpensesNet": -59723000,
    "incomeBeforeTax": 740581000,
    "incomeBeforeTaxRatio": 0.252147445,
    "incomeTaxExpense": 280414000,
    "netIncome": 455169000,
    "netIncomeRatio": 0.1549725154,
    "eps": 1.18,
    "epsdiluted": 1.16,
    "weightedAverageShsOut": 386849808,
    "weightedAverageShsOutDil": 391750482,
    "link": "https://www.sec.gov/Archives/edgar/data/65984/000006598409000219/0000065984-09-000219-index.htm",
    "finalLink": "https://www.sec.gov/Archives/edgar/data/7323/000006598409000219/a10-qfinal.htm"
  },
  {
    "date": "2009-06-30",
    "symbol": "ETR",
    "reportedCurrency": "USD",
    "cik": "0000065984",
    "fillingDate": "2009-08-07",
    "acceptedDate": "2009-08-07 15:28:26",
    "calendarYear": "2009",
    "period": "Q2",
    "revenue": 2520789000,
    "costOfRevenue": 904224000,
    "grossProfit": 1616565000,
    "grossProfitRatio": 0.6412932618,
    "researchAndDevelopmentExpenses": 0,
    "generalAndAdministrativeExpenses": 0,
    "sellingAndMarketingExpenses": 0,
    "sellingGeneralAndAdministrativeExpenses": 49307000,
    "otherExpenses": 1092762000,
    "operatingExpenses": 1142069000,
    "costAndExpenses": 2046293000,
    "interestIncome": 58892000,
    "interestExpense": 152644000,
    "depreciationAndAmortization": 348761000,
    "ebitda": 823857000,
    "ebitdaratio": 0.3268250536,
    "operatingIncome": 474496000,
    "operatingIncomeRatio": 0.1882331286,
    "totalOtherIncomeExpensesNet": -152044000,
    "incomeBeforeTax": 322452000,
    "incomeBeforeTaxRatio": 0.1279170926,
    "incomeTaxExpense": 90641000,
    "netIncome": 226813000,
    "netIncomeRatio": 0.0899769874,
    "eps": 0.58,
    "epsdiluted": 0.57,
    "weightedAverageShsOut": 392210004,
    "weightedAverageShsOutDil": 396486338,
    "link": "https://www.sec.gov/Archives/edgar/data/65984/000006598409000148/0000065984-09-000148-index.htm",
    "finalLink": "https://www.sec.gov/Archives/edgar/data/7323/000006598409000148/a04309.htm"
  },
  {
    "date": "2009-03-31",
    "symbol": "ETR",
    "reportedCurrency": "USD",
    "cik": "0000065984",
    "fillingDate": "2009-05-08",
    "acceptedDate": "2009-05-08 14:10:35",
    "calendarYear": "2009",
    "period": "Q1",
    "revenue": 2789112000,
    "costOfRevenue": 1226366000,
    "grossProfit": 1562746000,
    "grossProfitRatio": 0.5603023471,
    "researchAndDevelopmentExpenses": 0,
    "generalAndAdministrativeExpenses": 0,
    "sellingAndMarketingExpenses": 0,
    "sellingGeneralAndAdministrativeExpenses": 48742000,
    "otherExpenses": 1007477000,
    "operatingExpenses": 1056219000,
    "costAndExpenses": 2282585000,
    "interestIncome": 46387000,
    "interestExpense": 147258000,
    "depreciationAndAmortization": 348444000,
    "ebitda": 899081000,
    "ebitdaratio": 0.3223538531,
    "operatingIncome": 506527000,
    "operatingIncomeRatio": 0.1816086984,
    "totalOtherIncomeExpensesNet": -103148000,
    "incomeBeforeTax": 403379000,
    "incomeBeforeTaxRatio": 0.1446263183,
    "incomeTaxExpense": 163046000,
    "netIncome": 235335000,
    "netIncomeRatio": 0.0843763176,
    "eps": 0.61,
    "epsdiluted": 0.6,
    "weightedAverageShsOut": 385187202,
    "weightedAverageShsOutDil": 396116004,
    "link": "https://www.sec.gov/Archives/edgar/data/65984/000006598409000093/0000065984-09-000093-index.htm",
    "finalLink": "https://www.sec.gov/Archives/edgar/data/7323/000006598409000093/a10q.htm"
  },
  {
    "date": "2008-12-31",
    "symbol": "ETR",
    "reportedCurrency": "USD",
    "cik": "0000065984",
    "fillingDate": "2009-03-02",
    "acceptedDate": "2009-03-02 14:42:00",
    "calendarYear": "2008",
    "period": "Q4",
    "revenue": 3000868000,
    "costOfRevenue": 1620258000,
    "grossProfit": 1380610000,
    "grossProfitRatio": 0.4600702197,
    "researchAndDevelopmentExpenses": 0,
    "generalAndAdministrativeExpenses": 0,
    "sellingAndMarketingExpenses": 0,
    "sellingGeneralAndAdministrativeExpenses": 0,
    "otherExpenses": 1023877000,
    "operatingExpenses": 1023877000,
    "costAndExpenses": 2644135000,
    "interestIncome": 0,
    "interestExpense": 0,
    "depreciationAndAmortization": 323324000,
    "ebitda": 680057000,
    "ebitdaratio": 0.2266200979,
    "operatingIncome": 356733000,
    "operatingIncomeRatio": 0.118876605,
    "totalOtherIncomeExpensesNet": -107448000,
    "incomeBeforeTax": 249285000,
    "incomeBeforeTaxRatio": 0.0830709648,
    "incomeTaxExpense": 58742000,
    "netIncome": 185545000,
    "netIncomeRatio": 0.0618304437,
    "eps": 0.48,
    "epsdiluted": 0.46,
    "weightedAverageShsOut": 383519214,
    "weightedAverageShsOutDil": 399069590,
    "link": "https://www.sec.gov/Archives/edgar/data/65984/000006598409000062/0000065984-09-000062-index.htm",
    "finalLink": "https://www.sec.gov/Archives/edgar/data/7323/000006598409000062/a10k.htm"
  },
  {
    "date": "2008-09-30",
    "symbol": "ETR",
    "reportedCurrency": "USD",
    "cik": "0000065984",
    "fillingDate": "2008-11-07",
    "acceptedDate": "2008-11-07 16:46:50",
    "calendarYear": "2008",
    "period": "Q3",
    "revenue": 3963884000,
    "costOfRevenue": 2034282000,
    "grossProfit": 1929602000,
    "grossProfitRatio": 0.4867957791,
    "researchAndDevelopmentExpenses": 0,
    "generalAndAdministrativeExpenses": 0,
    "sellingAndMarketingExpenses": 0,
    "sellingGeneralAndAdministrativeExpenses": 0,
    "otherExpenses": 1177510000,
    "operatingExpenses": 1177510000,
    "costAndExpenses": 3211792000,
    "interestIncome": 0,
    "interestExpense": 0,
    "depreciationAndAmortization": 311171000,
    "ebitda": 1063263000,
    "ebitdaratio": 0.2682376679,
    "operatingIncome": 752092000,
    "operatingIncomeRatio": 0.1897361275,
    "totalOtherIncomeExpensesNet": -113564000,
    "incomeBeforeTax": 638528000,
    "incomeBeforeTaxRatio": 0.1610864496,
    "incomeTaxExpense": 168239000,
    "netIncome": 465291000,
    "netIncomeRatio": 0.1173825975,
    "eps": 1.24,
    "epsdiluted": 1.21,
    "weightedAverageShsOut": 380758018,
    "weightedAverageShsOutDil": 389921660,
    "link": "https://www.sec.gov/Archives/edgar/data/65984/000006598408000164/0000065984-08-000164-index.htm",
    "finalLink": "https://www.sec.gov/Archives/edgar/data/7323/000006598408000164/a10q.htm"
  },
  {
    "date": "2008-06-30",
    "symbol": "ETR",
    "reportedCurrency": "USD",
    "cik": "0000065984",
    "fillingDate": "2008-08-07",
    "acceptedDate": "2008-08-07 17:25:32",
    "calendarYear": "2008",
    "period": "Q2",
    "revenue": 3264271000,
    "costOfRevenue": 1530879000,
    "grossProfit": 1733392000,
    "grossProfitRatio": 0.5310196365,
    "researchAndDevelopmentExpenses": 0,
    "generalAndAdministrativeExpenses": 0,
    "sellingAndMarketingExpenses": 0,
    "sellingGeneralAndAdministrativeExpenses": 0,
    "otherExpenses": 1165283000,
    "operatingExpenses": 1165283000,
    "costAndExpenses": 2696162000,
    "interestIncome": 47803000,
    "interestExpense": 142996000,
    "depreciationAndAmortization": 294793000,
    "ebitda": 896730000,
    "ebitdaratio": 0.2747106475,
    "operatingIncome": 568109000,
    "operatingIncomeRatio": 0.1740385526,
    "totalOtherIncomeExpensesNet": -109168000,
    "incomeBeforeTax": 458941000,
    "incomeBeforeTaxRatio": 0.1405952508,
    "incomeTaxExpense": 183012000,
    "netIncome": 270954000,
    "netIncomeRatio": 0.0830059759,
    "eps": 0.71,
    "epsdiluted": 0.69,
    "weightedAverageShsOut": 382653856,
    "weightedAverageShsOutDil": 395728918,
    "link": "https://www.sec.gov/Archives/edgar/data/65984/000006598408000132/0000065984-08-000132-index.htm",
    "finalLink": "https://www.sec.gov/Archives/edgar/data/7323/000006598408000132/a10q.htm"
  },
  {
    "date": "2008-03-31",
    "symbol": "ETR",
    "reportedCurrency": "USD",
    "cik": "0000065984",
    "fillingDate": "2008-05-09",
    "acceptedDate": "2008-05-09 13:02:25",
    "calendarYear": "2008",
    "period": "Q1",
    "revenue": 2864734000,
    "costOfRevenue": 1161143000,
    "grossProfit": 1703591000,
    "grossProfitRatio": 0.5946768531,
    "researchAndDevelopmentExpenses": 0,
    "generalAndAdministrativeExpenses": 0,
    "sellingAndMarketingExpenses": 0,
    "sellingGeneralAndAdministrativeExpenses": 0,
    "otherExpenses": 1097358000,
    "operatingExpenses": 1097358000,
    "costAndExpenses": 2258501000,
    "interestIncome": 0,
    "interestExpense": 0,
    "depreciationAndAmortization": 290981000,
    "ebitda": 897214000,
    "ebitdaratio": 0.3131927781,
    "operatingIncome": 606233000,
    "operatingIncomeRatio": 0.2116192987,
    "totalOtherIncomeExpensesNet": -104481000,
    "incomeBeforeTax": 501752000,
    "incomeBeforeTaxRatio": 0.1751478497,
    "incomeTaxExpense": 193003000,
    "netIncome": 303751000,
    "netIncomeRatio": 0.1060311359,
    "eps": 0.8,
    "epsdiluted": 0.78,
    "weightedAverageShsOut": 385279210,
    "weightedAverageShsOutDil": 396600082,
    "link": "https://www.sec.gov/Archives/edgar/data/65984/000006598408000089/0000065984-08-000089-index.htm",
    "finalLink": "https://www.sec.gov/Archives/edgar/data/7323/000006598408000089/a10q.htm"
  },
  {
    "date": "2007-12-31",
    "symbol": "ETR",
    "reportedCurrency": "USD",
    "cik": "0000065984",
    "fillingDate": "2008-02-29",
    "acceptedDate": "2008-02-29 12:26:32",
    "calendarYear": "2007",
    "period": "Q4",
    "revenue": 2731900000,
    "costOfRevenue": 1163626000,
    "grossProfit": 1568274000,
    "grossProfitRatio": 0.5740598119,
    "researchAndDevelopmentExpenses": 0,
    "generalAndAdministrativeExpenses": 0,
    "sellingAndMarketingExpenses": 0,
    "sellingGeneralAndAdministrativeExpenses": 0,
    "otherExpenses": 1238872000,
    "operatingExpenses": 1238872000,
    "costAndExpenses": 2402498000,
    "interestIncome": 0,
    "interestExpense": 0,
    "depreciationAndAmortization": 297976000,
    "ebitda": 627378000,
    "ebitdaratio": 0.2296489623,
    "operatingIncome": 329402000,
    "operatingIncomeRatio": 0.1205761558,
    "totalOtherIncomeExpensesNet": -104449000,
    "incomeBeforeTax": 224953000,
    "incomeBeforeTaxRatio": 0.0823430579,
    "incomeTaxExpense": 31060000,
    "netIncome": 187572000,
    "netIncomeRatio": 0.068659907,
    "eps": 0.48,
    "epsdiluted": 0.47,
    "weightedAverageShsOut": 391437359,
    "weightedAverageShsOutDil": 403313442,
    "link": "https://www.sec.gov/Archives/edgar/data/65984/000006598408000052/0000065984-08-000052-index.htm",
    "finalLink": "https://www.sec.gov/Archives/edgar/data/7323/000006598408000052/a10k.htm"
  },
  {
    "date": "2007-09-30",
    "symbol": "ETR",
    "reportedCurrency": "USD",
    "cik": "0000065984",
    "fillingDate": "2007-11-08",
    "acceptedDate": "2007-11-08 17:06:18",
    "calendarYear": "2007",
    "period": "Q3",
    "revenue": 3289087000,
    "costOfRevenue": 1329905000,
    "grossProfit": 1959182000,
    "grossProfitRatio": 0.5956613492,
    "researchAndDevelopmentExpenses": 0,
    "generalAndAdministrativeExpenses": 0,
    "sellingAndMarketingExpenses": 0,
    "sellingGeneralAndAdministrativeExpenses": 0,
    "otherExpenses": 1148850000,
    "operatingExpenses": 1148850000,
    "costAndExpenses": 2478755000,
    "interestIncome": 0,
    "interestExpense": 0,
    "depreciationAndAmortization": 282661000,
    "ebitda": 1092993000,
    "ebitdaratio": 0.3323089356,
    "operatingIncome": 810332000,
    "operatingIncomeRatio": 0.2463698893,
    "totalOtherIncomeExpensesNet": -118333000,
    "incomeBeforeTax": 691999000,
    "incomeBeforeTaxRatio": 0.2103924281,
    "incomeTaxExpense": 230840000,
    "netIncome": 454784000,
    "netIncomeRatio": 0.13827059,
    "eps": 1.19,
    "epsdiluted": 1.15,
    "weightedAverageShsOut": 389728718,
    "weightedAverageShsOutDil": 401065884,
    "link": "https://www.sec.gov/Archives/edgar/data/65984/000006598407000191/0000065984-07-000191-index.htm",
    "finalLink": "https://www.sec.gov/Archives/edgar/data/7323/000006598407000191/a10q.htm"
  },
  {
    "date": "2007-06-30",
    "symbol": "ETR",
    "reportedCurrency": "USD",
    "cik": "0000065984",
    "fillingDate": "2007-08-08",
    "acceptedDate": "2007-08-08 16:07:53",
    "calendarYear": "2007",
    "period": "Q2",
    "revenue": 2769352000,
    "costOfRevenue": 1196602000,
    "grossProfit": 1572750000,
    "grossProfitRatio": 0.567912638,
    "researchAndDevelopmentExpenses": 0,
    "generalAndAdministrativeExpenses": 0,
    "sellingAndMarketingExpenses": 0,
    "sellingGeneralAndAdministrativeExpenses": 0,
    "otherExpenses": 1094710000,
    "operatingExpenses": 1094710000,
    "costAndExpenses": 2291312000,
    "interestIncome": 0,
    "interestExpense": 0,
    "depreciationAndAmortization": 280733000,
    "ebitda": 758773000,
    "ebitdaratio": 0.2739893665,
    "operatingIncome": 478040000,
    "operatingIncomeRatio": 0.1726179987,
    "totalOtherIncomeExpensesNet": -103987000,
    "incomeBeforeTax": 374053000,
    "incomeBeforeTaxRatio": 0.1350687814,
    "incomeTaxExpense": 106451000,
    "netIncome": 261414000,
    "netIncomeRatio": 0.0943953676,
    "eps": 0.68,
    "epsdiluted": 0.66,
    "weightedAverageShsOut": 393958280,
    "weightedAverageShsOutDil": 406847292,
    "link": "https://www.sec.gov/Archives/edgar/data/65984/000006598407000151/0000065984-07-000151-index.htm",
    "finalLink": "https://www.sec.gov/Archives/edgar/data/7323/000006598407000151/a10q.htm"
  },
  {
    "date": "2007-03-31",
    "symbol": "ETR",
    "reportedCurrency": "USD",
    "cik": "0000065984",
    "fillingDate": "2007-05-10",
    "acceptedDate": "2007-05-10 16:08:18",
    "calendarYear": "2007",
    "period": "Q1",
    "revenue": 2600230000,
    "costOfRevenue": 1231651000,
    "grossProfit": 1462409000,
    "grossProfitRatio": 0.5624152479,
    "researchAndDevelopmentExpenses": 0,
    "generalAndAdministrativeExpenses": 0,
    "sellingAndMarketingExpenses": 0,
    "sellingGeneralAndAdministrativeExpenses": 0,
    "otherExpenses": 1023815000,
    "operatingExpenses": 1023815000,
    "costAndExpenses": 2255466000,
    "interestIncome": 0,
    "interestExpense": 0,
    "depreciationAndAmortization": 270240000,
    "ebitda": 708834000,
    "ebitdaratio": 0.2726043465,
    "operatingIncome": 438594000,
    "operatingIncomeRatio": 0.1686750787,
    "totalOtherIncomeExpensesNet": -80334000,
    "incomeBeforeTax": 356748000,
    "incomeBeforeTaxRatio": 0.1371986324,
    "incomeTaxExpense": 146065000,
    "netIncome": 205974000,
    "netIncomeRatio": 0.0792137619,
    "eps": 0.53,
    "epsdiluted": 0.52,
    "weightedAverageShsOut": 401099870,
    "weightedAverageShsOutDil": 412266880,
    "link": "https://www.sec.gov/Archives/edgar/data/65984/000006598407000103/0000065984-07-000103-index.htm",
    "finalLink": "https://www.sec.gov/Archives/edgar/data/7323/000006598407000103/a10-q.htm"
  },
  {
    "date": "2006-12-31",
    "symbol": "ETR",
    "reportedCurrency": "USD",
    "cik": "0000065984",
    "fillingDate": "2007-03-01",
    "acceptedDate": "2007-03-01 15:08:24",
    "calendarYear": "2006",
    "period": "Q4",
    "revenue": 2480904000,
    "costOfRevenue": 1188391000,
    "grossProfit": 1292513000,
    "grossProfitRatio": 0.5209846895,
    "researchAndDevelopmentExpenses": 0,
    "generalAndAdministrativeExpenses": 0,
    "sellingAndMarketingExpenses": 0,
    "sellingGeneralAndAdministrativeExpenses": 0,
    "otherExpenses": 1011788000,
    "operatingExpenses": 1011788000,
    "costAndExpenses": 2200179000,
    "interestIncome": 0,
    "interestExpense": 0,
    "depreciationAndAmortization": 269526000,
    "ebitda": 550251000,
    "ebitdaratio": 0.2217945555,
    "operatingIncome": 280725000,
    "operatingIncomeRatio": 0.1131543179,
    "totalOtherIncomeExpensesNet": -25859000,
    "incomeBeforeTax": 254866000,
    "incomeBeforeTaxRatio": 0.1027311012,
    "incomeTaxExpense": -1126000,
    "netIncome": 240505000,
    "netIncomeRatio": 0.0969424855,
    "eps": 0.58,
    "epsdiluted": 0.57,
    "weightedAverageShsOut": 415839701,
    "weightedAverageShsOutDil": 423857225,
    "link": "https://www.sec.gov/Archives/edgar/data/65984/000006598407000057/0000065984-07-000057-index.htm",
    "finalLink": "https://www.sec.gov/Archives/edgar/data/7323/000006598407000057/a10-k.htm"
  },
  {
    "date": "2006-09-30",
    "symbol": "ETR",
    "reportedCurrency": "USD",
    "cik": "0000065984",
    "fillingDate": "2006-11-08",
    "acceptedDate": "2006-11-08 16:05:38",
    "calendarYear": "2006",
    "period": "Q3",
    "revenue": 3254719000,
    "costOfRevenue": 1638380000,
    "grossProfit": 1616339000,
    "grossProfitRatio": 0.4966139934,
    "researchAndDevelopmentExpenses": 0,
    "generalAndAdministrativeExpenses": 0,
    "sellingAndMarketingExpenses": 0,
    "sellingGeneralAndAdministrativeExpenses": 0,
    "otherExpenses": 993494000,
    "operatingExpenses": 993494000,
    "costAndExpenses": 2631874000,
    "interestIncome": 0,
    "interestExpense": 0,
    "depreciationAndAmortization": 268995000,
    "ebitda": 891840000,
    "ebitdaratio": 0.2740144387,
    "operatingIncome": 622845000,
    "operatingIncomeRatio": 0.1913667509,
    "totalOtherIncomeExpensesNet": -23664000,
    "incomeBeforeTax": 599181000,
    "incomeBeforeTaxRatio": 0.1840960771,
    "incomeTaxExpense": 202437000,
    "netIncome": 388883000,
    "netIncomeRatio": 0.1194828186,
    "eps": 0.94,
    "epsdiluted": 0.92,
    "weightedAverageShsOut": 416765726,
    "weightedAverageShsOutDil": 424809540,
    "link": "https://www.sec.gov/Archives/edgar/data/65984/000006598406000232/0000065984-06-000232-index.htm",
    "finalLink": "https://www.sec.gov/Archives/edgar/data/7323/000006598406000232/a10q.htm"
  },
  {
    "date": "2006-06-30",
    "symbol": "ETR",
    "reportedCurrency": "USD",
    "cik": "0000065984",
    "fillingDate": "2006-08-09",
    "acceptedDate": "2006-08-08 18:36:32",
    "calendarYear": "2006",
    "period": "Q2",
    "revenue": 2628502000,
    "costOfRevenue": 1281573000,
    "grossProfit": 1346929000,
    "grossProfitRatio": 0.5124321762,
    "researchAndDevelopmentExpenses": 0,
    "generalAndAdministrativeExpenses": 0,
    "sellingAndMarketingExpenses": 0,
    "sellingGeneralAndAdministrativeExpenses": 0,
    "otherExpenses": 918565000,
    "operatingExpenses": 918565000,
    "costAndExpenses": 2200138000,
    "interestIncome": 0,
    "interestExpense": 0,
    "depreciationAndAmortization": 254825000,
    "ebitda": 683189000,
    "ebitdaratio": 0.2599157239,
    "operatingIncome": 428364000,
    "operatingIncomeRatio": 0.1629688697,
    "totalOtherIncomeExpensesNet": -36780000,
    "incomeBeforeTax": 399358000,
    "incomeBeforeTaxRatio": 0.1519336869,
    "incomeTaxExpense": 122901000,
    "netIncome": 274028000,
    "netIncomeRatio": 0.1042525362,
    "eps": 0.68,
    "epsdiluted": 0.67,
    "weightedAverageShsOut": 415964970,
    "weightedAverageShsOutDil": 423115970,
    "link": "https://www.sec.gov/Archives/edgar/data/65984/000006598406000193/0000065984-06-000193-index.htm",
    "finalLink": "https://www.sec.gov/Archives/edgar/data/7323/000006598406000193/a10-q.htm"
  },
  {
    "date": "2006-03-31",
    "symbol": "ETR",
    "reportedCurrency": "USD",
    "cik": "0000065984",
    "fillingDate": "2006-05-10",
    "acceptedDate": "2006-05-10 11:29:22",
    "calendarYear": "2006",
    "period": "Q1",
    "revenue": 2568031000,
    "costOfRevenue": 1301541000,
    "grossProfit": 1266490000,
    "grossProfitRatio": 0.4931755107,
    "researchAndDevelopmentExpenses": 0,
    "generalAndAdministrativeExpenses": 0,
    "sellingAndMarketingExpenses": 0,
    "sellingGeneralAndAdministrativeExpenses": 0,
    "otherExpenses": 915745000,
    "operatingExpenses": 915745000,
    "costAndExpenses": 2217286000,
    "interestIncome": 0,
    "interestExpense": 0,
    "depreciationAndAmortization": 241807000,
    "ebitda": 592552000,
    "ebitdaratio": 0.2307417629,
    "operatingIncome": 350745000,
    "operatingIncomeRatio": 0.1365812952,
    "totalOtherIncomeExpensesNet": -28010000,
    "incomeBeforeTax": 322735000,
    "incomeBeforeTaxRatio": 0.125674106,
    "incomeTaxExpense": 118830000,
    "netIncome": 193628000,
    "netIncomeRatio": 0.0753994013,
    "eps": 0.47,
    "epsdiluted": 0.46,
    "weightedAverageShsOut": 415464682,
    "weightedAverageShsOutDil": 422749024,
    "link": "https://www.sec.gov/Archives/edgar/data/65984/000006598406000141/0000065984-06-000141-index.htm",
    "finalLink": "https://www.sec.gov/Archives/edgar/data/7323/000006598406000141/a10-q.htm"
  },
  {
    "date": "2005-12-31",
    "symbol": "ETR",
    "reportedCurrency": "USD",
    "cik": "0000065984",
    "fillingDate": "2006-03-10",
    "acceptedDate": "2006-03-10 09:07:40",
    "calendarYear": "2005",
    "period": "Q4",
    "revenue": 2156640000,
    "costOfRevenue": 791115000,
    "grossProfit": 1365525000,
    "grossProfitRatio": 0.6331724349,
    "researchAndDevelopmentExpenses": 0,
    "generalAndAdministrativeExpenses": 0,
    "sellingAndMarketingExpenses": 0,
    "sellingGeneralAndAdministrativeExpenses": 0,
    "otherExpenses": 1088089000,
    "operatingExpenses": 1088089000,
    "costAndExpenses": 1879204000,
    "interestIncome": 0,
    "interestExpense": 0,
    "depreciationAndAmortization": 254455000,
    "ebitda": 531891000,
    "ebitdaratio": 0.2466294792,
    "operatingIncome": 277436000,
    "operatingIncomeRatio": 0.1286427035,
    "totalOtherIncomeExpensesNet": -37030000,
    "incomeBeforeTax": 240406000,
    "incomeBeforeTaxRatio": 0.1114724757,
    "incomeTaxExpense": 99169000,
    "netIncome": 90233000,
    "netIncomeRatio": 0.0418396209,
    "eps": 0.22,
    "epsdiluted": 0.21,
    "weightedAverageShsOut": 418048649,
    "weightedAverageShsOutDil": 426776981,
    "link": "https://www.sec.gov/Archives/edgar/data/65984/000006598406000119/0000065984-06-000119-index.htm",
    "finalLink": "https://www.sec.gov/Archives/edgar/data/7323/000006598406000119/a10k.htm"
  },
  {
    "date": "2005-09-30",
    "symbol": "ETR",
    "reportedCurrency": "USD",
    "cik": "0000065984",
    "fillingDate": "2005-11-09",
    "acceptedDate": "2005-11-09 17:17:23",
    "calendarYear": "2005",
    "period": "Q3",
    "revenue": 3129731000,
    "costOfRevenue": 1397291000,
    "grossProfit": 1500967000,
    "grossProfitRatio": 0.4795833891,
    "researchAndDevelopmentExpenses": 0,
    "generalAndAdministrativeExpenses": 0,
    "sellingAndMarketingExpenses": 0,
    "sellingGeneralAndAdministrativeExpenses": 0,
    "otherExpenses": 846627000,
    "operatingExpenses": 846627000,
    "costAndExpenses": 2243918000,
    "interestIncome": 0,
    "interestExpense": 0,
    "depreciationAndAmortization": 252939000,
    "ebitda": 907279000,
    "ebitdaratio": 0.2898904091,
    "operatingIncome": 654340000,
    "operatingIncomeRatio": 0.2090722813,
    "totalOtherIncomeExpensesNet": -68764000,
    "incomeBeforeTax": 574645000,
    "incomeBeforeTaxRatio": 0.1836084315,
    "incomeTaxExpense": 222080000,
    "netIncome": 349952000,
    "netIncomeRatio": 0.1118153605,
    "eps": 0.84,
    "epsdiluted": 0.83,
    "weightedAverageShsOut": 415813524,
    "weightedAverageShsOutDil": 424671238,
    "link": "https://www.sec.gov/Archives/edgar/data/65984/000006598405000323/0000065984-05-000323-index.htm",
    "finalLink": "https://www.sec.gov/Archives/edgar/data/7323/000006598405000323/a10q.htm"
  },
  {
    "date": "2005-06-30",
    "symbol": "ETR",
    "reportedCurrency": "USD",
    "cik": "0000065984",
    "fillingDate": "2005-08-04",
    "acceptedDate": "2005-08-04 14:01:09",
    "calendarYear": "2005",
    "period": "Q2",
    "revenue": 2709519000,
    "costOfRevenue": 1067072000,
    "grossProfit": 1378319000,
    "grossProfitRatio": 0.5086950857,
    "researchAndDevelopmentExpenses": 0,
    "generalAndAdministrativeExpenses": 0,
    "sellingAndMarketingExpenses": 0,
    "sellingGeneralAndAdministrativeExpenses": 0,
    "otherExpenses": 894696000,
    "operatingExpenses": 894696000,
    "costAndExpenses": 1961768000,
    "interestIncome": 0,
    "interestExpense": 0,
    "depreciationAndAmortization": 241369000,
    "ebitda": 724992000,
    "ebitdaratio": 0.2675722148,
    "operatingIncome": 483623000,
    "operatingIncomeRatio": 0.178490352,
    "totalOtherIncomeExpensesNet": -36415000,
    "incomeBeforeTax": 449179000,
    "incomeBeforeTaxRatio": 0.1657781326,
    "incomeTaxExpense": 151849000,
    "netIncome": 286150000,
    "netIncomeRatio": 0.1056091506,
    "eps": 0.68,
    "epsdiluted": 0.67,
    "weightedAverageShsOut": 422268934,
    "weightedAverageShsOutDil": 431137068,
    "link": "https://www.sec.gov/Archives/edgar/data/65984/000006598405000266/0000065984-05-000266-index.htm",
    "finalLink": "https://www.sec.gov/Archives/edgar/data/7323/000006598405000266/a10q.htm"
  },
  {
    "date": "2005-03-31",
    "symbol": "ETR",
    "reportedCurrency": "USD",
    "cik": "0000065984",
    "fillingDate": "2005-05-04",
    "acceptedDate": "2005-05-04 15:08:20",
    "calendarYear": "2005",
    "period": "Q1",
    "revenue": 2323414000,
    "costOfRevenue": 930609000,
    "grossProfit": 1179573000,
    "grossProfitRatio": 0.5076895465,
    "researchAndDevelopmentExpenses": 0,
    "generalAndAdministrativeExpenses": 0,
    "sellingAndMarketingExpenses": 0,
    "sellingGeneralAndAdministrativeExpenses": 0,
    "otherExpenses": 886585000,
    "operatingExpenses": 886585000,
    "costAndExpenses": 1817194000,
    "interestIncome": 0,
    "interestExpense": 0,
    "depreciationAndAmortization": 253089000,
    "ebitda": 546077000,
    "ebitdaratio": 0.2350321553,
    "operatingIncome": 292988000,
    "operatingIncomeRatio": 0.1261023649,
    "totalOtherIncomeExpensesNet": -21001000,
    "incomeBeforeTax": 273655000,
    "incomeBeforeTaxRatio": 0.1177814199,
    "incomeTaxExpense": 92242000,
    "netIncome": 171996000,
    "netIncomeRatio": 0.0740272719,
    "eps": 0.4,
    "epsdiluted": 0.4,
    "weightedAverageShsOut": 428256046,
    "weightedAverageShsOutDil": 437266404,
    "link": "https://www.sec.gov/Archives/edgar/data/65984/000006598405000193/0000065984-05-000193-index.htm",
    "finalLink": "https://www.sec.gov/Archives/edgar/data/7323/000006598405000193/a10-q.htm"
  },
  {
    "date": "2004-12-31",
    "symbol": "ETR",
    "reportedCurrency": "USD",
    "cik": "0000065984",
    "fillingDate": "2005-03-11",
    "acceptedDate": "2005-03-10 19:49:15",
    "calendarYear": "2004",
    "period": "Q4",
    "revenue": 2423496000,
    "costOfRevenue": 1174780000,
    "grossProfit": 1248716000,
    "grossProfitRatio": 0.5152539967,
    "researchAndDevelopmentExpenses": 0,
    "generalAndAdministrativeExpenses": 0,
    "sellingAndMarketingExpenses": 0,
    "sellingGeneralAndAdministrativeExpenses": 0,
    "otherExpenses": 1130380000,
    "operatingExpenses": 1130380000,
    "costAndExpenses": 2305160000,
    "interestIncome": 0,
    "interestExpense": 0,
    "depreciationAndAmortization": 269316000,
    "ebitda": 387652000,
    "ebitdaratio": 0.1599557004,
    "operatingIncome": 118336000,
    "operatingIncomeRatio": 0.0488286343,
    "totalOtherIncomeExpensesNet": -38422000,
    "incomeBeforeTax": 79914000,
    "incomeBeforeTaxRatio": 0.0329746779,
    "incomeTaxExpense": -81060000,
    "netIncome": 154937000,
    "netIncomeRatio": 0.0639311969,
    "eps": 0.35,
    "epsdiluted": 0.34,
    "weightedAverageShsOut": 447829856,
    "weightedAverageShsOutDil": 456572621,
    "link": "https://www.sec.gov/Archives/edgar/data/65984/000006598405000147/0000065984-05-000147-index.htm",
    "finalLink": "https://www.sec.gov/Archives/edgar/data/7323/000006598405000147/a10-k.htm"
  },
  {
    "date": "2004-09-30",
    "symbol": "ETR",
    "reportedCurrency": "USD",
    "cik": "0000065984",
    "fillingDate": "2004-11-05",
    "acceptedDate": "2004-11-05 13:48:06",
    "calendarYear": "2004",
    "period": "Q3",
    "revenue": 2963581000,
    "costOfRevenue": 1448261000,
    "grossProfit": 1515320000,
    "grossProfitRatio": 0.5113138463,
    "researchAndDevelopmentExpenses": 0,
    "generalAndAdministrativeExpenses": 0,
    "sellingAndMarketingExpenses": 0,
    "sellingGeneralAndAdministrativeExpenses": 0,
    "otherExpenses": 943848000,
    "operatingExpenses": 943848000,
    "costAndExpenses": 2392109000,
    "interestIncome": 0,
    "interestExpense": 0,
    "depreciationAndAmortization": 274071000,
    "ebitda": 845543000,
    "ebitdaratio": 0.2853112501,
    "operatingIncome": 571472000,
    "operatingIncomeRatio": 0.1928315777,
    "totalOtherIncomeExpensesNet": -108649000,
    "incomeBeforeTax": 462823000,
    "incomeBeforeTaxRatio": 0.1561701874,
    "incomeTaxExpense": 174776000,
    "netIncome": 282244000,
    "netIncomeRatio": 0.0952374847,
    "eps": 0.62,
    "epsdiluted": 0.61,
    "weightedAverageShsOut": 453764948,
    "weightedAverageShsOutDil": 462255166,
    "link": "https://www.sec.gov/Archives/edgar/data/65984/000006598404000330/0000065984-04-000330-index.htm",
    "finalLink": "https://www.sec.gov/Archives/edgar/data/7323/000006598404000330/a10q.htm"
  },
  {
    "date": "2004-06-30",
    "symbol": "ETR",
    "reportedCurrency": "USD",
    "cik": "0000065984",
    "fillingDate": "2004-08-06",
    "acceptedDate": "2004-08-05 17:50:15",
    "calendarYear": "2004",
    "period": "Q2",
    "revenue": 2485097000,
    "costOfRevenue": 1082906000,
    "grossProfit": 1402191000,
    "grossProfitRatio": 0.5642399472,
    "researchAndDevelopmentExpenses": 0,
    "generalAndAdministrativeExpenses": 0,
    "sellingAndMarketingExpenses": 0,
    "sellingGeneralAndAdministrativeExpenses": 0,
    "otherExpenses": 907879000,
    "operatingExpenses": 907879000,
    "costAndExpenses": 1990785000,
    "interestIncome": 0,
    "interestExpense": 0,
    "depreciationAndAmortization": 252739000,
    "ebitda": 747051000,
    "ebitdaratio": 0.3006124107,
    "operatingIncome": 494312000,
    "operatingIncomeRatio": 0.1989105455,
    "totalOtherIncomeExpensesNet": -57106000,
    "incomeBeforeTax": 437206000,
    "incomeBeforeTaxRatio": 0.1759311608,
    "incomeTaxExpense": 166195000,
    "netIncome": 265182000,
    "netIncomeRatio": 0.1067089132,
    "eps": 0.58,
    "epsdiluted": 0.57,
    "weightedAverageShsOut": 457429308,
    "weightedAverageShsOutDil": 465550098,
    "link": "https://www.sec.gov/Archives/edgar/data/65984/000006598404000230/0000065984-04-000230-index.htm",
    "finalLink": "https://www.sec.gov/Archives/edgar/data/7323/000006598404000230/a10-q.htm"
  },
  {
    "date": "2004-03-31",
    "symbol": "ETR",
    "reportedCurrency": "USD",
    "cik": "0000065984",
    "fillingDate": "2004-05-10",
    "acceptedDate": "2004-05-10 15:58:40",
    "calendarYear": "2004",
    "period": "Q1",
    "revenue": 2251549000,
    "costOfRevenue": 999647000,
    "grossProfit": 1251902000,
    "grossProfitRatio": 0.5560181013,
    "researchAndDevelopmentExpenses": 0,
    "generalAndAdministrativeExpenses": 0,
    "sellingAndMarketingExpenses": 0,
    "sellingGeneralAndAdministrativeExpenses": 0,
    "otherExpenses": 889157000,
    "operatingExpenses": 889157000,
    "costAndExpenses": 1888804000,
    "interestIncome": 0,
    "interestExpense": 0,
    "depreciationAndAmortization": 248996000,
    "ebitda": 611741000,
    "ebitdaratio": 0.27169784,
    "operatingIncome": 362745000,
    "operatingIncomeRatio": 0.1611090853,
    "totalOtherIncomeExpensesNet": -43732000,
    "incomeBeforeTax": 319013000,
    "incomeBeforeTaxRatio": 0.1416860126,
    "incomeTaxExpense": 105997000,
    "netIncome": 207161000,
    "netIncomeRatio": 0.092008213,
    "eps": 0.45,
    "epsdiluted": 0.44,
    "weightedAverageShsOut": 460529276,
    "weightedAverageShsOutDil": 469957250,
    "link": "https://www.sec.gov/Archives/edgar/data/65984/000006598404000181/0000065984-04-000181-index.htm",
    "finalLink": "https://www.sec.gov/Archives/edgar/data/7323/000006598404000181/a10-q.htm"
  },
  {
    "date": "2003-12-31",
    "symbol": "ETR",
    "reportedCurrency": "USD",
    "cik": "0000065984",
    "fillingDate": "2004-03-11",
    "acceptedDate": "2004-03-10 18:35:57",
    "calendarYear": "2003",
    "period": "Q4",
    "revenue": 2103160000,
    "costOfRevenue": 1026461000,
    "grossProfit": 1076699000,
    "grossProfitRatio": 0.5119434565,
    "researchAndDevelopmentExpenses": 0,
    "generalAndAdministrativeExpenses": 0,
    "sellingAndMarketingExpenses": 0,
    "sellingGeneralAndAdministrativeExpenses": 0,
    "otherExpenses": 1036131000,
    "operatingExpenses": 1036131000,
    "costAndExpenses": 2062592000,
    "interestIncome": 0,
    "interestExpense": 0,
    "depreciationAndAmortization": 251657000,
    "ebitda": 292225000,
    "ebitdaratio": 0.1389456817,
    "operatingIncome": 40568000,
    "operatingIncomeRatio": 0.0192890698,
    "totalOtherIncomeExpensesNet": -77339000,
    "incomeBeforeTax": -36771000,
    "incomeBeforeTaxRatio": -0.0174836912,
    "incomeTaxExpense": -8994000,
    "netIncome": -33625000,
    "netIncomeRatio": -0.0159878469,
    "eps": -0.0868,
    "epsdiluted": -0.0851,
    "weightedAverageShsOut": 454909875,
    "weightedAverageShsOutDil": 463661474,
    "link": "https://www.sec.gov/Archives/edgar/data/65984/000006598404000135/0000065984-04-000135-index.htm",
    "finalLink": "https://www.sec.gov/Archives/edgar/data/7323/000006598404000135/a10-kn.htm"
  },
  {
    "date": "2003-09-30",
    "symbol": "ETR",
    "reportedCurrency": "USD",
    "cik": "0000065984",
    "fillingDate": "2003-11-10",
    "acceptedDate": "2003-11-07 18:07:39",
    "calendarYear": "2003",
    "period": "Q3",
    "revenue": 2700125000,
    "costOfRevenue": 1137354000,
    "grossProfit": 1562771000,
    "grossProfitRatio": 0.5787772788,
    "researchAndDevelopmentExpenses": 0,
    "generalAndAdministrativeExpenses": 0,
    "sellingAndMarketingExpenses": 0,
    "sellingGeneralAndAdministrativeExpenses": 0,
    "otherExpenses": 943766000,
    "operatingExpenses": 943766000,
    "costAndExpenses": 2081120000,
    "interestIncome": 0,
    "interestExpense": 0,
    "depreciationAndAmortization": 256595000,
    "ebitda": 875600000,
    "ebitdaratio": 0.3242812833,
    "operatingIncome": 619005000,
    "operatingIncomeRatio": 0.2292504977,
    "totalOtherIncomeExpensesNet": -26539000,
    "incomeBeforeTax": 592466000,
    "incomeBeforeTaxRatio": 0.2194216934,
    "incomeTaxExpense": 220816000,
    "netIncome": 365774000,
    "netIncomeRatio": 0.1354655803,
    "eps": 0.8,
    "epsdiluted": 0.79,
    "weightedAverageShsOut": 456211010,
    "weightedAverageShsOutDil": 465030868,
    "link": "https://www.sec.gov/Archives/edgar/data/65984/000006598403000400/0000065984-03-000400-index.htm",
    "finalLink": "https://www.sec.gov/Archives/edgar/data/7323/000006598403000400/a21403.htm"
  },
  {
    "date": "2003-06-30",
    "symbol": "ETR",
    "reportedCurrency": "USD",
    "cik": "0000065984",
    "fillingDate": "2003-08-12",
    "acceptedDate": "2003-08-11 18:01:40",
    "calendarYear": "2003",
    "period": "Q2",
    "revenue": 2353909000,
    "costOfRevenue": 983282000,
    "grossProfit": 1370627000,
    "grossProfitRatio": 0.5822769699,
    "researchAndDevelopmentExpenses": 0,
    "generalAndAdministrativeExpenses": 0,
    "sellingAndMarketingExpenses": 0,
    "sellingGeneralAndAdministrativeExpenses": 0,
    "otherExpenses": 874690000,
    "operatingExpenses": 874690000,
    "costAndExpenses": 1857972000,
    "interestIncome": 0,
    "interestExpense": 0,
    "depreciationAndAmortization": 239807000,
    "ebitda": 735744000,
    "ebitdaratio": 0.3125626352,
    "operatingIncome": 495937000,
    "operatingIncomeRatio": 0.2106865643,
    "totalOtherIncomeExpensesNet": -158587000,
    "incomeBeforeTax": 337350000,
    "incomeBeforeTaxRatio": 0.143314801,
    "incomeTaxExpense": 125833000,
    "netIncome": 205641000,
    "netIncomeRatio": 0.087361491,
    "eps": 0.46,
    "epsdiluted": 0.45,
    "weightedAverageShsOut": 453218318,
    "weightedAverageShsOutDil": 463158484,
    "link": "https://www.sec.gov/Archives/edgar/data/65984/000006598403000329/0000065984-03-000329-index.htm",
    "finalLink": "https://www.sec.gov/Archives/edgar/data/7323/000006598403000329/a17703.htm"
  },
  {
    "date": "2003-03-31",
    "symbol": "ETR",
    "reportedCurrency": "USD",
    "cik": "0000065984",
    "fillingDate": "2003-05-09",
    "acceptedDate": "2003-05-09 16:16:09",
    "calendarYear": "2003",
    "period": "Q1",
    "revenue": 2037723000,
    "costOfRevenue": 756739000,
    "grossProfit": 1280984000,
    "grossProfitRatio": 0.6286350009,
    "researchAndDevelopmentExpenses": 0,
    "generalAndAdministrativeExpenses": 0,
    "sellingAndMarketingExpenses": 0,
    "sellingGeneralAndAdministrativeExpenses": 0,
    "otherExpenses": 709558000,
    "operatingExpenses": 709558000,
    "costAndExpenses": 1466297000,
    "interestIncome": 0,
    "interestExpense": 0,
    "depreciationAndAmortization": 248544000,
    "ebitda": 819970000,
    "ebitdaratio": 0.4023952225,
    "operatingIncome": 571426000,
    "operatingIncomeRatio": 0.2804237867,
    "totalOtherIncomeExpensesNet": -161007000,
    "incomeBeforeTax": 410419000,
    "incomeBeforeTaxRatio": 0.2014105941,
    "incomeTaxExpense": 152418000,
    "netIncome": 395007000,
    "netIncomeRatio": 0.1938472501,
    "eps": 0.89,
    "epsdiluted": 0.87,
    "weightedAverageShsOut": 447346664,
    "weightedAverageShsOutDil": 456461512,
    "link": "https://www.sec.gov/Archives/edgar/data/65984/000006598403000253/0000065984-03-000253-index.htm",
    "finalLink": "https://www.sec.gov/Archives/edgar/data/7323/000006598403000253/a10-q.htm"
  },
  {
    "date": "2002-12-31",
    "symbol": "ETR",
    "reportedCurrency": "USD",
    "cik": "0000065984",
    "fillingDate": "2003-03-19",
    "acceptedDate": "2003-03-18 17:35:42",
    "calendarYear": "2002",
    "period": "Q4",
    "revenue": 1878746000,
    "costOfRevenue": 674907000,
    "grossProfit": 1203839000,
    "grossProfitRatio": 0.640767299,
    "researchAndDevelopmentExpenses": 0,
    "generalAndAdministrativeExpenses": 0,
    "sellingAndMarketingExpenses": 0,
    "sellingGeneralAndAdministrativeExpenses": 0,
    "otherExpenses": 1272164000,
    "operatingExpenses": 1272164000,
    "costAndExpenses": 1947071000,
    "interestIncome": 0,
    "interestExpense": 0,
    "depreciationAndAmortization": 219642000,
    "ebitda": 151317000,
    "ebitdaratio": 0.0805414888,
    "operatingIncome": -68325000,
    "operatingIncomeRatio": -0.0363673429,
    "totalOtherIncomeExpensesNet": 92620000,
    "incomeBeforeTax": 24295000,
    "incomeBeforeTaxRatio": 0.0129314979,
    "incomeTaxExpense": -57376000,
    "netIncome": 75755000,
    "netIncomeRatio": 0.0403221085,
    "eps": 0.17,
    "epsdiluted": 0.17,
    "weightedAverageShsOut": 446761880,
    "weightedAverageShsOutDil": 454357424,
    "link": "https://www.sec.gov/Archives/edgar/data/65984/000006598403000199/0000065984-03-000199-index.htm",
    "finalLink": "https://www.sec.gov/Archives/edgar/data/7323/000006598403000199/a10-k.htm"
  },
  {
    "date": "2002-09-30",
    "symbol": "ETR",
    "reportedCurrency": "USD",
    "cik": "0000065984",
    "fillingDate": "2002-11-12",
    "acceptedDate": "2002-11-12 12:00:24",
    "calendarYear": "2002",
    "period": "Q3",
    "revenue": 2468875000,
    "costOfRevenue": 918872000,
    "grossProfit": 1550003000,
    "grossProfitRatio": 0.6278175282,
    "researchAndDevelopmentExpenses": 0,
    "generalAndAdministrativeExpenses": 0,
    "sellingAndMarketingExpenses": 0,
    "sellingGeneralAndAdministrativeExpenses": 0,
    "otherExpenses": 886314000,
    "operatingExpenses": 886314000,
    "costAndExpenses": 1805186000,
    "interestIncome": 0,
    "interestExpense": 0,
    "depreciationAndAmortization": 222606000,
    "ebitda": 886295000,
    "ebitdaratio": 0.358987393,
    "operatingIncome": 663689000,
    "operatingIncomeRatio": 0.2688224394,
    "totalOtherIncomeExpensesNet": -68211000,
    "incomeBeforeTax": 595478000,
    "incomeBeforeTaxRatio": 0.2411940661,
    "incomeTaxExpense": 228678000,
    "netIncome": 360876000,
    "netIncomeRatio": 0.1461702192,
    "eps": 0.81,
    "epsdiluted": 0.8,
    "weightedAverageShsOut": 447428898,
    "weightedAverageShsOutDil": 454108642,
    "link": "https://www.sec.gov/Archives/edgar/data/65984/000006598402000234/0000065984-02-000234-index.htm",
    "finalLink": "https://www.sec.gov/Archives/edgar/data/7323/000006598402000234/a20802.txt"
  },
  {
    "date": "2002-06-30",
    "symbol": "ETR",
    "reportedCurrency": "USD",
    "cik": "0000065984",
    "fillingDate": "2002-08-12",
    "acceptedDate": "2002-08-12 16:15:28",
    "calendarYear": "2002",
    "period": "Q2",
    "revenue": 2096581000,
    "costOfRevenue": 729618000,
    "grossProfit": 1366963000,
    "grossProfitRatio": 0.6519962739,
    "researchAndDevelopmentExpenses": 0,
    "generalAndAdministrativeExpenses": 0,
    "sellingAndMarketingExpenses": 0,
    "sellingGeneralAndAdministrativeExpenses": 0,
    "otherExpenses": 870809000,
    "operatingExpenses": 870809000,
    "costAndExpenses": 1600427000,
    "interestIncome": 0,
    "interestExpense": 0,
    "depreciationAndAmortization": 214073000,
    "ebitda": 710227000,
    "ebitdaratio": 0.3387548585,
    "operatingIncome": 496154000,
    "operatingIncomeRatio": 0.2366490968,
    "totalOtherIncomeExpensesNet": -100035000,
    "incomeBeforeTax": 396119000,
    "incomeBeforeTaxRatio": 0.1889357006,
    "incomeTaxExpense": 148534000,
    "netIncome": 241653000,
    "netIncomeRatio": 0.1152605122,
    "eps": 0.54,
    "epsdiluted": 0.53,
    "weightedAverageShsOut": 448661308,
    "weightedAverageShsOutDil": 457695504,
    "link": "https://www.sec.gov/Archives/edgar/data/65984/000006598402000178/0000065984-02-000178-index.htm",
    "finalLink": "https://www.sec.gov/Archives/edgar/data/7323/000006598402000178/a16702.txt"
  },
  {
    "date": "2002-03-31",
    "symbol": "ETR",
    "reportedCurrency": "USD",
    "cik": "0000065984",
    "fillingDate": "2002-05-10",
    "acceptedDate": "2002-05-10 13:10:47",
    "calendarYear": "2002",
    "period": "Q1",
    "revenue": 1860834000,
    "costOfRevenue": 663534000,
    "grossProfit": 1197300000,
    "grossProfitRatio": 0.6434211757,
    "researchAndDevelopmentExpenses": 0,
    "generalAndAdministrativeExpenses": 0,
    "sellingAndMarketingExpenses": 0,
    "sellingGeneralAndAdministrativeExpenses": 0,
    "otherExpenses": 1242975000,
    "operatingExpenses": 1242975000,
    "costAndExpenses": 1906509000,
    "interestIncome": 0,
    "interestExpense": 0,
    "depreciationAndAmortization": 213317000,
    "ebitda": 167642000,
    "ebitdaratio": 0.0900897125,
    "operatingIncome": -45675000,
    "operatingIncomeRatio": -0.0245454458,
    "totalOtherIncomeExpensesNet": -53206000,
    "incomeBeforeTax": -98881000,
    "incomeBeforeTaxRatio": -0.0531380016,
    "incomeTaxExpense": -25898000,
    "netIncome": -72983000,
    "netIncomeRatio": -0.039220586,
    "eps": -0.18,
    "epsdiluted": -0.18,
    "weightedAverageShsOut": 443886902,
    "weightedAverageShsOutDil": 443886902,
    "link": "https://www.sec.gov/Archives/edgar/data/65984/000006598402000126/0000065984-02-000126-index.htm",
    "finalLink": "https://www.sec.gov/Archives/edgar/data/7323/000006598402000126/a12002.txt"
  },
  {
    "date": "2001-12-31",
    "symbol": "ETR",
    "reportedCurrency": "USD",
    "cik": "0000065984",
    "fillingDate": "2002-03-14",
    "acceptedDate": "2002-03-14 00:00:00",
    "calendarYear": "2001",
    "period": "Q4",
    "revenue": 1897461000,
    "costOfRevenue": 761920000,
    "grossProfit": 1135541000,
    "grossProfitRatio": 0.5984528799,
    "researchAndDevelopmentExpenses": 0,
    "generalAndAdministrativeExpenses": 0,
    "sellingAndMarketingExpenses": 0,
    "sellingGeneralAndAdministrativeExpenses": 0,
    "otherExpenses": 986722000,
    "operatingExpenses": 986722000,
    "costAndExpenses": 1748642000,
    "interestIncome": 0,
    "interestExpense": 0,
    "depreciationAndAmortization": 216274000,
    "ebitda": 365093000,
    "ebitdaratio": 0.1924113328,
    "operatingIncome": 148819000,
    "operatingIncomeRatio": 0.0784305975,
    "totalOtherIncomeExpensesNet": -149581000,
    "incomeBeforeTax": -762000,
    "incomeBeforeTaxRatio": -0.0004015893,
    "incomeTaxExpense": -3880000,
    "netIncome": 20652000,
    "netIncomeRatio": 0.0108840182,
    "eps": 0.0466,
    "epsdiluted": 0.0462,
    "weightedAverageShsOut": 442887721,
    "weightedAverageShsOutDil": 446677113,
    "link": "https://www.sec.gov/Archives/edgar/data/65984/000006598402000077/0000065984-02-000077-index.htm",
    "finalLink": "https://www.sec.gov/Archives/edgar/data/7323/000006598402000077/a08702.txt"
  },
  {
    "date": "2001-09-30",
    "symbol": "ETR",
    "reportedCurrency": "USD",
    "cik": "0000065984",
    "fillingDate": "2001-11-09",
    "acceptedDate": "2001-11-09 00:00:00",
    "calendarYear": "2001",
    "period": "Q3",
    "revenue": 2575736000,
    "costOfRevenue": 1228796000,
    "grossProfit": 1346940000,
    "grossProfitRatio": 0.5229340274,
    "researchAndDevelopmentExpenses": 0,
    "generalAndAdministrativeExpenses": 0,
    "sellingAndMarketingExpenses": 0,
    "sellingGeneralAndAdministrativeExpenses": 0,
    "otherExpenses": 740437000,
    "operatingExpenses": 740437000,
    "costAndExpenses": 1969233000,
    "interestIncome": 0,
    "interestExpense": 0,
    "depreciationAndAmortization": 111126000,
    "ebitda": 740182000,
    "ebitdaratio": 0.2873671836,
    "operatingIncome": 606503000,
    "operatingIncomeRatio": 0.235467843,
    "totalOtherIncomeExpensesNet": -103749000,
    "incomeBeforeTax": 502754000,
    "incomeBeforeTaxRatio": 0.195188482,
    "incomeTaxExpense": 185300000,
    "netIncome": 312484000,
    "netIncomeRatio": 0.1213183339,
    "eps": 0.71,
    "epsdiluted": 0.7,
    "weightedAverageShsOut": 443351156,
    "weightedAverageShsOutDil": 449660112,
    "link": "https://www.sec.gov/Archives/edgar/data/65984/000006598401500072/0000065984-01-500072-index.htm",
    "finalLink": "https://www.sec.gov/Archives/edgar/data/7323/000006598401500072/a13301.txt"
  },
  {
    "date": "2001-06-30",
    "symbol": "ETR",
    "reportedCurrency": "USD",
    "cik": "0000065984",
    "fillingDate": "2001-08-10",
    "acceptedDate": "2001-08-10 00:00:00",
    "calendarYear": "2001",
    "period": "Q2",
    "revenue": 2495276000,
    "costOfRevenue": 1294591000,
    "grossProfit": 1211684000,
    "grossProfitRatio": 0.4855911731,
    "researchAndDevelopmentExpenses": 0,
    "generalAndAdministrativeExpenses": 0,
    "sellingAndMarketingExpenses": 0,
    "sellingGeneralAndAdministrativeExpenses": 0,
    "otherExpenses": 731135000,
    "operatingExpenses": 731135000,
    "costAndExpenses": 2025726000,
    "interestIncome": 0,
    "interestExpense": 0,
    "depreciationAndAmortization": 196974000,
    "ebitda": 677523000,
    "ebitdaratio": 0.2715222685,
    "operatingIncome": 480549000,
    "operatingIncomeRatio": 0.1925835058,
    "totalOtherIncomeExpensesNet": -69124000,
    "incomeBeforeTax": 411425000,
    "incomeBeforeTaxRatio": 0.1648815602,
    "incomeTaxExpense": 165842000,
    "netIncome": 238906000,
    "netIncomeRatio": 0.0957433166,
    "eps": 0.54,
    "epsdiluted": 0.53,
    "weightedAverageShsOut": 442227196,
    "weightedAverageShsOutDil": 451412842,
    "link": "https://www.sec.gov/Archives/edgar/data/65984/000006598401500047/0000065984-01-500047-index.htm",
    "finalLink": "https://www.sec.gov/Archives/edgar/data/7323/000006598401500047/a11001.txt"
  },
  {
    "date": "2001-03-31",
    "symbol": "ETR",
    "reportedCurrency": "USD",
    "cik": "0000065984",
    "fillingDate": "2001-05-11",
    "acceptedDate": "2001-05-11 00:00:00",
    "calendarYear": "2001",
    "period": "Q1",
    "revenue": 2652427000,
    "costOfRevenue": 1506949000,
    "grossProfit": 1145478000,
    "grossProfitRatio": 0.4318603302,
    "researchAndDevelopmentExpenses": 0,
    "generalAndAdministrativeExpenses": 0,
    "sellingAndMarketingExpenses": 0,
    "sellingGeneralAndAdministrativeExpenses": 0,
    "otherExpenses": 759447000,
    "operatingExpenses": 759447000,
    "costAndExpenses": 2266396000,
    "interestIncome": 0,
    "interestExpense": 0,
    "depreciationAndAmortization": 216431000,
    "ebitda": 602462000,
    "ebitdaratio": 0.2271361285,
    "operatingIncome": 386031000,
    "operatingIncomeRatio": 0.1455387839,
    "totalOtherIncomeExpensesNet": -116731000,
    "incomeBeforeTax": 269300000,
    "incomeBeforeTaxRatio": 0.1015296557,
    "incomeTaxExpense": 108429000,
    "netIncome": 154155000,
    "netIncomeRatio": 0.0581184704,
    "eps": 0.35,
    "epsdiluted": 0.35,
    "weightedAverageShsOut": 439834278,
    "weightedAverageShsOutDil": 447571432,
    "link": "https://www.sec.gov/Archives/edgar/data/65984/000006598401500024/0000065984-01-500024-index.htm",
    "finalLink": "https://www.sec.gov/Archives/edgar/data/7323/000006598401500024/a08701.txt"
  },
  {
    "date": "2000-12-31",
    "symbol": "ETR",
    "reportedCurrency": "USD",
    "cik": "0000065984",
    "fillingDate": "2001-03-16",
    "acceptedDate": "2001-03-16 00:00:00",
    "calendarYear": "2000",
    "period": "Q4",
    "revenue": 2635313000,
    "costOfRevenue": 1538420000,
    "grossProfit": 1096893000,
    "grossProfitRatio": 0.4162287364,
    "researchAndDevelopmentExpenses": 0,
    "generalAndAdministrativeExpenses": 0,
    "sellingAndMarketingExpenses": 0,
    "sellingGeneralAndAdministrativeExpenses": 0,
    "otherExpenses": 865293000,
    "operatingExpenses": 865293000,
    "costAndExpenses": 2403713000,
    "interestIncome": 0,
    "interestExpense": 0,
    "depreciationAndAmortization": 215623000,
    "ebitda": 447223000,
    "ebitdaratio": 0.1697039403,
    "operatingIncome": 231600000,
    "operatingIncomeRatio": 0.0878832989,
    "totalOtherIncomeExpensesNet": -143252000,
    "incomeBeforeTax": 88348000,
    "incomeBeforeTaxRatio": 0.0335246705,
    "incomeTaxExpense": 38305000,
    "netIncome": 43308000,
    "netIncomeRatio": 0.0164337215,
    "eps": 0.097,
    "epsdiluted": 0.0957,
    "weightedAverageShsOut": 446497588,
    "weightedAverageShsOutDil": 452327023,
    "link": "https://www.sec.gov/Archives/edgar/data/65984/000006598401000070/0000065984-01-000070-index.htm",
    "finalLink": "https://www.sec.gov/Archives/edgar/data/7323/000006598401000070/0000065984-01-000070-0001.txt"
  },
  {
    "date": "2000-09-30",
    "symbol": "ETR",
    "reportedCurrency": "USD",
    "cik": "0000065984",
    "fillingDate": "2000-11-13",
    "acceptedDate": "2000-11-13 00:00:00",
    "calendarYear": "2000",
    "period": "Q3",
    "revenue": 3431555000,
    "costOfRevenue": 1971366000,
    "grossProfit": 1460189000,
    "grossProfitRatio": 0.4255181689,
    "researchAndDevelopmentExpenses": 0,
    "generalAndAdministrativeExpenses": 0,
    "sellingAndMarketingExpenses": 0,
    "sellingGeneralAndAdministrativeExpenses": 0,
    "otherExpenses": 866352000,
    "operatingExpenses": 866352000,
    "costAndExpenses": 2837718000,
    "interestIncome": 0,
    "interestExpense": 0,
    "depreciationAndAmortization": 210968000,
    "ebitda": 804805000,
    "ebitdaratio": 0.2345307011,
    "operatingIncome": 593837000,
    "operatingIncomeRatio": 0.1730518672,
    "totalOtherIncomeExpensesNet": -79221000,
    "incomeBeforeTax": 514616000,
    "incomeBeforeTaxRatio": 0.1499658318,
    "incomeTaxExpense": 207927000,
    "netIncome": 299934000,
    "netIncomeRatio": 0.0874046897,
    "eps": 0.68,
    "epsdiluted": 0.67,
    "weightedAverageShsOut": 444318182,
    "weightedAverageShsOutDil": 448704330,
    "link": "https://www.sec.gov/Archives/edgar/data/65984/000006598400000130/0000065984-00-000130-index.htm",
    "finalLink": "https://www.sec.gov/Archives/edgar/data/7323/000006598400000130/0000065984-00-000130-0001.txt"
  },
  {
    "date": "2000-06-30",
    "symbol": "ETR",
    "reportedCurrency": "USD",
    "cik": "0000065984",
    "fillingDate": "2000-08-08",
    "acceptedDate": "2000-08-08 00:00:00",
    "calendarYear": "2000",
    "period": "Q2",
    "revenue": 2137788000,
    "costOfRevenue": 983586000,
    "grossProfit": 1154202000,
    "grossProfitRatio": 0.5399047988,
    "researchAndDevelopmentExpenses": 0,
    "generalAndAdministrativeExpenses": 0,
    "sellingAndMarketingExpenses": 0,
    "sellingGeneralAndAdministrativeExpenses": 0,
    "otherExpenses": 720664000,
    "operatingExpenses": 720664000,
    "costAndExpenses": 1704250000,
    "interestIncome": 0,
    "interestExpense": 0,
    "depreciationAndAmortization": 192800000,
    "ebitda": 626338000,
    "ebitdaratio": 0.29298415,
    "operatingIncome": 433538000,
    "operatingIncomeRatio": 0.202797471,
    "totalOtherIncomeExpensesNet": -37902000,
    "incomeBeforeTax": 395636000,
    "incomeBeforeTaxRatio": 0.18506793,
    "incomeTaxExpense": 149863000,
    "netIncome": 237192000,
    "netIncomeRatio": 0.1109520682,
    "eps": 0.52,
    "epsdiluted": 0.52,
    "weightedAverageShsOut": 456138462,
    "weightedAverageShsOutDil": 456138462,
    "link": "https://www.sec.gov/Archives/edgar/data/65984/000006598400500011/0000065984-00-500011-index.htm",
    "finalLink": "https://www.sec.gov/Archives/edgar/data/7323/000006598400500011/0000065984-00-500011-0001.txt"
  },
  {
    "date": "2000-03-31",
    "symbol": "ETR",
    "reportedCurrency": "USD",
    "cik": "0000065984",
    "fillingDate": "2000-05-12",
    "acceptedDate": "2000-05-12 00:00:00",
    "calendarYear": "2000",
    "period": "Q1",
    "revenue": 1811492000,
    "costOfRevenue": 885855000,
    "grossProfit": 925637000,
    "grossProfitRatio": 0.5109804515,
    "researchAndDevelopmentExpenses": 0,
    "generalAndAdministrativeExpenses": 0,
    "sellingAndMarketingExpenses": 0,
    "sellingGeneralAndAdministrativeExpenses": 0,
    "otherExpenses": 639033000,
    "operatingExpenses": 639033000,
    "costAndExpenses": 1524888000,
    "interestIncome": 0,
    "interestExpense": 0,
    "depreciationAndAmortization": 196610000,
    "ebitda": 483214000,
    "ebitdaratio": 0.2667491769,
    "operatingIncome": 286604000,
    "operatingIncomeRatio": 0.1582143338,
    "totalOtherIncomeExpensesNet": -95369000,
    "incomeBeforeTax": 191235000,
    "incomeBeforeTaxRatio": 0.1055676757,
    "incomeTaxExpense": 82825000,
    "netIncome": 98860000,
    "netIncomeRatio": 0.0545737988,
    "eps": 0.21,
    "epsdiluted": 0.21,
    "weightedAverageShsOut": 473216890,
    "weightedAverageShsOutDil": 473343208,
    "link": "https://www.sec.gov/Archives/edgar/data/65984/000006598400000058/0000065984-00-000058-index.html",
    "finalLink": "https://www.sec.gov/Archives/edgar/data/7323/000006598400000058/"
  },
  {
    "date": "1999-12-31",
    "symbol": "ETR",
    "reportedCurrency": "USD",
    "cik": "0000065984",
    "fillingDate": "2000-03-15",
    "acceptedDate": "2000-03-15 00:00:00",
    "calendarYear": "1999",
    "period": "Q4",
    "revenue": 1752500000,
    "costOfRevenue": 876700000,
    "grossProfit": 875800000,
    "grossProfitRatio": 0.499743224,
    "researchAndDevelopmentExpenses": 0,
    "generalAndAdministrativeExpenses": 0,
    "sellingAndMarketingExpenses": 0,
    "sellingGeneralAndAdministrativeExpenses": 0,
    "otherExpenses": 803300000,
    "operatingExpenses": 803300000,
    "costAndExpenses": 1680000000,
    "interestIncome": 0,
    "interestExpense": 0,
    "depreciationAndAmortization": 0,
    "ebitda": 273600000,
    "ebitdaratio": 0.1561198288,
    "operatingIncome": 72500000,
    "operatingIncomeRatio": 0.0413694722,
    "totalOtherIncomeExpensesNet": -42000000,
    "incomeBeforeTax": 30500000,
    "incomeBeforeTaxRatio": 0.017403709,
    "incomeTaxExpense": 14300000,
    "netIncome": 16200000,
    "netIncomeRatio": 0.0092439372,
    "eps": 0.0085,
    "epsdiluted": 0.0085,
    "weightedAverageShsOut": 491937805,
    "weightedAverageShsOutDil": 492137228,
    "link": "https://www.sec.gov/Archives/edgar/data/65984/000006598400000048/0000065984-00-000048-index.html",
    "finalLink": "https://www.sec.gov/Archives/edgar/data/7323/000006598400000048/"
  },
  {
    "date": "1999-09-30",
    "symbol": "ETR",
    "reportedCurrency": "USD",
    "cik": "0000065984",
    "fillingDate": "1999-11-12",
    "acceptedDate": "1999-11-12 00:00:00",
    "calendarYear": "1999",
    "period": "Q3",
    "revenue": 3064500000,
    "costOfRevenue": 1743500000,
    "grossProfit": 1321000000,
    "grossProfitRatio": 0.4310654267,
    "researchAndDevelopmentExpenses": 0,
    "generalAndAdministrativeExpenses": 0,
    "sellingAndMarketingExpenses": 0,
    "sellingGeneralAndAdministrativeExpenses": 0,
    "otherExpenses": 719100000,
    "operatingExpenses": 719100000,
    "costAndExpenses": 2462600000,
    "interestIncome": 0,
    "interestExpense": 0,
    "depreciationAndAmortization": 183910000,
    "ebitda": 785900000,
    "ebitdaratio": 0.2564529287,
    "operatingIncome": 601900000,
    "operatingIncomeRatio": 0.1964105074,
    "totalOtherIncomeExpensesNet": -94900000,
    "incomeBeforeTax": 507000000,
    "incomeBeforeTaxRatio": 0.165442976,
    "incomeTaxExpense": 210800000,
    "netIncome": 286300000,
    "netIncomeRatio": 0.0934247022,
    "eps": 0.58,
    "epsdiluted": 0.58,
    "weightedAverageShsOut": 493620690,
    "weightedAverageShsOutDil": 493620690,
    "link": "https://www.sec.gov/Archives/edgar/data/65984/000006598499000113/0000065984-99-000113-index.html",
    "finalLink": "https://www.sec.gov/Archives/edgar/data/7323/000006598499000113/"
  },
  {
    "date": "1999-06-30",
    "symbol": "ETR",
    "reportedCurrency": "USD",
    "cik": "0000065984",
    "fillingDate": "1999-08-13",
    "acceptedDate": "1999-08-13 00:00:00",
    "calendarYear": "1999",
    "period": "Q2",
    "revenue": 2316400000,
    "costOfRevenue": 1184833000,
    "grossProfit": 1131571000,
    "grossProfitRatio": 0.4885041444,
    "researchAndDevelopmentExpenses": 0,
    "generalAndAdministrativeExpenses": 0,
    "sellingAndMarketingExpenses": 0,
    "sellingGeneralAndAdministrativeExpenses": 0,
    "otherExpenses": 767620000,
    "operatingExpenses": 767620000,
    "costAndExpenses": 1952453000,
    "interestIncome": 0,
    "interestExpense": 0,
    "depreciationAndAmortization": 0,
    "ebitda": 640657000,
    "ebitdaratio": 0.2765744258,
    "operatingIncome": 363951000,
    "operatingIncomeRatio": 0.1571192367,
    "totalOtherIncomeExpensesNet": -67760000,
    "incomeBeforeTax": 296200000,
    "incomeBeforeTaxRatio": 0.1278708341,
    "incomeTaxExpense": 86433000,
    "netIncome": 199777000,
    "netIncomeRatio": 0.0862446037,
    "eps": 0.41,
    "epsdiluted": 0.41,
    "weightedAverageShsOut": 478073822,
    "weightedAverageShsOutDil": 478073822,
    "link": "https://www.sec.gov/Archives/edgar/data/65984/000006598499000092/0000065984-99-000092-index.html",
    "finalLink": "https://www.sec.gov/Archives/edgar/data/7323/000006598499000092/"
  },
  {
    "date": "1999-03-31",
    "symbol": "ETR",
    "reportedCurrency": "USD",
    "cik": "0000065984",
    "fillingDate": "1999-05-13",
    "acceptedDate": "1999-05-13 00:00:00",
    "calendarYear": "1999",
    "period": "Q1",
    "revenue": 1639900000,
    "costOfRevenue": 796300000,
    "grossProfit": 843600000,
    "grossProfitRatio": 0.5144216111,
    "researchAndDevelopmentExpenses": 0,
    "generalAndAdministrativeExpenses": 0,
    "sellingAndMarketingExpenses": 0,
    "sellingGeneralAndAdministrativeExpenses": 0,
    "otherExpenses": 640100000,
    "operatingExpenses": 640100000,
    "costAndExpenses": 1436400000,
    "interestIncome": 0,
    "interestExpense": 0,
    "depreciationAndAmortization": 0,
    "ebitda": 408900000,
    "ebitdaratio": 0.2493444722,
    "operatingIncome": 203500000,
    "operatingIncomeRatio": 0.1240929325,
    "totalOtherIncomeExpensesNet": -85500000,
    "incomeBeforeTax": 118000000,
    "incomeBeforeTaxRatio": 0.071955607,
    "incomeTaxExpense": 45100000,
    "netIncome": 62200000,
    "netIncomeRatio": 0.037929142,
    "eps": 0.13,
    "epsdiluted": 0.13,
    "weightedAverageShsOut": 497600000,
    "weightedAverageShsOutDil": 497600000,
    "link": "https://www.sec.gov/Archives/edgar/data/65984/000006598499000075/0000065984-99-000075-index.html",
    "finalLink": "https://www.sec.gov/Archives/edgar/data/7323/"
  },
  {
    "date": "1998-12-31",
    "symbol": "ETR",
    "reportedCurrency": "USD",
    "cik": "0000065984",
    "fillingDate": "1999-03-12",
    "acceptedDate": "1999-03-12 00:00:00",
    "calendarYear": "1998",
    "period": "Q4",
    "revenue": 2085500000,
    "costOfRevenue": 1043500000,
    "grossProfit": 1042000000,
    "grossProfitRatio": 0.499640374,
    "researchAndDevelopmentExpenses": 0,
    "generalAndAdministrativeExpenses": 0,
    "sellingAndMarketingExpenses": 0,
    "sellingGeneralAndAdministrativeExpenses": 0,
    "otherExpenses": 554800000,
    "operatingExpenses": 554800000,
    "costAndExpenses": 1598300000,
    "interestIncome": 0,
    "interestExpense": 0,
    "depreciationAndAmortization": 0,
    "ebitda": 736000000,
    "ebitdaratio": 0.3529129705,
    "operatingIncome": 487200000,
    "operatingIncomeRatio": 0.2336130424,
    "totalOtherIncomeExpensesNet": -166300000,
    "incomeBeforeTax": 320900000,
    "incomeBeforeTaxRatio": 0.1538719731,
    "incomeTaxExpense": 73900000,
    "netIncome": 235500000,
    "netIncomeRatio": 0.1129225605,
    "eps": 0.48,
    "epsdiluted": 0.48,
    "weightedAverageShsOut": 492474901,
    "weightedAverageShsOutDil": 492650760,
    "link": "https://www.sec.gov/Archives/edgar/data/65984/000006598499000060/0000065984-99-000060-index.html",
    "finalLink": "https://www.sec.gov/Archives/edgar/data/7323/"
  },
  {
    "date": "1998-09-30",
    "symbol": "ETR",
    "reportedCurrency": "USD",
    "cik": "0000065984",
    "fillingDate": "1998-11-06",
    "acceptedDate": "1998-11-06 00:00:00",
    "calendarYear": "1998",
    "period": "Q3",
    "revenue": 4587400000,
    "costOfRevenue": 3024300000,
    "grossProfit": 1563100000,
    "grossProfitRatio": 0.3407376728,
    "researchAndDevelopmentExpenses": 0,
    "generalAndAdministrativeExpenses": 0,
    "sellingAndMarketingExpenses": 0,
    "sellingGeneralAndAdministrativeExpenses": 0,
    "otherExpenses": 1040900000,
    "operatingExpenses": 1040900000,
    "costAndExpenses": 4065200000,
    "interestIncome": 0,
    "interestExpense": 0,
    "depreciationAndAmortization": 0,
    "ebitda": 1026300000,
    "ebitdaratio": 0.223721498,
    "operatingIncome": 522200000,
    "operatingIncomeRatio": 0.1138335441,
    "totalOtherIncomeExpensesNet": -181800000,
    "incomeBeforeTax": 340400000,
    "incomeBeforeTaxRatio": 0.0742032524,
    "incomeTaxExpense": 77800000,
    "netIncome": 251000000,
    "netIncomeRatio": 0.0547150892,
    "eps": 0.51,
    "epsdiluted": 0.51,
    "weightedAverageShsOut": 492156863,
    "weightedAverageShsOutDil": 492156863,
    "link": "https://www.sec.gov/Archives/edgar/data/65984/000006598498000115/0000065984-98-000115-index.html",
    "finalLink": "https://www.sec.gov/Archives/edgar/data/7323/"
  },
  {
    "date": "1998-06-30",
    "symbol": "ETR",
    "reportedCurrency": "USD",
    "cik": "0000065984",
    "fillingDate": "1998-08-05",
    "acceptedDate": "1998-08-05 00:00:00",
    "calendarYear": "1998",
    "period": "Q2",
    "revenue": 2508800000,
    "costOfRevenue": 1157100000,
    "grossProfit": 1351700000,
    "grossProfitRatio": 0.5387834821,
    "researchAndDevelopmentExpenses": 0,
    "generalAndAdministrativeExpenses": 0,
    "sellingAndMarketingExpenses": 0,
    "sellingGeneralAndAdministrativeExpenses": 0,
    "otherExpenses": 879000000,
    "operatingExpenses": 879000000,
    "costAndExpenses": 2036100000,
    "interestIncome": 0,
    "interestExpense": 0,
    "depreciationAndAmortization": 0,
    "ebitda": 785800000,
    "ebitdaratio": 0.3132174745,
    "operatingIncome": 472700000,
    "operatingIncomeRatio": 0.188416773,
    "totalOtherIncomeExpensesNet": -190100000,
    "incomeBeforeTax": 282600000,
    "incomeBeforeTaxRatio": 0.1126434949,
    "incomeTaxExpense": 66600000,
    "netIncome": 204300000,
    "netIncomeRatio": 0.0814333546,
    "eps": 0.42,
    "epsdiluted": 0.42,
    "weightedAverageShsOut": 492289157,
    "weightedAverageShsOutDil": 492289157,
    "link": "https://www.sec.gov/Archives/edgar/data/65984/000006598498000098/0000065984-98-000098-index.html",
    "finalLink": "https://www.sec.gov/Archives/edgar/data/7323/"
  },
  {
    "date": "1998-03-31",
    "symbol": "ETR",
    "reportedCurrency": "USD",
    "cik": "0000065984",
    "fillingDate": "1998-05-05",
    "acceptedDate": "1998-05-05 00:00:00",
    "calendarYear": "1998",
    "period": "Q1",
    "revenue": 2313100000,
    "costOfRevenue": 1150300000,
    "grossProfit": 1162800000,
    "grossProfitRatio": 0.5027020016,
    "researchAndDevelopmentExpenses": 0,
    "generalAndAdministrativeExpenses": 0,
    "sellingAndMarketingExpenses": 0,
    "sellingGeneralAndAdministrativeExpenses": 0,
    "otherExpenses": 877400000,
    "operatingExpenses": 877400000,
    "costAndExpenses": 2027700000,
    "interestIncome": 0,
    "interestExpense": 0,
    "depreciationAndAmortization": 0,
    "ebitda": 618000000,
    "ebitdaratio": 0.2671739224,
    "operatingIncome": 285400000,
    "operatingIncomeRatio": 0.123384203,
    "totalOtherIncomeExpensesNet": -177000000,
    "incomeBeforeTax": 108400000,
    "incomeBeforeTaxRatio": 0.0468635165,
    "incomeTaxExpense": 48400000,
    "netIncome": 48200000,
    "netIncomeRatio": 0.0208378367,
    "eps": 0.1,
    "epsdiluted": 0.1,
    "weightedAverageShsOut": 482000000,
    "weightedAverageShsOutDil": 482000000,
    "link": "https://www.sec.gov/Archives/edgar/data/65984/000006598498000078/0000065984-98-000078-index.html",
    "finalLink": "https://www.sec.gov/Archives/edgar/data/7323/"
  },
  {
    "date": "1997-12-31",
    "symbol": "ETR",
    "reportedCurrency": "USD",
    "cik": "0000065984",
    "fillingDate": "1998-03-10",
    "acceptedDate": "1998-03-10 00:00:00",
    "calendarYear": "1997",
    "period": "Q4",
    "revenue": 2540200000,
    "costOfRevenue": 1179200000,
    "grossProfit": 1361000000,
    "grossProfitRatio": 0.5357845839,
    "researchAndDevelopmentExpenses": 0,
    "generalAndAdministrativeExpenses": 0,
    "sellingAndMarketingExpenses": 0,
    "sellingGeneralAndAdministrativeExpenses": 0,
    "otherExpenses": 748400000,
    "operatingExpenses": 748400000,
    "costAndExpenses": 1927600000,
    "interestIncome": 0,
    "interestExpense": 0,
    "depreciationAndAmortization": 0,
    "ebitda": 1298300000,
    "ebitdaratio": 0.5111014881,
    "operatingIncome": 612600000,
    "operatingIncomeRatio": 0.2411621132,
    "totalOtherIncomeExpensesNet": -492000000,
    "incomeBeforeTax": 120600000,
    "incomeBeforeTaxRatio": 0.0474765766,
    "incomeTaxExpense": 198100000,
    "netIncome": -77500000,
    "netIncomeRatio": -0.0305094087,
    "eps": -0.19,
    "epsdiluted": -0.19,
    "weightedAverageShsOut": 481485437,
    "weightedAverageShsOutDil": 481485437,
    "link": "https://www.sec.gov/Archives/edgar/data/65984/000006598498000014/0000065984-98-000014-index.html",
    "finalLink": "https://www.sec.gov/Archives/edgar/data/7323/"
  },
  {
    "date": "1997-09-30",
    "symbol": "ETR",
    "reportedCurrency": "USD",
    "cik": "0000065984",
    "fillingDate": "1997-11-13",
    "acceptedDate": "1997-11-13 00:00:00",
    "calendarYear": "1997",
    "period": "Q3",
    "revenue": 2797600000,
    "costOfRevenue": 1184300000,
    "grossProfit": 1613300000,
    "grossProfitRatio": 0.5766728625,
    "researchAndDevelopmentExpenses": 0,
    "generalAndAdministrativeExpenses": 0,
    "sellingAndMarketingExpenses": 0,
    "sellingGeneralAndAdministrativeExpenses": 0,
    "otherExpenses": 1174700000,
    "operatingExpenses": 1174700000,
    "costAndExpenses": 2359000000,
    "interestIncome": 0,
    "interestExpense": 0,
    "depreciationAndAmortization": 0,
    "ebitda": 2797600000,
    "ebitdaratio": 1,
    "operatingIncome": 438600000,
    "operatingIncomeRatio": 0.1567772376,
    "totalOtherIncomeExpensesNet": -227900000,
    "incomeBeforeTax": 210700000,
    "incomeBeforeTaxRatio": 0.0753145553,
    "incomeTaxExpense": 117400000,
    "netIncome": 93300000,
    "netIncomeRatio": 0.0333500143,
    "eps": 0.11,
    "epsdiluted": 0.11,
    "weightedAverageShsOut": 474259259,
    "weightedAverageShsOutDil": 474259259,
    "link": "https://www.sec.gov/Archives/edgar/data/65984/000006598497000062/0000065984-97-000062-index.html",
    "finalLink": "https://www.sec.gov/Archives/edgar/data/7323/"
  },
  {
    "date": "1997-06-30",
    "symbol": "ETR",
    "reportedCurrency": "USD",
    "cik": "0000065984",
    "fillingDate": "1997-08-08",
    "acceptedDate": "1997-08-08 00:00:00",
    "calendarYear": "1997",
    "period": "Q2",
    "revenue": 2178100000,
    "costOfRevenue": 822600000,
    "grossProfit": 1355500000,
    "grossProfitRatio": 0.6223313897,
    "researchAndDevelopmentExpenses": 0,
    "generalAndAdministrativeExpenses": 0,
    "sellingAndMarketingExpenses": 0,
    "sellingGeneralAndAdministrativeExpenses": 0,
    "otherExpenses": 921500000,
    "operatingExpenses": 921500000,
    "costAndExpenses": 1744100000,
    "interestIncome": 0,
    "interestExpense": 0,
    "depreciationAndAmortization": 0,
    "ebitda": 675300000,
    "ebitdaratio": 0.3100408613,
    "operatingIncome": 434000000,
    "operatingIncomeRatio": 0.1992562325,
    "totalOtherIncomeExpensesNet": -186600000,
    "incomeBeforeTax": 247400000,
    "incomeBeforeTaxRatio": 0.1135852348,
    "incomeTaxExpense": 88800000,
    "netIncome": 146300000,
    "netIncomeRatio": 0.0671686332,
    "eps": 0.31,
    "epsdiluted": 0.31,
    "weightedAverageShsOut": 479672131,
    "weightedAverageShsOutDil": 479672131,
    "link": "https://www.sec.gov/Archives/edgar/data/65984/000006598497000044/0000065984-97-000044-index.html",
    "finalLink": "https://www.sec.gov/Archives/edgar/data/7323/"
  },
  {
    "date": "1997-03-31",
    "symbol": "ETR",
    "reportedCurrency": "USD",
    "cik": "0000065984",
    "fillingDate": "1997-05-06",
    "acceptedDate": "1997-05-06 00:00:00",
    "calendarYear": "1997",
    "period": "Q1",
    "revenue": 2045600000,
    "costOfRevenue": 836900000,
    "grossProfit": 1208800000,
    "grossProfitRatio": 0.5909268674,
    "researchAndDevelopmentExpenses": 0,
    "generalAndAdministrativeExpenses": 0,
    "sellingAndMarketingExpenses": 0,
    "sellingGeneralAndAdministrativeExpenses": 0,
    "otherExpenses": 836600000,
    "operatingExpenses": 836600000,
    "costAndExpenses": 1673500000,
    "interestIncome": 0,
    "interestExpense": 0,
    "depreciationAndAmortization": 0,
    "ebitda": 711200000,
    "ebitdaratio": 0.3476730544,
    "operatingIncome": 372200000,
    "operatingIncomeRatio": 0.1819515057,
    "totalOtherIncomeExpensesNet": -178800000,
    "incomeBeforeTax": 193400000,
    "incomeBeforeTaxRatio": 0.094544388,
    "incomeTaxExpense": 67000000,
    "netIncome": 109700000,
    "netIncomeRatio": 0.0536272976,
    "eps": 0.24,
    "epsdiluted": 0.24,
    "weightedAverageShsOut": 466808511,
    "weightedAverageShsOutDil": 466808511,
    "link": "https://www.sec.gov/Archives/edgar/data/65984/000006598497000032/0000065984-97-000032-index.html",
    "finalLink": "https://www.sec.gov/Archives/edgar/data/7323/"
  },
  {
    "date": "1996-12-31",
    "symbol": "ETR",
    "reportedCurrency": "USD",
    "cik": "0000065984",
    "fillingDate": "1997-03-10",
    "acceptedDate": "1997-03-10 00:00:00",
    "calendarYear": "1996",
    "period": "Q4",
    "revenue": 1573700000,
    "costOfRevenue": 521300000,
    "grossProfit": 1052400000,
    "grossProfitRatio": 0.6687424541,
    "researchAndDevelopmentExpenses": 0,
    "generalAndAdministrativeExpenses": 0,
    "sellingAndMarketingExpenses": 0,
    "sellingGeneralAndAdministrativeExpenses": 0,
    "otherExpenses": 621300000,
    "operatingExpenses": 621300000,
    "costAndExpenses": 1142600000,
    "interestIncome": 0,
    "interestExpense": 0,
    "depreciationAndAmortization": 0,
    "ebitda": 635400000,
    "ebitdaratio": 0.4037618352,
    "operatingIncome": 431100000,
    "operatingIncomeRatio": 0.2739403952,
    "totalOtherIncomeExpensesNet": -339600000,
    "incomeBeforeTax": 91500000,
    "incomeBeforeTaxRatio": 0.0581432293,
    "incomeTaxExpense": 52600000,
    "netIncome": 38900000,
    "netIncomeRatio": 0.0247188155,
    "eps": 0.0521,
    "epsdiluted": 0.0521,
    "weightedAverageShsOut": 462967097,
    "weightedAverageShsOutDil": 462967097,
    "link": "https://www.sec.gov/Archives/edgar/data/65984/000006598497000020/0000065984-97-000020-index.html",
    "finalLink": "https://www.sec.gov/Archives/edgar/data/7323/"
  },
  {
    "date": "1996-09-30",
    "symbol": "ETR",
    "reportedCurrency": "USD",
    "cik": "0000065984",
    "fillingDate": "1996-11-04",
    "acceptedDate": "1996-11-04 00:00:00",
    "calendarYear": "1996",
    "period": "Q3",
    "revenue": 2138200000,
    "costOfRevenue": 717800000,
    "grossProfit": 1430500000,
    "grossProfitRatio": 0.6690206716,
    "researchAndDevelopmentExpenses": 0,
    "generalAndAdministrativeExpenses": 0,
    "sellingAndMarketingExpenses": 0,
    "sellingGeneralAndAdministrativeExpenses": 0,
    "otherExpenses": 820700000,
    "operatingExpenses": 820700000,
    "costAndExpenses": 1538500000,
    "interestIncome": 0,
    "interestExpense": 0,
    "depreciationAndAmortization": 0,
    "ebitda": 806700000,
    "ebitdaratio": 0.3772799551,
    "operatingIncome": 609800000,
    "operatingIncomeRatio": 0.2851931531,
    "totalOtherIncomeExpensesNet": -117200000,
    "incomeBeforeTax": 473200000,
    "incomeBeforeTaxRatio": 0.2213076419,
    "incomeTaxExpense": 193400000,
    "netIncome": 279900000,
    "netIncomeRatio": 0.1309044991,
    "eps": 0.61,
    "epsdiluted": 0.61,
    "weightedAverageShsOut": 458852459,
    "weightedAverageShsOutDil": 458852459,
    "link": "https://www.sec.gov/Archives/edgar/data/65984/000006598496000158/0000065984-96-000158-index.html",
    "finalLink": "https://www.sec.gov/Archives/edgar/data/7323/"
  },
  {
    "date": "1996-06-30",
    "symbol": "ETR",
    "reportedCurrency": "USD",
    "cik": "0000065984",
    "fillingDate": "1996-08-05",
    "acceptedDate": "1996-08-05 00:00:00",
    "calendarYear": "1996",
    "period": "Q2",
    "revenue": 1852500000,
    "costOfRevenue": 608400000,
    "grossProfit": 1245300000,
    "grossProfitRatio": 0.6722267206,
    "researchAndDevelopmentExpenses": 0,
    "generalAndAdministrativeExpenses": 0,
    "sellingAndMarketingExpenses": 0,
    "sellingGeneralAndAdministrativeExpenses": 0,
    "otherExpenses": 744000000,
    "operatingExpenses": 744000000,
    "costAndExpenses": 1352400000,
    "interestIncome": 0,
    "interestExpense": 0,
    "depreciationAndAmortization": 0,
    "ebitda": 696400000,
    "ebitdaratio": 0.3759244265,
    "operatingIncome": 501300000,
    "operatingIncomeRatio": 0.2706072874,
    "totalOtherIncomeExpensesNet": -167100000,
    "incomeBeforeTax": 315700000,
    "incomeBeforeTaxRatio": 0.1704183536,
    "incomeTaxExpense": 127500000,
    "netIncome": 188300000,
    "netIncomeRatio": 0.1016464238,
    "eps": 0.42,
    "epsdiluted": 0.42,
    "weightedAverageShsOut": 453734940,
    "weightedAverageShsOutDil": 453734940,
    "link": "https://www.sec.gov/Archives/edgar/data/65984/000006598496000124/0000065984-96-000124-index.html",
    "finalLink": "https://www.sec.gov/Archives/edgar/data/7323/"
  },
  {
    "date": "1996-03-31",
    "symbol": "ETR",
    "reportedCurrency": "USD",
    "cik": "0000065984",
    "fillingDate": "1996-05-06",
    "acceptedDate": "1996-05-06 00:00:00",
    "calendarYear": "1996",
    "period": "Q1",
    "revenue": 1599000000,
    "costOfRevenue": 548200000,
    "grossProfit": 1050800000,
    "grossProfitRatio": 0.6571607255,
    "researchAndDevelopmentExpenses": 0,
    "generalAndAdministrativeExpenses": 0,
    "sellingAndMarketingExpenses": 0,
    "sellingGeneralAndAdministrativeExpenses": 0,
    "otherExpenses": 903000000,
    "operatingExpenses": 903000000,
    "costAndExpenses": 1451200000,
    "interestIncome": 0,
    "interestExpense": 0,
    "depreciationAndAmortization": 0,
    "ebitda": 342400000,
    "ebitdaratio": 0.2141338336,
    "operatingIncome": 147800000,
    "operatingIncomeRatio": 0.0924327705,
    "totalOtherIncomeExpensesNet": -169100000,
    "incomeBeforeTax": -39400000,
    "incomeBeforeTaxRatio": -0.0246404003,
    "incomeTaxExpense": 47700000,
    "netIncome": -87100000,
    "netIncomeRatio": -0.0544715447,
    "eps": -0.19,
    "epsdiluted": -0.19,
    "weightedAverageShsOut": 458421053,
    "weightedAverageShsOutDil": 458421053,
    "link": "https://www.sec.gov/Archives/edgar/data/65984/000006598496000074/0000065984-96-000074-index.html",
    "finalLink": "https://www.sec.gov/Archives/edgar/data/7323/"
  },
  {
    "date": "1995-12-31",
    "symbol": "ETR",
    "reportedCurrency": "USD",
    "cik": "0000065984",
    "fillingDate": "1996-03-11",
    "acceptedDate": "1996-03-11 00:00:00",
    "calendarYear": "1995",
    "period": "Q4",
    "revenue": 1418800000,
    "costOfRevenue": 415400000,
    "grossProfit": 1003400000,
    "grossProfitRatio": 0.7072173668,
    "researchAndDevelopmentExpenses": 0,
    "generalAndAdministrativeExpenses": 0,
    "sellingAndMarketingExpenses": 0,
    "sellingGeneralAndAdministrativeExpenses": 0,
    "otherExpenses": 777200000,
    "operatingExpenses": 777200000,
    "costAndExpenses": 1192600000,
    "interestIncome": 0,
    "interestExpense": 0,
    "depreciationAndAmortization": 0,
    "ebitda": 401800000,
    "ebitdaratio": 0.2831970679,
    "operatingIncome": 226200000,
    "operatingIncomeRatio": 0.1594305047,
    "totalOtherIncomeExpensesNet": -213700000,
    "incomeBeforeTax": 12500000,
    "incomeBeforeTaxRatio": 0.0088102622,
    "incomeTaxExpense": 10000000,
    "netIncome": 2500000,
    "netIncomeRatio": 0.0017620524,
    "eps": -0.034,
    "epsdiluted": -0.034,
    "weightedAverageShsOut": 473295034,
    "weightedAverageShsOutDil": 473295034,
    "link": "https://www.sec.gov/Archives/edgar/data/65984/000006598496000046/0000065984-96-000046-index.html",
    "finalLink": "https://www.sec.gov/Archives/edgar/data/7323/"
  },
  {
    "date": "1995-09-30",
    "symbol": "ETR",
    "reportedCurrency": "USD",
    "cik": "0000065984",
    "fillingDate": "1995-11-06",
    "acceptedDate": "1995-11-06 00:00:00",
    "calendarYear": "1995",
    "period": "Q3",
    "revenue": 1937400000,
    "costOfRevenue": 588900000,
    "grossProfit": 1366200000,
    "grossProfitRatio": 0.7051718798,
    "researchAndDevelopmentExpenses": 0,
    "generalAndAdministrativeExpenses": 0,
    "sellingAndMarketingExpenses": 0,
    "sellingGeneralAndAdministrativeExpenses": 0,
    "otherExpenses": 760100000,
    "operatingExpenses": 760100000,
    "costAndExpenses": 1349000000,
    "interestIncome": 0,
    "interestExpense": 0,
    "depreciationAndAmortization": 0,
    "ebitda": 783600000,
    "ebitdaratio": 0.404459585,
    "operatingIncome": 606100000,
    "operatingIncomeRatio": 0.3128419531,
    "totalOtherIncomeExpensesNet": -164600000,
    "incomeBeforeTax": 441300000,
    "incomeBeforeTaxRatio": 0.2277794983,
    "incomeTaxExpense": 178400000,
    "netIncome": 242600000,
    "netIncomeRatio": 0.1252193662,
    "eps": 0.58,
    "epsdiluted": 0.58,
    "weightedAverageShsOut": 418275862,
    "weightedAverageShsOutDil": 418275862,
    "link": "https://www.sec.gov/Archives/edgar/data/65984/000006598495000061/0000065984-95-000061-index.html",
    "finalLink": "https://www.sec.gov/Archives/edgar/data/7323/"
  }
]