[
  {
    "date": "2024-12-31",
    "symbol": "ETR",
    "reportedCurrency": "USD",
    "cik": "0000065984",
    "fillingDate": "2025-02-18",
    "acceptedDate": "2025-02-18 15:59:23",
    "calendarYear": "2024",
    "period": "FY",
    "revenue": 11879653000,
    "costOfRevenue": 6141366000,
    "grossProfit": 5738287000,
    "grossProfitRatio": 0.4830349001,
    "researchAndDevelopmentExpenses": 0,
    "generalAndAdministrativeExpenses": 0,
    "sellingAndMarketingExpenses": 0,
    "sellingGeneralAndAdministrativeExpenses": 0,
    "otherExpenses": 3087197000,
    "operatingExpenses": 3087197000,
    "costAndExpenses": 9228563000,
    "interestIncome": 298865000,
    "interestExpense": 1150820000,
    "depreciationAndAmortization": 2443562000,
    "ebitda": 5036593000,
    "ebitdaratio": 0.4239680233,
    "operatingIncome": 2651090000,
    "operatingIncomeRatio": 0.2231622422,
    "totalOtherIncomeExpensesNet": -1208879000,
    "incomeBeforeTax": 1442211000,
    "incomeBeforeTaxRatio": 0.1214017783,
    "incomeTaxExpense": 381027000,
    "netIncome": 1061184000,
    "netIncomeRatio": 0.0893278617,
    "eps": 2.47,
    "epsdiluted": 2.45,
    "weightedAverageShsOut": 427713000,
    "weightedAverageShsOutDil": 431582000,
    "link": "https://www.sec.gov/Archives/edgar/data/65984/000006598425000012/0000065984-25-000012-index.htm",
    "finalLink": "https://www.sec.gov/Archives/edgar/data/7323/000006598425000012/etr-20241231.htm"
  },
  {
    "date": "2023-12-31",
    "symbol": "ETR",
    "reportedCurrency": "USD",
    "cik": "0000065984",
    "fillingDate": "2024-02-23",
    "acceptedDate": "2024-02-23 11:05:00",
    "calendarYear": "2023",
    "period": "FY",
    "revenue": 12147412000,
    "costOfRevenue": 6817976000,
    "grossProfit": 5329436000,
    "grossProfitRatio": 0.4387301591,
    "researchAndDevelopmentExpenses": 0,
    "generalAndAdministrativeExpenses": 0,
    "sellingAndMarketingExpenses": 0,
    "sellingGeneralAndAdministrativeExpenses": 0,
    "otherExpenses": 2711461000,
    "operatingExpenses": 2711461000,
    "costAndExpenses": 9529437000,
    "interestIncome": 162726000,
    "interestExpense": 1006406000,
    "depreciationAndAmortization": 2244479000,
    "ebitda": 4922660000,
    "ebitdaratio": 0.4052435202,
    "operatingIncome": 2617975000,
    "operatingIncomeRatio": 0.2155170994,
    "totalOtherIncomeExpensesNet": -946200000,
    "incomeBeforeTax": 1671775000,
    "incomeBeforeTaxRatio": 0.1376239647,
    "incomeTaxExpense": -690535000,
    "netIncome": 2362310000,
    "netIncomeRatio": 0.1944702295,
    "eps": 5.57,
    "epsdiluted": 5.55,
    "weightedAverageShsOut": 423139862,
    "weightedAverageShsOutDil": 424752990,
    "link": "https://www.sec.gov/Archives/edgar/data/65984/000006598424000012/0000065984-24-000012-index.htm",
    "finalLink": "https://www.sec.gov/Archives/edgar/data/7323/000006598424000012/etr-20231231.htm"
  },
  {
    "date": "2022-12-31",
    "symbol": "ETR",
    "reportedCurrency": "USD",
    "cik": "0000065984",
    "fillingDate": "2023-02-24",
    "acceptedDate": "2023-02-24 11:41:59",
    "calendarYear": "2022",
    "period": "FY",
    "revenue": 13764237000,
    "costOfRevenue": 8488886000,
    "grossProfit": 5275351000,
    "grossProfitRatio": 0.3832650513,
    "researchAndDevelopmentExpenses": 0,
    "generalAndAdministrativeExpenses": 0,
    "sellingAndMarketingExpenses": 0,
    "sellingGeneralAndAdministrativeExpenses": 0,
    "otherExpenses": 3224576000,
    "operatingExpenses": 3224576000,
    "costAndExpenses": 11713462000,
    "interestIncome": 0,
    "interestExpense": 987818000,
    "depreciationAndAmortization": 2190371000,
    "ebitda": 4236349000,
    "ebitdaratio": 0.3077794287,
    "operatingIncome": 2050775000,
    "operatingIncomeRatio": 0.1489930027,
    "totalOtherIncomeExpensesNet": -992615000,
    "incomeBeforeTax": 1058160000,
    "incomeBeforeTaxRatio": 0.0768774906,
    "incomeTaxExpense": -38978000,
    "netIncome": 1097138000,
    "netIncomeRatio": 0.0797093221,
    "eps": 2.7,
    "epsdiluted": 2.69,
    "weightedAverageShsOut": 408900708,
    "weightedAverageShsOutDil": 411095156,
    "link": "https://www.sec.gov/Archives/edgar/data/65984/000006598423000014/0000065984-23-000014-index.htm",
    "finalLink": "https://www.sec.gov/Archives/edgar/data/7323/000006598423000014/etr-20221231.htm"
  },
  {
    "date": "2021-12-31",
    "symbol": "ETR",
    "reportedCurrency": "USD",
    "cik": "0000065984",
    "fillingDate": "2022-02-25",
    "acceptedDate": "2022-02-25 10:40:47",
    "calendarYear": "2021",
    "period": "FY",
    "revenue": 11742896000,
    "costOfRevenue": 6871030000,
    "grossProfit": 4871866000,
    "grossProfitRatio": 0.4148777269,
    "researchAndDevelopmentExpenses": 0,
    "generalAndAdministrativeExpenses": 0,
    "sellingAndMarketingExpenses": 0,
    "sellingGeneralAndAdministrativeExpenses": 0,
    "otherExpenses": 3026240000,
    "operatingExpenses": 3026240000,
    "costAndExpenses": 9897270000,
    "interestIncome": 430466000,
    "interestExpense": 834694000,
    "depreciationAndAmortization": 2242944000,
    "ebitda": 4387731000,
    "ebitdaratio": 0.373649822,
    "operatingIncome": 1845626000,
    "operatingIncomeRatio": 0.1571695772,
    "totalOtherIncomeExpensesNet": -535533000,
    "incomeBeforeTax": 1310093000,
    "incomeBeforeTaxRatio": 0.1115647282,
    "incomeTaxExpense": 191374000,
    "netIncome": 1118719000,
    "netIncomeRatio": 0.0952677261,
    "eps": 2.79,
    "epsdiluted": 2.77,
    "weightedAverageShsOut": 401883022,
    "weightedAverageShsOutDil": 403746048,
    "link": "https://www.sec.gov/Archives/edgar/data/65984/000006598422000017/0000065984-22-000017-index.htm",
    "finalLink": "https://www.sec.gov/Archives/edgar/data/7323/000006598422000017/etr-20211231.htm"
  },
  {
    "date": "2020-12-31",
    "symbol": "ETR",
    "reportedCurrency": "USD",
    "cik": "0000065984",
    "fillingDate": "2021-02-26",
    "acceptedDate": "2021-02-26 12:31:41",
    "calendarYear": "2020",
    "period": "FY",
    "revenue": 10113636000,
    "costOfRevenue": 5655422000,
    "grossProfit": 4458214000,
    "grossProfitRatio": 0.4408121866,
    "researchAndDevelopmentExpenses": 0,
    "generalAndAdministrativeExpenses": 0,
    "sellingAndMarketingExpenses": 0,
    "sellingGeneralAndAdministrativeExpenses": 0,
    "otherExpenses": 2689019000,
    "operatingExpenses": 2689019000,
    "costAndExpenses": 8344441000,
    "interestIncome": 392818000,
    "interestExpense": 785663000,
    "depreciationAndAmortization": 2257750000,
    "ebitda": 4328560000,
    "ebitdaratio": 0.4279924648,
    "operatingIncome": 1769195000,
    "operatingIncomeRatio": 0.1749316467,
    "totalOtherIncomeExpensesNet": -484048000,
    "incomeBeforeTax": 1285147000,
    "incomeBeforeTaxRatio": 0.1270707192,
    "incomeTaxExpense": -121506000,
    "netIncome": 1406653000,
    "netIncomeRatio": 0.139084796,
    "eps": 3.47,
    "epsdiluted": 3.45,
    "weightedAverageShsOut": 400213890,
    "weightedAverageShsOutDil": 402204440,
    "link": "https://www.sec.gov/Archives/edgar/data/65984/000006598421000096/0000065984-21-000096-index.htm",
    "finalLink": "https://www.sec.gov/Archives/edgar/data/7323/000006598421000096/etr-20201231.htm"
  },
  {
    "date": "2019-12-31",
    "symbol": "ETR",
    "reportedCurrency": "USD",
    "cik": "0000065984",
    "fillingDate": "2020-02-21",
    "acceptedDate": "2020-02-21 12:33:43",
    "calendarYear": "2019",
    "period": "FY",
    "revenue": 10878673000,
    "costOfRevenue": 6699806000,
    "grossProfit": 4178867000,
    "grossProfitRatio": 0.3841338921,
    "researchAndDevelopmentExpenses": 0,
    "generalAndAdministrativeExpenses": 0,
    "sellingAndMarketingExpenses": 0,
    "sellingGeneralAndAdministrativeExpenses": 0,
    "otherExpenses": 2788370000,
    "operatingExpenses": 2788370000,
    "costAndExpenses": 9488176000,
    "interestIncome": 547912000,
    "interestExpense": 742425000,
    "depreciationAndAmortization": 2182313000,
    "ebitda": 4013157000,
    "ebitdaratio": 0.3689013357,
    "operatingIncome": 1390497000,
    "operatingIncomeRatio": 0.1278186227,
    "totalOtherIncomeExpensesNet": -302078000,
    "incomeBeforeTax": 1088419000,
    "incomeBeforeTaxRatio": 0.1000507139,
    "incomeTaxExpense": -169825000,
    "netIncome": 1258244000,
    "netIncomeRatio": 0.1156615334,
    "eps": 3.18,
    "epsdiluted": 3.15,
    "weightedAverageShsOut": 390391716,
    "weightedAverageShsOutDil": 393998568,
    "link": "https://www.sec.gov/Archives/edgar/data/65984/000006598420000069/0000065984-20-000069-index.htm",
    "finalLink": "https://www.sec.gov/Archives/edgar/data/7323/000006598420000069/etr-12312019x10k.htm"
  },
  {
    "date": "2018-12-31",
    "symbol": "ETR",
    "reportedCurrency": "USD",
    "cik": "0000065984",
    "fillingDate": "2019-02-26",
    "acceptedDate": "2019-02-26 12:55:40",
    "calendarYear": "2018",
    "period": "FY",
    "revenue": 11009452000,
    "costOfRevenue": 7306815000,
    "grossProfit": 3702637000,
    "grossProfitRatio": 0.3363143779,
    "researchAndDevelopmentExpenses": 0,
    "generalAndAdministrativeExpenses": 0,
    "sellingAndMarketingExpenses": 0,
    "sellingGeneralAndAdministrativeExpenses": 0,
    "otherExpenses": 3233272000,
    "operatingExpenses": 3233272000,
    "costAndExpenses": 10540087000,
    "interestIncome": 63864000,
    "interestExpense": 707348000,
    "depreciationAndAmortization": 2040555000,
    "ebitda": 2573632000,
    "ebitdaratio": 0.233765677,
    "operatingIncome": 469365000,
    "operatingIncomeRatio": 0.0426329122,
    "totalOtherIncomeExpensesNet": -643636000,
    "incomeBeforeTax": -174271000,
    "incomeBeforeTaxRatio": -0.0158292166,
    "incomeTaxExpense": -1036826000,
    "netIncome": 862555000,
    "netIncomeRatio": 0.0783467697,
    "eps": 2.34,
    "epsdiluted": 2.32,
    "weightedAverageShsOut": 362819194,
    "weightedAverageShsOutDil": 366757026,
    "link": "https://www.sec.gov/Archives/edgar/data/65984/000006598419000082/0000065984-19-000082-index.htm",
    "finalLink": "https://www.sec.gov/Archives/edgar/data/7323/000006598419000082/etr-12312018x10k.htm"
  },
  {
    "date": "2017-12-31",
    "symbol": "ETR",
    "reportedCurrency": "USD",
    "cik": "0000065984",
    "fillingDate": "2018-02-26",
    "acceptedDate": "2018-02-26 09:03:03",
    "calendarYear": "2017",
    "period": "FY",
    "revenue": 11074481000,
    "costOfRevenue": 6894384000,
    "grossProfit": 4180097000,
    "grossProfitRatio": 0.3774530834,
    "researchAndDevelopmentExpenses": 0,
    "generalAndAdministrativeExpenses": 0,
    "sellingAndMarketingExpenses": 0,
    "sellingGeneralAndAdministrativeExpenses": 0,
    "otherExpenses": 2819690000,
    "operatingExpenses": 2819690000,
    "costAndExpenses": 9714074000,
    "interestIncome": 288197000,
    "interestExpense": 662343000,
    "depreciationAndAmortization": 2078578000,
    "ebitda": 3708844000,
    "ebitdaratio": 0.3349000283,
    "operatingIncome": 1360407000,
    "operatingIncomeRatio": 0.1228416031,
    "totalOtherIncomeExpensesNet": -392484000,
    "incomeBeforeTax": 967923000,
    "incomeBeforeTaxRatio": 0.0874012064,
    "incomeTaxExpense": 542570000,
    "netIncome": 425353000,
    "netIncomeRatio": 0.0384083913,
    "eps": 1.15,
    "epsdiluted": 1.14,
    "weightedAverageShsOut": 359343594,
    "weightedAverageShsOutDil": 361071786,
    "link": "https://www.sec.gov/Archives/edgar/data/65984/000006598418000072/0000065984-18-000072-index.htm",
    "finalLink": "https://www.sec.gov/Archives/edgar/data/7323/000006598418000072/etr-12312017x10k.htm"
  },
  {
    "date": "2016-12-31",
    "symbol": "ETR",
    "reportedCurrency": "USD",
    "cik": "0000065984",
    "fillingDate": "2017-02-24",
    "acceptedDate": "2017-02-24 13:08:57",
    "calendarYear": "2016",
    "period": "FY",
    "revenue": 10845645000,
    "costOfRevenue": 9299519000,
    "grossProfit": 1546126000,
    "grossProfitRatio": 0.1425573122,
    "researchAndDevelopmentExpenses": 0,
    "generalAndAdministrativeExpenses": 0,
    "sellingAndMarketingExpenses": 0,
    "sellingGeneralAndAdministrativeExpenses": 0,
    "otherExpenses": 2361357000,
    "operatingExpenses": 2361357000,
    "costAndExpenses": 11660876000,
    "interestIncome": 145127000,
    "interestExpense": 666370000,
    "depreciationAndAmortization": 2123291000,
    "ebitda": 1407899000,
    "ebitdaratio": 0.1298123809,
    "operatingIncome": -815231000,
    "operatingIncomeRatio": -0.0751666683,
    "totalOtherIncomeExpensesNet": -566531000,
    "incomeBeforeTax": -1381762000,
    "incomeBeforeTaxRatio": -0.1274024735,
    "incomeTaxExpense": -817259000,
    "netIncome": -564503000,
    "netIncomeRatio": -0.0520488178,
    "eps": -1.63,
    "epsdiluted": -1.63,
    "weightedAverageShsOut": 357771320,
    "weightedAverageShsOutDil": 357771320,
    "link": "https://www.sec.gov/Archives/edgar/data/65984/000006598417000067/0000065984-17-000067-index.htm",
    "finalLink": "https://www.sec.gov/Archives/edgar/data/7323/000006598417000067/etr-12312016x10k.htm"
  },
  {
    "date": "2015-12-31",
    "symbol": "ETR",
    "reportedCurrency": "USD",
    "cik": "0000065984",
    "fillingDate": "2016-02-26",
    "acceptedDate": "2016-02-25 19:51:12",
    "calendarYear": "2015",
    "period": "FY",
    "revenue": 11513251000,
    "costOfRevenue": 9554179000,
    "grossProfit": 1959072000,
    "grossProfitRatio": 0.1701580205,
    "researchAndDevelopmentExpenses": 0,
    "generalAndAdministrativeExpenses": 0,
    "sellingAndMarketingExpenses": 0,
    "sellingGeneralAndAdministrativeExpenses": 0,
    "otherExpenses": 2258237000,
    "operatingExpenses": 2258237000,
    "costAndExpenses": 11812416000,
    "interestIncome": 187062000,
    "interestExpense": 643469000,
    "depreciationAndAmortization": 2117236000,
    "ebitda": 1961044000,
    "ebitdaratio": 0.1703293014,
    "operatingIncome": -299165000,
    "operatingIncomeRatio": -0.025984407,
    "totalOtherIncomeExpensesNet": -500496000,
    "incomeBeforeTax": -799661000,
    "incomeBeforeTaxRatio": -0.069455708,
    "incomeTaxExpense": -642927000,
    "netIncome": -156734000,
    "netIncomeRatio": -0.0136133573,
    "eps": -0.49,
    "epsdiluted": -0.49,
    "weightedAverageShsOut": 358352712,
    "weightedAverageShsOutDil": 358352712,
    "link": "https://www.sec.gov/Archives/edgar/data/65984/000006598416000436/0000065984-16-000436-index.htm",
    "finalLink": "https://www.sec.gov/Archives/edgar/data/7323/000006598416000436/etr-12312015x10k.htm"
  },
  {
    "date": "2014-12-31",
    "symbol": "ETR",
    "reportedCurrency": "USD",
    "cik": "0000065984",
    "fillingDate": "2015-02-26",
    "acceptedDate": "2015-02-26 16:01:02",
    "calendarYear": "2014",
    "period": "FY",
    "revenue": 12494921000,
    "costOfRevenue": 8305939000,
    "grossProfit": 4188982000,
    "grossProfitRatio": 0.3352547807,
    "researchAndDevelopmentExpenses": 0,
    "generalAndAdministrativeExpenses": 0,
    "sellingAndMarketingExpenses": 0,
    "sellingGeneralAndAdministrativeExpenses": 0,
    "otherExpenses": 2182093000,
    "operatingExpenses": 2182093000,
    "costAndExpenses": 10488032000,
    "interestIncome": 147686000,
    "interestExpense": 627507000,
    "depreciationAndAmortization": 2127892000,
    "ebitda": 4305253000,
    "ebitdaratio": 0.3445602417,
    "operatingIncome": 2006889000,
    "operatingIncomeRatio": 0.1606163816,
    "totalOtherIncomeExpensesNet": -457035000,
    "incomeBeforeTax": 1549854000,
    "incomeBeforeTaxRatio": 0.1240387194,
    "incomeTaxExpense": 589597000,
    "netIncome": 960257000,
    "netIncomeRatio": 0.0768517864,
    "eps": 2.62,
    "epsdiluted": 2.61,
    "weightedAverageShsOut": 359012302,
    "weightedAverageShsOutDil": 360593770,
    "link": "https://www.sec.gov/Archives/edgar/data/65984/000006598415000102/0000065984-15-000102-index.htm",
    "finalLink": "https://www.sec.gov/Archives/edgar/data/7323/000006598415000102/etr-12312014x10k.htm"
  },
  {
    "date": "2013-12-31",
    "symbol": "ETR",
    "reportedCurrency": "USD",
    "cik": "0000065984",
    "fillingDate": "2014-02-27",
    "acceptedDate": "2014-02-27 16:24:17",
    "calendarYear": "2013",
    "period": "FY",
    "revenue": 11390947000,
    "costOfRevenue": 7930422000,
    "grossProfit": 3460525000,
    "grossProfitRatio": 0.303796076,
    "researchAndDevelopmentExpenses": 0,
    "generalAndAdministrativeExpenses": 0,
    "sellingAndMarketingExpenses": 0,
    "sellingGeneralAndAdministrativeExpenses": 0,
    "otherExpenses": 2105526000,
    "operatingExpenses": 2105526000,
    "costAndExpenses": 10035948000,
    "interestIncome": 199300000,
    "interestExpense": 604037000,
    "depreciationAndAmortization": 2012076000,
    "ebitda": 3572666000,
    "ebitdaratio": 0.3136408237,
    "operatingIncome": 1354999000,
    "operatingIncomeRatio": 0.1189540255,
    "totalOtherIncomeExpensesNet": -398446000,
    "incomeBeforeTax": 956553000,
    "incomeBeforeTaxRatio": 0.0839748442,
    "incomeTaxExpense": 225981000,
    "netIncome": 730572000,
    "netIncomeRatio": 0.0641361952,
    "eps": 2,
    "epsdiluted": 2,
    "weightedAverageShsOut": 356422384,
    "weightedAverageShsOutDil": 357140800,
    "link": "https://www.sec.gov/Archives/edgar/data/65984/000006598414000065/0000065984-14-000065-index.htm",
    "finalLink": "https://www.sec.gov/Archives/edgar/data/7323/000006598414000065/etr-12312013x10k.htm"
  },
  {
    "date": "2012-12-31",
    "symbol": "ETR",
    "reportedCurrency": "USD",
    "cik": "0000065984",
    "fillingDate": "2013-02-27",
    "acceptedDate": "2013-02-27 16:44:58",
    "calendarYear": "2012",
    "period": "FY",
    "revenue": 10302079000,
    "costOfRevenue": 6939151000,
    "grossProfit": 3362928000,
    "grossProfitRatio": 0.3264319755,
    "researchAndDevelopmentExpenses": 0,
    "generalAndAdministrativeExpenses": 0,
    "sellingAndMarketingExpenses": 0,
    "sellingGeneralAndAdministrativeExpenses": 0,
    "otherExpenses": 2061747000,
    "operatingExpenses": 2061747000,
    "costAndExpenses": 9000898000,
    "interestIncome": 127776000,
    "interestExpense": 569284000,
    "depreciationAndAmortization": 1771649000,
    "ebitda": 3240151000,
    "ebitdaratio": 0.314514284,
    "operatingIncome": 1301181000,
    "operatingIncomeRatio": 0.1263027589,
    "totalOtherIncomeExpensesNet": -401963000,
    "incomeBeforeTax": 899218000,
    "incomeBeforeTaxRatio": 0.0872851004,
    "incomeTaxExpense": 30855000,
    "netIncome": 868363000,
    "netIncomeRatio": 0.0842900739,
    "eps": 2.38,
    "epsdiluted": 2.38,
    "weightedAverageShsOut": 354649626,
    "weightedAverageShsOutDil": 355475130,
    "link": "https://www.sec.gov/Archives/edgar/data/65984/000006598413000050/0000065984-13-000050-index.htm",
    "finalLink": "https://www.sec.gov/Archives/edgar/data/7323/000006598413000050/a10-k.htm"
  },
  {
    "date": "2011-12-31",
    "symbol": "ETR",
    "reportedCurrency": "USD",
    "cik": "0000065984",
    "fillingDate": "2012-02-28",
    "acceptedDate": "2012-02-28 16:06:46",
    "calendarYear": "2011",
    "period": "FY",
    "revenue": 11229073000,
    "costOfRevenue": 7181057000,
    "grossProfit": 4048016000,
    "grossProfitRatio": 0.3604942278,
    "researchAndDevelopmentExpenses": 0,
    "generalAndAdministrativeExpenses": 190595000,
    "sellingAndMarketingExpenses": 0,
    "sellingGeneralAndAdministrativeExpenses": 190595000,
    "otherExpenses": 1844187000,
    "operatingExpenses": 2034782000,
    "costAndExpenses": 9215839000,
    "interestIncome": 128994000,
    "interestExpense": 513627000,
    "depreciationAndAmortization": 1745455000,
    "ebitda": 3912717000,
    "ebitdaratio": 0.3484452368,
    "operatingIncome": 2013234000,
    "operatingIncomeRatio": 0.1792876402,
    "totalOtherIncomeExpensesNet": -359599000,
    "incomeBeforeTax": 1653635000,
    "incomeBeforeTaxRatio": 0.1472637145,
    "incomeTaxExpense": 286263000,
    "netIncome": 1367372000,
    "netIncomeRatio": 0.1217706929,
    "eps": 3.8,
    "epsdiluted": 3.78,
    "weightedAverageShsOut": 354860416,
    "weightedAverageShsOutDil": 356741390,
    "link": "https://www.sec.gov/Archives/edgar/data/65984/000006598412000067/0000065984-12-000067-index.htm",
    "finalLink": "https://www.sec.gov/Archives/edgar/data/7323/000006598412000067/a10-k.htm"
  },
  {
    "date": "2010-12-31",
    "symbol": "ETR",
    "reportedCurrency": "USD",
    "cik": "0000065984",
    "fillingDate": "2011-02-28",
    "acceptedDate": "2011-02-28 12:15:43",
    "calendarYear": "2010",
    "period": "FY",
    "revenue": 11487577000,
    "costOfRevenue": 4434121000,
    "grossProfit": 7053456000,
    "grossProfitRatio": 0.614007288,
    "researchAndDevelopmentExpenses": 0,
    "generalAndAdministrativeExpenses": 211736000,
    "sellingAndMarketingExpenses": 0,
    "sellingGeneralAndAdministrativeExpenses": 211736000,
    "otherExpenses": 4574343000,
    "operatingExpenses": 4786079000,
    "costAndExpenses": 9220200000,
    "interestIncome": 185455000,
    "interestExpense": 610146000,
    "depreciationAndAmortization": 1705331000,
    "ebitda": 4203021000,
    "ebitdaratio": 0.3658753278,
    "operatingIncome": 2267377000,
    "operatingIncomeRatio": 0.1973764354,
    "totalOtherIncomeExpensesNet": -379833000,
    "incomeBeforeTax": 1887544000,
    "incomeBeforeTaxRatio": 0.1643117604,
    "incomeTaxExpense": 617239000,
    "netIncome": 1270305000,
    "netIncomeRatio": 0.1105807604,
    "eps": 3.36,
    "epsdiluted": 3.33,
    "weightedAverageShsOut": 372020904,
    "weightedAverageShsOutDil": 375628470,
    "link": "https://www.sec.gov/Archives/edgar/data/65984/000006598411000033/0000065984-11-000033-index.htm",
    "finalLink": "https://www.sec.gov/Archives/edgar/data/7323/000006598411000033/a10-k.htm"
  },
  {
    "date": "2009-12-31",
    "symbol": "ETR",
    "reportedCurrency": "USD",
    "cik": "0000065984",
    "fillingDate": "2010-02-26",
    "acceptedDate": "2010-02-26 09:06:37",
    "calendarYear": "2009",
    "period": "FY",
    "revenue": 10745650000,
    "costOfRevenue": 3946344000,
    "grossProfit": 6799306000,
    "grossProfitRatio": 0.6327496243,
    "researchAndDevelopmentExpenses": 0,
    "generalAndAdministrativeExpenses": 199063000,
    "sellingAndMarketingExpenses": 0,
    "sellingGeneralAndAdministrativeExpenses": 199063000,
    "otherExpenses": 4315717000,
    "operatingExpenses": 4514780000,
    "costAndExpenses": 8461124000,
    "interestIncome": 236628000,
    "interestExpense": 570444000,
    "depreciationAndAmortization": 1458861000,
    "ebitda": 3913095000,
    "ebitdaratio": 0.3641561934,
    "operatingIncome": 2284526000,
    "operatingIncomeRatio": 0.2126000754,
    "totalOtherIncomeExpensesNet": -400736000,
    "incomeBeforeTax": 1883790000,
    "incomeBeforeTaxRatio": 0.1753072173,
    "incomeTaxExpense": 632740000,
    "netIncome": 1251050000,
    "netIncomeRatio": 0.1164238552,
    "eps": 3.2,
    "epsdiluted": 3.15,
    "weightedAverageShsOut": 385544064,
    "weightedAverageShsOutDil": 391676136,
    "link": "https://www.sec.gov/Archives/edgar/data/65984/000006598410000035/0000065984-10-000035-index.htm",
    "finalLink": "https://www.sec.gov/Archives/edgar/data/7323/000006598410000035/a10-k.htm"
  },
  {
    "date": "2008-12-31",
    "symbol": "ETR",
    "reportedCurrency": "USD",
    "cik": "0000065984",
    "fillingDate": "2009-03-02",
    "acceptedDate": "2009-03-02 14:42:00",
    "calendarYear": "2008",
    "period": "FY",
    "revenue": 13093756000,
    "costOfRevenue": 6290723000,
    "grossProfit": 6803033000,
    "grossProfitRatio": 0.5195631414,
    "researchAndDevelopmentExpenses": 0,
    "generalAndAdministrativeExpenses": 249292000,
    "sellingAndMarketingExpenses": 0,
    "sellingGeneralAndAdministrativeExpenses": 189409000,
    "otherExpenses": 4330457000,
    "operatingExpenses": 4519866000,
    "costAndExpenses": 10810589000,
    "interestIncome": 197872000,
    "interestExpense": 608921000,
    "depreciationAndAmortization": 1391689000,
    "ebitda": 3844143000,
    "ebitdaratio": 0.2935859657,
    "operatingIncome": 2283167000,
    "operatingIncomeRatio": 0.1743706695,
    "totalOtherIncomeExpensesNet": -439634000,
    "incomeBeforeTax": 1843533000,
    "incomeBeforeTaxRatio": 0.1407948185,
    "incomeTaxExpense": 602998000,
    "netIncome": 1240535000,
    "netIncomeRatio": 0.0947424864,
    "eps": 3.2,
    "epsdiluted": 3.1,
    "weightedAverageShsOut": 381851226,
    "weightedAverageShsOutDil": 402023176,
    "link": "https://www.sec.gov/Archives/edgar/data/65984/000006598409000062/0000065984-09-000062-index.htm",
    "finalLink": "https://www.sec.gov/Archives/edgar/data/7323/000006598409000062/a10k.htm"
  },
  {
    "date": "2007-12-31",
    "symbol": "ETR",
    "reportedCurrency": "USD",
    "cik": "0000065984",
    "fillingDate": "2008-02-29",
    "acceptedDate": "2008-02-29 12:26:32",
    "calendarYear": "2007",
    "period": "FY",
    "revenue": 11484398000,
    "costOfRevenue": 4921783000,
    "grossProfit": 6562615000,
    "grossProfitRatio": 0.5714374406,
    "researchAndDevelopmentExpenses": 0,
    "generalAndAdministrativeExpenses": 0,
    "sellingAndMarketingExpenses": 0,
    "sellingGeneralAndAdministrativeExpenses": 0,
    "otherExpenses": 4506247000,
    "operatingExpenses": 4506247000,
    "costAndExpenses": 9428030000,
    "interestIncome": 0,
    "interestExpense": 0,
    "depreciationAndAmortization": 1131610000,
    "ebitda": 3187978000,
    "ebitdaratio": 0.2775920862,
    "operatingIncome": 2056368000,
    "operatingIncomeRatio": 0.1790575353,
    "totalOtherIncomeExpensesNet": -407102000,
    "incomeBeforeTax": 1649266000,
    "incomeBeforeTaxRatio": 0.1436092689,
    "incomeTaxExpense": 514417000,
    "netIncome": 1134849000,
    "netIncomeRatio": 0.0988165858,
    "eps": 2.89,
    "epsdiluted": 2.8,
    "weightedAverageShsOut": 393146000,
    "weightedAverageShsOutDil": 405561000,
    "link": "https://www.sec.gov/Archives/edgar/data/65984/000006598408000052/0000065984-08-000052-index.htm",
    "finalLink": "https://www.sec.gov/Archives/edgar/data/7323/000006598408000052/a10k.htm"
  },
  {
    "date": "2006-12-31",
    "symbol": "ETR",
    "reportedCurrency": "USD",
    "cik": "0000065984",
    "fillingDate": "2007-03-01",
    "acceptedDate": "2007-03-01 15:08:24",
    "calendarYear": "2006",
    "period": "FY",
    "revenue": 10932158000,
    "costOfRevenue": 5451877000,
    "grossProfit": 5480281000,
    "grossProfitRatio": 0.5012991031,
    "researchAndDevelopmentExpenses": 0,
    "generalAndAdministrativeExpenses": 145884000,
    "sellingAndMarketingExpenses": 0,
    "sellingGeneralAndAdministrativeExpenses": 145884000,
    "otherExpenses": 3651717000,
    "operatingExpenses": 3797601000,
    "costAndExpenses": 9249478000,
    "interestIncome": 0,
    "interestExpense": 0,
    "depreciationAndAmortization": 1035153000,
    "ebitda": 2717833000,
    "ebitdaratio": 0.2486090121,
    "operatingIncome": 1682680000,
    "operatingIncomeRatio": 0.153920205,
    "totalOtherIncomeExpensesNet": -106538000,
    "incomeBeforeTax": 1576142000,
    "incomeBeforeTaxRatio": 0.1441748281,
    "incomeTaxExpense": 443044000,
    "netIncome": 1132602000,
    "netIncomeRatio": 0.1036027836,
    "eps": 2.73,
    "epsdiluted": 2.68,
    "weightedAverageShsOut": 414913676,
    "weightedAverageShsOutDil": 422904910,
    "link": "https://www.sec.gov/Archives/edgar/data/65984/000006598407000057/0000065984-07-000057-index.htm",
    "finalLink": "https://www.sec.gov/Archives/edgar/data/7323/000006598407000057/a10-k.htm"
  },
  {
    "date": "2005-12-31",
    "symbol": "ETR",
    "reportedCurrency": "USD",
    "cik": "0000065984",
    "fillingDate": "2006-03-10",
    "acceptedDate": "2006-03-10 09:07:40",
    "calendarYear": "2005",
    "period": "FY",
    "revenue": 10106247000,
    "costOfRevenue": 4859915000,
    "grossProfit": 5246332000,
    "grossProfitRatio": 0.5191177299,
    "researchAndDevelopmentExpenses": 0,
    "generalAndAdministrativeExpenses": 0,
    "sellingAndMarketingExpenses": 0,
    "sellingGeneralAndAdministrativeExpenses": 143121000,
    "otherExpenses": 3361104000,
    "operatingExpenses": 3504225000,
    "costAndExpenses": 8364140000,
    "interestIncome": 0,
    "interestExpense": 0,
    "depreciationAndAmortization": 1001852000,
    "ebitda": 2743959000,
    "ebitdaratio": 0.2715111752,
    "operatingIncome": 1742107000,
    "operatingIncomeRatio": 0.1723792225,
    "totalOtherIncomeExpensesNet": -239698000,
    "incomeBeforeTax": 1527836000,
    "incomeBeforeTaxRatio": 0.1511773856,
    "incomeTaxExpense": 559284000,
    "netIncome": 923758000,
    "netIncomeRatio": 0.091404653,
    "eps": 2.13,
    "epsdiluted": 2.1,
    "weightedAverageShsOut": 420283774,
    "weightedAverageShsOutDil": 428882724,
    "link": "https://www.sec.gov/Archives/edgar/data/65984/000006598406000119/0000065984-06-000119-index.htm",
    "finalLink": "https://www.sec.gov/Archives/edgar/data/7323/000006598406000119/a10k.htm"
  },
  {
    "date": "2004-12-31",
    "symbol": "ETR",
    "reportedCurrency": "USD",
    "cik": "0000065984",
    "fillingDate": "2005-03-11",
    "acceptedDate": "2005-03-10 19:49:15",
    "calendarYear": "2004",
    "period": "FY",
    "revenue": 10123724000,
    "costOfRevenue": 4355890000,
    "grossProfit": 5329631000,
    "grossProfitRatio": 0.5264496543,
    "researchAndDevelopmentExpenses": 0,
    "generalAndAdministrativeExpenses": 0,
    "sellingAndMarketingExpenses": 0,
    "sellingGeneralAndAdministrativeExpenses": 149529000,
    "otherExpenses": 3620541000,
    "operatingExpenses": 3770070000,
    "costAndExpenses": 8125960000,
    "interestIncome": 0,
    "interestExpense": 0,
    "depreciationAndAmortization": 1045122000,
    "ebitda": 2604683000,
    "ebitdaratio": 0.2572850662,
    "operatingIncome": 1559561000,
    "operatingIncomeRatio": 0.1540501302,
    "totalOtherIncomeExpensesNet": -284691000,
    "incomeBeforeTax": 1298957000,
    "incomeBeforeTaxRatio": 0.1283082194,
    "incomeTaxExpense": 365305000,
    "netIncome": 933049000,
    "netIncomeRatio": 0.0921646027,
    "eps": 2.01,
    "epsdiluted": 1.97,
    "weightedAverageShsOut": 441894763,
    "weightedAverageShsOutDil": 450890076,
    "link": "https://www.sec.gov/Archives/edgar/data/65984/000006598405000147/0000065984-05-000147-index.htm",
    "finalLink": "https://www.sec.gov/Archives/edgar/data/7323/000006598405000147/a10-k.htm"
  },
  {
    "date": "2003-12-31",
    "symbol": "ETR",
    "reportedCurrency": "USD",
    "cik": "0000065984",
    "fillingDate": "2004-03-11",
    "acceptedDate": "2004-03-10 18:35:57",
    "calendarYear": "2003",
    "period": "FY",
    "revenue": 9194920000,
    "costOfRevenue": 3845171000,
    "grossProfit": 5349749000,
    "grossProfitRatio": 0.58181572,
    "researchAndDevelopmentExpenses": 0,
    "generalAndAdministrativeExpenses": 0,
    "sellingAndMarketingExpenses": 0,
    "sellingGeneralAndAdministrativeExpenses": 0,
    "otherExpenses": 3865194000,
    "operatingExpenses": 3865194000,
    "costAndExpenses": 7710365000,
    "interestIncome": 0,
    "interestExpense": 0,
    "depreciationAndAmortization": 996603000,
    "ebitda": 2481158000,
    "ebitdaratio": 0.2698400856,
    "operatingIncome": 1484555000,
    "operatingIncomeRatio": 0.1614538245,
    "totalOtherIncomeExpensesNet": -181088000,
    "incomeBeforeTax": 1303467000,
    "incomeBeforeTaxRatio": 0.1417594715,
    "incomeTaxExpense": 490074000,
    "netIncome": 950467000,
    "netIncomeRatio": 0.1033687079,
    "eps": 2.05,
    "epsdiluted": 2.01,
    "weightedAverageShsOut": 453608740,
    "weightedAverageShsOutDil": 462292080,
    "link": "https://www.sec.gov/Archives/edgar/data/65984/000006598404000135/0000065984-04-000135-index.htm",
    "finalLink": "https://www.sec.gov/Archives/edgar/data/7323/000006598404000135/a10-kn.htm"
  },
  {
    "date": "2002-12-31",
    "symbol": "ETR",
    "reportedCurrency": "USD",
    "cik": "0000065984",
    "fillingDate": "2003-03-19",
    "acceptedDate": "2003-03-18 17:35:42",
    "calendarYear": "2002",
    "period": "FY",
    "revenue": 8305035000,
    "costOfRevenue": 2986930000,
    "grossProfit": 5318105000,
    "grossProfitRatio": 0.6403470907,
    "researchAndDevelopmentExpenses": 0,
    "generalAndAdministrativeExpenses": 0,
    "sellingAndMarketingExpenses": 0,
    "sellingGeneralAndAdministrativeExpenses": 0,
    "otherExpenses": 4272261000,
    "operatingExpenses": 4272261000,
    "costAndExpenses": 7259191000,
    "interestIncome": 0,
    "interestExpense": 0,
    "depreciationAndAmortization": 869638000,
    "ebitda": 1915482000,
    "ebitdaratio": 0.2306410509,
    "operatingIncome": 1045844000,
    "operatingIncomeRatio": 0.1259289094,
    "totalOtherIncomeExpensesNet": -128834000,
    "incomeBeforeTax": 917010000,
    "incomeBeforeTaxRatio": 0.1104161512,
    "incomeTaxExpense": 293938000,
    "netIncome": 623072000,
    "netIncomeRatio": 0.0750234045,
    "eps": 1.35,
    "epsdiluted": 1.32,
    "weightedAverageShsOut": 446094862,
    "weightedAverageShsOutDil": 454606206,
    "link": "https://www.sec.gov/Archives/edgar/data/65984/000006598403000199/0000065984-03-000199-index.htm",
    "finalLink": "https://www.sec.gov/Archives/edgar/data/7323/000006598403000199/a10-k.htm"
  },
  {
    "date": "2001-12-31",
    "symbol": "ETR",
    "reportedCurrency": "USD",
    "cik": "0000065984",
    "fillingDate": "2002-03-14",
    "acceptedDate": "2002-03-14 00:00:00",
    "calendarYear": "2001",
    "period": "FY",
    "revenue": 9620899000,
    "costOfRevenue": 4792254000,
    "grossProfit": 4828645000,
    "grossProfitRatio": 0.5018912474,
    "researchAndDevelopmentExpenses": 0,
    "generalAndAdministrativeExpenses": 0,
    "sellingAndMarketingExpenses": 0,
    "sellingGeneralAndAdministrativeExpenses": 0,
    "otherExpenses": 3255303000,
    "operatingExpenses": 3255303000,
    "costAndExpenses": 8047557000,
    "interestIncome": 0,
    "interestExpense": 0,
    "depreciationAndAmortization": 740805000,
    "ebitda": 2314147000,
    "ebitdaratio": 0.2405333431,
    "operatingIncome": 1573342000,
    "operatingIncomeRatio": 0.163533782,
    "totalOtherIncomeExpensesNet": -390624000,
    "incomeBeforeTax": 1182718000,
    "incomeBeforeTaxRatio": 0.1229321709,
    "incomeTaxExpense": 455693000,
    "netIncome": 750507000,
    "netIncomeRatio": 0.0780079907,
    "eps": 1.65,
    "epsdiluted": 1.62,
    "weightedAverageShsOut": 441888540,
    "weightedAverageShsOutDil": 449467324,
    "link": "https://www.sec.gov/Archives/edgar/data/65984/000006598402000077/0000065984-02-000077-index.htm",
    "finalLink": "https://www.sec.gov/Archives/edgar/data/7323/000006598402000077/a08702.txt"
  },
  {
    "date": "2000-12-31",
    "symbol": "ETR",
    "reportedCurrency": "USD",
    "cik": "0000065984",
    "fillingDate": "2001-03-16",
    "acceptedDate": "2001-03-16 00:00:00",
    "calendarYear": "2000",
    "period": "FY",
    "revenue": 10016148000,
    "costOfRevenue": 5379227000,
    "grossProfit": 4642902000,
    "grossProfitRatio": 0.4635416729,
    "researchAndDevelopmentExpenses": 0,
    "generalAndAdministrativeExpenses": 0,
    "sellingAndMarketingExpenses": 0,
    "sellingGeneralAndAdministrativeExpenses": 0,
    "otherExpenses": 3133840000,
    "operatingExpenses": 3133840000,
    "costAndExpenses": 8513067000,
    "interestIncome": 0,
    "interestExpense": 0,
    "depreciationAndAmortization": 816001000,
    "ebitda": 2325063000,
    "ebitdaratio": 0.2321314541,
    "operatingIncome": 1509062000,
    "operatingIncomeRatio": 0.1506629095,
    "totalOtherIncomeExpensesNet": -319226000,
    "incomeBeforeTax": 1189836000,
    "incomeBeforeTaxRatio": 0.118791775,
    "incomeTaxExpense": 478921000,
    "netIncome": 710915000,
    "netIncomeRatio": 0.0709768865,
    "eps": 1.5,
    "epsdiluted": 1.49,
    "weightedAverageShsOut": 453160898,
    "weightedAverageShsOutDil": 457082614,
    "link": "https://www.sec.gov/Archives/edgar/data/65984/000006598401000070/0000065984-01-000070-index.htm",
    "finalLink": "https://www.sec.gov/Archives/edgar/data/7323/000006598401000070/0000065984-01-000070-0001.txt"
  },
  {
    "date": "1999-12-31",
    "symbol": "ETR",
    "reportedCurrency": "USD",
    "cik": "0000065984",
    "fillingDate": "2000-03-15",
    "acceptedDate": "2000-03-15 00:00:00",
    "calendarYear": "1999",
    "period": "FY",
    "revenue": 8773300000,
    "costOfRevenue": 4601416000,
    "grossProfit": 4164219000,
    "grossProfitRatio": 0.4746468262,
    "researchAndDevelopmentExpenses": 0,
    "generalAndAdministrativeExpenses": 0,
    "sellingAndMarketingExpenses": 0,
    "sellingGeneralAndAdministrativeExpenses": 0,
    "otherExpenses": 2920158000,
    "operatingExpenses": 2920158000,
    "costAndExpenses": 7521574000,
    "interestIncome": 0,
    "interestExpense": 0,
    "depreciationAndAmortization": 860500000,
    "ebitda": 2104561000,
    "ebitdaratio": 0.2398824844,
    "operatingIncome": 1244061000,
    "operatingIncomeRatio": 0.1418008047,
    "totalOtherIncomeExpensesNet": -292368000,
    "incomeBeforeTax": 951700000,
    "incomeBeforeTaxRatio": 0.1084768559,
    "incomeTaxExpense": 356667000,
    "netIncome": 595000000,
    "netIncomeRatio": 0.0678194066,
    "eps": 1.13,
    "epsdiluted": 1.13,
    "weightedAverageShsOut": 490254920,
    "weightedAverageShsOutDil": 490653766,
    "link": "https://www.sec.gov/Archives/edgar/data/65984/000006598400000048/0000065984-00-000048-index.html",
    "finalLink": "https://www.sec.gov/Archives/edgar/data/7323/000006598400000048/"
  },
  {
    "date": "1998-12-31",
    "symbol": "ETR",
    "reportedCurrency": "USD",
    "cik": "0000065984",
    "fillingDate": "1999-03-12",
    "acceptedDate": "1999-03-12 00:00:00",
    "calendarYear": "1998",
    "period": "FY",
    "revenue": 11494800000,
    "costOfRevenue": 6375300000,
    "grossProfit": 5119500000,
    "grossProfitRatio": 0.4453753001,
    "researchAndDevelopmentExpenses": 0,
    "generalAndAdministrativeExpenses": 0,
    "sellingAndMarketingExpenses": 0,
    "sellingGeneralAndAdministrativeExpenses": 0,
    "otherExpenses": 3607600000,
    "operatingExpenses": 3607600000,
    "costAndExpenses": 9982900000,
    "interestIncome": 0,
    "interestExpense": 0,
    "depreciationAndAmortization": 1222200000,
    "ebitda": 2734100000,
    "ebitdaratio": 0.2378553781,
    "operatingIncome": 1511900000,
    "operatingIncomeRatio": 0.1315290392,
    "totalOtherIncomeExpensesNet": -459600000,
    "incomeBeforeTax": 1052300000,
    "incomeBeforeTaxRatio": 0.0915457424,
    "incomeTaxExpense": 266700000,
    "netIncome": 785600000,
    "netIncomeRatio": 0.0683439468,
    "eps": 1.5,
    "epsdiluted": 1.5,
    "weightedAverageShsOut": 492792938,
    "weightedAverageShsOutDil": 493144656,
    "link": "https://www.sec.gov/Archives/edgar/data/65984/000006598499000060/0000065984-99-000060-index.html",
    "finalLink": "https://www.sec.gov/Archives/edgar/data/7323/"
  },
  {
    "date": "1997-12-31",
    "symbol": "ETR",
    "reportedCurrency": "USD",
    "cik": "0000065984",
    "fillingDate": "1998-03-10",
    "acceptedDate": "1998-03-10 00:00:00",
    "calendarYear": "1997",
    "period": "FY",
    "revenue": 9561600000,
    "costOfRevenue": 4069700000,
    "grossProfit": 5469200000,
    "grossProfitRatio": 0.5719963186,
    "researchAndDevelopmentExpenses": 0,
    "generalAndAdministrativeExpenses": 0,
    "sellingAndMarketingExpenses": 0,
    "sellingGeneralAndAdministrativeExpenses": 0,
    "otherExpenses": 3607600000,
    "operatingExpenses": 3607600000,
    "costAndExpenses": 7677300000,
    "interestIncome": 0,
    "interestExpense": 0,
    "depreciationAndAmortization": 0,
    "ebitda": 3263400000,
    "ebitdaratio": 0.3413027108,
    "operatingIncome": 1861600000,
    "operatingIncomeRatio": 0.1946954485,
    "totalOtherIncomeExpensesNet": -1089400000,
    "incomeBeforeTax": 772200000,
    "incomeBeforeTaxRatio": 0.0807605422,
    "incomeTaxExpense": 471300000,
    "netIncome": 300900000,
    "netIncomeRatio": 0.0314696285,
    "eps": 0.52,
    "epsdiluted": 0.52,
    "weightedAverageShsOut": 480970874,
    "weightedAverageShsOutDil": 480970874,
    "link": "https://www.sec.gov/Archives/edgar/data/65984/000006598498000014/0000065984-98-000014-index.html",
    "finalLink": "https://www.sec.gov/Archives/edgar/data/7323/"
  },
  {
    "date": "1996-12-31",
    "symbol": "ETR",
    "reportedCurrency": "USD",
    "cik": "0000065984",
    "fillingDate": "1997-03-10",
    "acceptedDate": "1997-03-10 00:00:00",
    "calendarYear": "1996",
    "period": "FY",
    "revenue": 7163400000,
    "costOfRevenue": 2395600000,
    "grossProfit": 4767700000,
    "grossProfitRatio": 0.6655638384,
    "researchAndDevelopmentExpenses": 0,
    "generalAndAdministrativeExpenses": 0,
    "sellingAndMarketingExpenses": 0,
    "sellingGeneralAndAdministrativeExpenses": 0,
    "otherExpenses": 3269700000,
    "operatingExpenses": 3269700000,
    "costAndExpenses": 5665300000,
    "interestIncome": 0,
    "interestExpense": 0,
    "depreciationAndAmortization": 0,
    "ebitda": 2288900000,
    "ebitdaratio": 0.3195270402,
    "operatingIncome": 1498000000,
    "operatingIncomeRatio": 0.209118575,
    "totalOtherIncomeExpensesNet": -586200000,
    "incomeBeforeTax": 841200000,
    "incomeBeforeTaxRatio": 0.1174302705,
    "incomeTaxExpense": 421200000,
    "netIncome": 420000000,
    "netIncomeRatio": 0.0586313762,
    "eps": 0.92,
    "epsdiluted": 0.92,
    "weightedAverageShsOut": 459125683,
    "weightedAverageShsOutDil": 459125683,
    "link": "https://www.sec.gov/Archives/edgar/data/65984/000006598497000020/0000065984-97-000020-index.html",
    "finalLink": "https://www.sec.gov/Archives/edgar/data/7323/"
  },
  {
    "date": "1995-12-31",
    "symbol": "ETR",
    "reportedCurrency": "USD",
    "cik": "0000065984",
    "fillingDate": "1996-03-11",
    "acceptedDate": "1996-03-11 00:00:00",
    "calendarYear": "1995",
    "period": "FY",
    "revenue": 6274400000,
    "costOfRevenue": 1837500000,
    "grossProfit": 4435600000,
    "grossProfitRatio": 0.7069361214,
    "researchAndDevelopmentExpenses": 0,
    "generalAndAdministrativeExpenses": 0,
    "sellingAndMarketingExpenses": 0,
    "sellingGeneralAndAdministrativeExpenses": 0,
    "otherExpenses": 2932500000,
    "operatingExpenses": 2932500000,
    "costAndExpenses": 4770000000,
    "interestIncome": 0,
    "interestExpense": 0,
    "depreciationAndAmortization": 0,
    "ebitda": 2199000000,
    "ebitdaratio": 0.3504717583,
    "operatingIncome": 1503100000,
    "operatingIncomeRatio": 0.2395607548,
    "totalOtherIncomeExpensesNet": -604400000,
    "incomeBeforeTax": 820800000,
    "incomeBeforeTaxRatio": 0.1308172893,
    "incomeTaxExpense": 336200000,
    "netIncome": 484600000,
    "netIncomeRatio": 0.0772344766,
    "eps": 1.07,
    "epsdiluted": 1.07,
    "weightedAverageShsOut": 488169014,
    "weightedAverageShsOutDil": 488169014,
    "link": "https://www.sec.gov/Archives/edgar/data/65984/000006598496000046/0000065984-96-000046-index.html",
    "finalLink": "https://www.sec.gov/Archives/edgar/data/7323/"
  },
  {
    "date": "1994-12-31",
    "symbol": "ETR",
    "reportedCurrency": "USD",
    "cik": "0000065984",
    "fillingDate": "1995-03-27",
    "acceptedDate": "1995-03-27 00:00:00",
    "calendarYear": "1994",
    "period": "FY",
    "revenue": 5963300000,
    "costOfRevenue": 1854700000,
    "grossProfit": 4127000000,
    "grossProfitRatio": 0.6920664733,
    "researchAndDevelopmentExpenses": 0,
    "generalAndAdministrativeExpenses": 0,
    "sellingAndMarketingExpenses": 0,
    "sellingGeneralAndAdministrativeExpenses": 0,
    "otherExpenses": 2955800000,
    "operatingExpenses": 2955800000,
    "costAndExpenses": 4810500000,
    "interestIncome": 0,
    "interestExpense": 0,
    "depreciationAndAmortization": 0,
    "ebitda": 1830300000,
    "ebitdaratio": 0.3069273724,
    "operatingIncome": 1171200000,
    "operatingIncomeRatio": 0.1964013214,
    "totalOtherIncomeExpensesNet": -697700000,
    "incomeBeforeTax": 473600000,
    "incomeBeforeTaxRatio": 0.0794191136,
    "incomeTaxExpense": 131700000,
    "netIncome": 341800000,
    "netIncomeRatio": 0.0573172572,
    "eps": 0.75,
    "epsdiluted": 0.75,
    "weightedAverageShsOut": 349127517,
    "weightedAverageShsOutDil": 349127517,
    "link": "https://www.sec.gov/Archives/edgar/data/65984/000006598495000008/0000065984-95-000008-index.html",
    "finalLink": "https://www.sec.gov/Archives/edgar/data/7323/"
  },
  {
    "date": "1993-12-31",
    "symbol": "ETR",
    "reportedCurrency": "USD",
    "cik": "0000065984",
    "fillingDate": "1993-12-31",
    "acceptedDate": "1993-12-31 00:00:00",
    "calendarYear": "1993",
    "period": "FY",
    "revenue": 4485300000,
    "costOfRevenue": 1261600000,
    "grossProfit": 3213600000,
    "grossProfitRatio": 0.7164738145,
    "researchAndDevelopmentExpenses": 0,
    "generalAndAdministrativeExpenses": 0,
    "sellingAndMarketingExpenses": 0,
    "sellingGeneralAndAdministrativeExpenses": 0,
    "otherExpenses": 1969200000,
    "operatingExpenses": 1969200000,
    "costAndExpenses": 3230800000,
    "interestIncome": 0,
    "interestExpense": 0,
    "depreciationAndAmortization": 0,
    "ebitda": 1645500000,
    "ebitdaratio": 0.3668650926,
    "operatingIncome": 1244400000,
    "operatingIncomeRatio": 0.2774396361,
    "totalOtherIncomeExpensesNet": -501500000,
    "incomeBeforeTax": 742900000,
    "incomeBeforeTaxRatio": 0.1656299467,
    "incomeTaxExpense": 284800000,
    "netIncome": 551900000,
    "netIncomeRatio": 0.123046396,
    "eps": 1.58,
    "epsdiluted": 1.58,
    "weightedAverageShsOut": 320271186,
    "weightedAverageShsOutDil": 320271186,
    "link": null,
    "finalLink": null
  },
  {
    "date": "1992-12-31",
    "symbol": "ETR",
    "reportedCurrency": "USD",
    "cik": "0000065984",
    "fillingDate": "1992-12-31",
    "acceptedDate": "1992-12-30 19:00:00",
    "calendarYear": "1992",
    "period": "FY",
    "revenue": 4116500000,
    "costOfRevenue": 0,
    "grossProfit": 4116500000,
    "grossProfitRatio": 1,
    "researchAndDevelopmentExpenses": 0,
    "generalAndAdministrativeExpenses": 0,
    "sellingAndMarketingExpenses": 0,
    "sellingGeneralAndAdministrativeExpenses": 0,
    "otherExpenses": 0,
    "operatingExpenses": 0,
    "costAndExpenses": 0,
    "interestIncome": 0,
    "interestExpense": 0,
    "depreciationAndAmortization": 0,
    "ebitda": 4116500000,
    "ebitdaratio": 1,
    "operatingIncome": 4116500000,
    "operatingIncomeRatio": 1,
    "totalOtherIncomeExpensesNet": -4116500000,
    "incomeBeforeTax": 0,
    "incomeBeforeTaxRatio": 0,
    "incomeTaxExpense": 0,
    "netIncome": 437600000,
    "netIncomeRatio": 0.1063038989,
    "eps": 1.24,
    "epsdiluted": 1.24,
    "weightedAverageShsOut": 352903226,
    "weightedAverageShsOutDil": 352903226,
    "link": "",
    "finalLink": ""
  },
  {
    "date": "1991-12-31",
    "symbol": "ETR",
    "reportedCurrency": "USD",
    "cik": "0000065984",
    "fillingDate": "1991-12-31",
    "acceptedDate": "1991-12-30 19:00:00",
    "calendarYear": "1991",
    "period": "FY",
    "revenue": 4051400000,
    "costOfRevenue": 0,
    "grossProfit": 4051400000,
    "grossProfitRatio": 1,
    "researchAndDevelopmentExpenses": 0,
    "generalAndAdministrativeExpenses": 0,
    "sellingAndMarketingExpenses": 0,
    "sellingGeneralAndAdministrativeExpenses": 0,
    "otherExpenses": 0,
    "operatingExpenses": 0,
    "costAndExpenses": 0,
    "interestIncome": 0,
    "interestExpense": 0,
    "depreciationAndAmortization": 0,
    "ebitda": 4051400000,
    "ebitdaratio": 1,
    "operatingIncome": 4051400000,
    "operatingIncomeRatio": 1,
    "totalOtherIncomeExpensesNet": -4051400000,
    "incomeBeforeTax": 0,
    "incomeBeforeTaxRatio": 0,
    "incomeTaxExpense": 0,
    "netIncome": 482000000,
    "netIncomeRatio": 0.1189712198,
    "eps": 1.32,
    "epsdiluted": 1.32,
    "weightedAverageShsOut": 365151515,
    "weightedAverageShsOutDil": 365151515,
    "link": "",
    "finalLink": ""
  },
  {
    "date": "1990-12-31",
    "symbol": "ETR",
    "reportedCurrency": "USD",
    "cik": "0000065984",
    "fillingDate": "1990-12-31",
    "acceptedDate": "1990-12-30 19:00:00",
    "calendarYear": "1990",
    "period": "FY",
    "revenue": 3982100000,
    "costOfRevenue": 0,
    "grossProfit": 3982100000,
    "grossProfitRatio": 1,
    "researchAndDevelopmentExpenses": 0,
    "generalAndAdministrativeExpenses": 0,
    "sellingAndMarketingExpenses": 0,
    "sellingGeneralAndAdministrativeExpenses": 0,
    "otherExpenses": 0,
    "operatingExpenses": 0,
    "costAndExpenses": 0,
    "interestIncome": 0,
    "interestExpense": 0,
    "depreciationAndAmortization": 0,
    "ebitda": 3982100000,
    "ebitdaratio": 1,
    "operatingIncome": 3982100000,
    "operatingIncomeRatio": 1,
    "totalOtherIncomeExpensesNet": -3982100000,
    "incomeBeforeTax": 0,
    "incomeBeforeTaxRatio": 0,
    "incomeTaxExpense": 0,
    "netIncome": 478300000,
    "netIncomeRatio": 0.1201125035,
    "eps": 1.22,
    "epsdiluted": 1.22,
    "weightedAverageShsOut": 392049180,
    "weightedAverageShsOutDil": 392049180,
    "link": "",
    "finalLink": ""
  },
  {
    "date": "1989-12-31",
    "symbol": "ETR",
    "reportedCurrency": "USD",
    "cik": "0000065984",
    "fillingDate": "1989-12-31",
    "acceptedDate": "1989-12-30 19:00:00",
    "calendarYear": "1989",
    "period": "FY",
    "revenue": 3724000000,
    "costOfRevenue": 0,
    "grossProfit": 3724000000,
    "grossProfitRatio": 1,
    "researchAndDevelopmentExpenses": 0,
    "generalAndAdministrativeExpenses": 0,
    "sellingAndMarketingExpenses": 0,
    "sellingGeneralAndAdministrativeExpenses": 0,
    "otherExpenses": 0,
    "operatingExpenses": 0,
    "costAndExpenses": 0,
    "interestIncome": 0,
    "interestExpense": 0,
    "depreciationAndAmortization": 0,
    "ebitda": 3724000000,
    "ebitdaratio": 1,
    "operatingIncome": 3724000000,
    "operatingIncomeRatio": 1,
    "totalOtherIncomeExpensesNet": -3724000000,
    "incomeBeforeTax": 0,
    "incomeBeforeTaxRatio": 0,
    "incomeTaxExpense": 0,
    "netIncome": -472600000,
    "netIncomeRatio": -0.1269065521,
    "eps": -1.15,
    "epsdiluted": -1.15,
    "weightedAverageShsOut": 474891775,
    "weightedAverageShsOutDil": 474891775,
    "link": "",
    "finalLink": ""
  },
  {
    "date": "1988-12-31",
    "symbol": "ETR",
    "reportedCurrency": "USD",
    "cik": "0000065984",
    "fillingDate": "1988-12-31",
    "acceptedDate": "1988-12-30 19:00:00",
    "calendarYear": "1988",
    "period": "FY",
    "revenue": 3565400000,
    "costOfRevenue": 0,
    "grossProfit": 3565400000,
    "grossProfitRatio": 1,
    "researchAndDevelopmentExpenses": 0,
    "generalAndAdministrativeExpenses": 0,
    "sellingAndMarketingExpenses": 0,
    "sellingGeneralAndAdministrativeExpenses": 0,
    "otherExpenses": 0,
    "operatingExpenses": 0,
    "costAndExpenses": 0,
    "interestIncome": 0,
    "interestExpense": 0,
    "depreciationAndAmortization": 0,
    "ebitda": 3565400000,
    "ebitdaratio": 1,
    "operatingIncome": 3565400000,
    "operatingIncomeRatio": 1,
    "totalOtherIncomeExpensesNet": -3565400000,
    "incomeBeforeTax": 0,
    "incomeBeforeTaxRatio": 0,
    "incomeTaxExpense": 0,
    "netIncome": 411100000,
    "netIncomeRatio": 0.1153026308,
    "eps": 1,
    "epsdiluted": 1,
    "weightedAverageShsOut": 322686567,
    "weightedAverageShsOutDil": 322686567,
    "link": "",
    "finalLink": ""
  },
  {
    "date": "1987-12-31",
    "symbol": "ETR",
    "reportedCurrency": "USD",
    "cik": "0000065984",
    "fillingDate": "1987-12-31",
    "acceptedDate": "1987-12-30 19:00:00",
    "calendarYear": "1987",
    "period": "FY",
    "revenue": 3454800000,
    "costOfRevenue": 0,
    "grossProfit": 3454800000,
    "grossProfitRatio": 1,
    "researchAndDevelopmentExpenses": 0,
    "generalAndAdministrativeExpenses": 0,
    "sellingAndMarketingExpenses": 0,
    "sellingGeneralAndAdministrativeExpenses": 0,
    "otherExpenses": 0,
    "operatingExpenses": 0,
    "costAndExpenses": 0,
    "interestIncome": 0,
    "interestExpense": 0,
    "depreciationAndAmortization": 0,
    "ebitda": 3454800000,
    "ebitdaratio": 1,
    "operatingIncome": 3454800000,
    "operatingIncomeRatio": 1,
    "totalOtherIncomeExpensesNet": -3454800000,
    "incomeBeforeTax": 0,
    "incomeBeforeTaxRatio": 0,
    "incomeTaxExpense": 0,
    "netIncome": 356600000,
    "netIncomeRatio": 0.1032187102,
    "eps": 0.87,
    "epsdiluted": 0.87,
    "weightedAverageShsOut": 409885057,
    "weightedAverageShsOutDil": 409885057,
    "link": "",
    "finalLink": ""
  },
  {
    "date": "1986-12-31",
    "symbol": "ETR",
    "reportedCurrency": "USD",
    "cik": "0000065984",
    "fillingDate": "1986-12-31",
    "acceptedDate": "1986-12-30 19:00:00",
    "calendarYear": "1986",
    "period": "FY",
    "revenue": 3485900000,
    "costOfRevenue": 0,
    "grossProfit": 3485900000,
    "grossProfitRatio": 1,
    "researchAndDevelopmentExpenses": 0,
    "generalAndAdministrativeExpenses": 0,
    "sellingAndMarketingExpenses": 0,
    "sellingGeneralAndAdministrativeExpenses": 0,
    "otherExpenses": 0,
    "operatingExpenses": 0,
    "costAndExpenses": 0,
    "interestIncome": 0,
    "interestExpense": 0,
    "depreciationAndAmortization": 0,
    "ebitda": 3485900000,
    "ebitdaratio": 1,
    "operatingIncome": 3485900000,
    "operatingIncomeRatio": 1,
    "totalOtherIncomeExpensesNet": -3485900000,
    "incomeBeforeTax": 0,
    "incomeBeforeTaxRatio": 0,
    "incomeTaxExpense": 0,
    "netIncome": 451300000,
    "netIncomeRatio": 0.1294644138,
    "eps": 1.11,
    "epsdiluted": 1.11,
    "weightedAverageShsOut": 408416290,
    "weightedAverageShsOutDil": 408416290,
    "link": "",
    "finalLink": ""
  },
  {
    "date": "1985-12-31",
    "symbol": "ETR",
    "reportedCurrency": "USD",
    "cik": "0000065984",
    "fillingDate": "1985-12-31",
    "acceptedDate": "1985-12-30 19:00:00",
    "calendarYear": "1985",
    "period": "FY",
    "revenue": 3238500000,
    "costOfRevenue": 0,
    "grossProfit": 3238500000,
    "grossProfitRatio": 1,
    "researchAndDevelopmentExpenses": 0,
    "generalAndAdministrativeExpenses": 0,
    "sellingAndMarketingExpenses": 0,
    "sellingGeneralAndAdministrativeExpenses": 0,
    "otherExpenses": 0,
    "operatingExpenses": 0,
    "costAndExpenses": 0,
    "interestIncome": 0,
    "interestExpense": 0,
    "depreciationAndAmortization": 0,
    "ebitda": 3238500000,
    "ebitdaratio": 1,
    "operatingIncome": 3238500000,
    "operatingIncomeRatio": 1,
    "totalOtherIncomeExpensesNet": -3238500000,
    "incomeBeforeTax": 0,
    "incomeBeforeTaxRatio": 0,
    "incomeTaxExpense": 0,
    "netIncome": 401000000,
    "netIncomeRatio": 0.1238227574,
    "eps": 1,
    "epsdiluted": 1,
    "weightedAverageShsOut": 399004975,
    "weightedAverageShsOutDil": 399004975,
    "link": "",
    "finalLink": ""
  }
]