[
  {
    "date": "2024-12-31",
    "symbol": "EVRG",
    "reportedCurrency": "USD",
    "cik": "0001711269",
    "fillingDate": "2025-02-27",
    "acceptedDate": "2025-02-26 17:36:21",
    "calendarYear": "2024",
    "period": "FY",
    "revenue": 5847300000,
    "costOfRevenue": 2812700000,
    "grossProfit": 3034600000,
    "grossProfitRatio": 0.5189745695,
    "researchAndDevelopmentExpenses": 0,
    "generalAndAdministrativeExpenses": 0,
    "sellingAndMarketingExpenses": 0,
    "sellingGeneralAndAdministrativeExpenses": 0,
    "otherExpenses": 1566600000,
    "operatingExpenses": 1566600000,
    "costAndExpenses": 4379300000,
    "interestIncome": 0,
    "interestExpense": 563100000,
    "depreciationAndAmortization": 1170500000,
    "ebitda": 2641600000,
    "ebitdaratio": 0.451764062,
    "operatingIncome": 1468000000,
    "operatingIncomeRatio": 0.251056043,
    "totalOtherIncomeExpensesNet": -560000000,
    "incomeBeforeTax": 908000000,
    "incomeBeforeTaxRatio": 0.1552853454,
    "incomeTaxExpense": 30000000,
    "netIncome": 873500000,
    "netIncomeRatio": 0.1493851863,
    "eps": 3.79,
    "epsdiluted": 3.79,
    "weightedAverageShsOut": 230300000,
    "weightedAverageShsOutDil": 230600000,
    "link": "https://www.sec.gov/Archives/edgar/data/1711269/000171126925000004/0001711269-25-000004-index.htm",
    "finalLink": "https://www.sec.gov/Archives/edgar/data/54476/000171126925000004/evrg-20241231.htm"
  },
  {
    "date": "2023-12-31",
    "symbol": "EVRG",
    "reportedCurrency": "USD",
    "cik": "0001711269",
    "fillingDate": "2023-12-31",
    "acceptedDate": "2023-12-29 19:00:00",
    "calendarYear": "2023",
    "period": "FY",
    "revenue": 5508200000,
    "costOfRevenue": 2742700000,
    "grossProfit": 2765500000,
    "grossProfitRatio": 0.5020696416,
    "researchAndDevelopmentExpenses": 0,
    "generalAndAdministrativeExpenses": 0,
    "sellingAndMarketingExpenses": 0,
    "sellingGeneralAndAdministrativeExpenses": 0,
    "otherExpenses": 1483100000,
    "operatingExpenses": 1483100000,
    "costAndExpenses": 4225800000,
    "interestIncome": 0,
    "interestExpense": 525800000,
    "depreciationAndAmortization": 1138900000,
    "ebitda": 2416500000,
    "ebitdaratio": 0.4387095603,
    "operatingIncome": 1259500000,
    "operatingIncomeRatio": 0.2286590901,
    "totalOtherIncomeExpensesNet": -500300000,
    "incomeBeforeTax": 759200000,
    "incomeBeforeTaxRatio": 0.1378308703,
    "incomeTaxExpense": 15600000,
    "netIncome": 731300000,
    "netIncomeRatio": 0.1327656948,
    "eps": 3.18,
    "epsdiluted": 3.17,
    "weightedAverageShsOut": 230000000,
    "weightedAverageShsOutDil": 230500000,
    "link": null,
    "finalLink": null
  },
  {
    "date": "2022-12-31",
    "symbol": "EVRG",
    "reportedCurrency": "USD",
    "cik": "0001711269",
    "fillingDate": "2023-02-24",
    "acceptedDate": "2023-02-23 17:36:43",
    "calendarYear": "2022",
    "period": "FY",
    "revenue": 5859100000,
    "costOfRevenue": 3229500000,
    "grossProfit": 2629600000,
    "grossProfitRatio": 0.4488061306,
    "researchAndDevelopmentExpenses": 0,
    "generalAndAdministrativeExpenses": 0,
    "sellingAndMarketingExpenses": 0,
    "sellingGeneralAndAdministrativeExpenses": 0,
    "otherExpenses": 1362400000,
    "operatingExpenses": 1362400000,
    "costAndExpenses": 4591900000,
    "interestIncome": 0,
    "interestExpense": 404000000,
    "depreciationAndAmortization": 984900000,
    "ebitda": 2194100000,
    "ebitdaratio": 0.3744773088,
    "operatingIncome": 1304400000,
    "operatingIncomeRatio": 0.2226280487,
    "totalOtherIncomeExpensesNet": -491900000,
    "incomeBeforeTax": 812500000,
    "incomeBeforeTaxRatio": 0.1386731751,
    "incomeTaxExpense": 47500000,
    "netIncome": 752700000,
    "netIncomeRatio": 0.1284668294,
    "eps": 3.27,
    "epsdiluted": 3.27,
    "weightedAverageShsOut": 229900000,
    "weightedAverageShsOutDil": 230300000,
    "link": "https://www.sec.gov/Archives/edgar/data/1711269/000171126923000011/0001711269-23-000011-index.htm",
    "finalLink": "https://www.sec.gov/Archives/edgar/data/54476/000171126923000011/evrg-20221231.htm"
  },
  {
    "date": "2021-12-31",
    "symbol": "EVRG",
    "reportedCurrency": "USD",
    "cik": "0001711269",
    "fillingDate": "2022-02-25",
    "acceptedDate": "2022-02-24 17:47:20",
    "calendarYear": "2021",
    "period": "FY",
    "revenue": 5586700000,
    "costOfRevenue": 2954900000,
    "grossProfit": 2631800000,
    "grossProfitRatio": 0.4710831081,
    "researchAndDevelopmentExpenses": 0,
    "generalAndAdministrativeExpenses": 0,
    "sellingAndMarketingExpenses": 0,
    "sellingGeneralAndAdministrativeExpenses": 0,
    "otherExpenses": 1276900000,
    "operatingExpenses": 1276900000,
    "costAndExpenses": 4231800000,
    "interestIncome": 0,
    "interestExpense": 372600000,
    "depreciationAndAmortization": 947800000,
    "ebitda": 2321500000,
    "ebitdaratio": 0.4155404801,
    "operatingIncome": 1354900000,
    "operatingIncomeRatio": 0.2425224193,
    "totalOtherIncomeExpensesNet": -353800000,
    "incomeBeforeTax": 1001100000,
    "incomeBeforeTaxRatio": 0.1791934416,
    "incomeTaxExpense": 117400000,
    "netIncome": 879700000,
    "netIncomeRatio": 0.157463261,
    "eps": 3.84,
    "epsdiluted": 3.83,
    "weightedAverageShsOut": 229000000,
    "weightedAverageShsOutDil": 229600000,
    "link": "https://www.sec.gov/Archives/edgar/data/1711269/000171126922000008/0001711269-22-000008-index.htm",
    "finalLink": "https://www.sec.gov/Archives/edgar/data/54476/000171126922000008/evrg-20211231.htm"
  },
  {
    "date": "2020-12-31",
    "symbol": "EVRG",
    "reportedCurrency": "USD",
    "cik": "0001711269",
    "fillingDate": "2021-02-26",
    "acceptedDate": "2021-02-26 06:13:21",
    "calendarYear": "2020",
    "period": "FY",
    "revenue": 4913400000,
    "costOfRevenue": 2525200000,
    "grossProfit": 2388200000,
    "grossProfitRatio": 0.4860585338,
    "researchAndDevelopmentExpenses": 0,
    "generalAndAdministrativeExpenses": 0,
    "sellingAndMarketingExpenses": 0,
    "sellingGeneralAndAdministrativeExpenses": 0,
    "otherExpenses": 1244300000,
    "operatingExpenses": 1244300000,
    "costAndExpenses": 3769500000,
    "interestIncome": 0,
    "interestExpense": 383900000,
    "depreciationAndAmortization": 938400000,
    "ebitda": 2046200000,
    "ebitdaratio": 0.4164529654,
    "operatingIncome": 1143900000,
    "operatingIncomeRatio": 0.2328123092,
    "totalOtherIncomeExpensesNet": -411700000,
    "incomeBeforeTax": 732200000,
    "incomeBeforeTaxRatio": 0.1490210445,
    "incomeTaxExpense": 102200000,
    "netIncome": 618300000,
    "netIncomeRatio": 0.1258395408,
    "eps": 2.72,
    "epsdiluted": 2.72,
    "weightedAverageShsOut": 227200000,
    "weightedAverageShsOutDil": 227500000,
    "link": "https://www.sec.gov/Archives/edgar/data/1711269/000171126921000023/0001711269-21-000023-index.htm",
    "finalLink": "https://www.sec.gov/Archives/edgar/data/54476/000171126921000023/evrg-20201231.htm"
  },
  {
    "date": "2019-12-31",
    "symbol": "EVRG",
    "reportedCurrency": "USD",
    "cik": "0001711269",
    "fillingDate": "2020-03-02",
    "acceptedDate": "2020-03-02 06:47:35",
    "calendarYear": "2019",
    "period": "FY",
    "revenue": 5147800000,
    "costOfRevenue": 2734800000,
    "grossProfit": 2413000000,
    "grossProfitRatio": 0.4687439294,
    "researchAndDevelopmentExpenses": 0,
    "generalAndAdministrativeExpenses": 0,
    "sellingAndMarketingExpenses": 0,
    "sellingGeneralAndAdministrativeExpenses": 0,
    "otherExpenses": 1227200000,
    "operatingExpenses": 1227200000,
    "costAndExpenses": 3962000000,
    "interestIncome": 0,
    "interestExpense": 374000000,
    "depreciationAndAmortization": 913100000,
    "ebitda": 2059900000,
    "ebitdaratio": 0.400151521,
    "operatingIncome": 1185800000,
    "operatingIncomeRatio": 0.2303508295,
    "totalOtherIncomeExpensesNet": -413000000,
    "incomeBeforeTax": 772800000,
    "incomeBeforeTaxRatio": 0.1501223824,
    "incomeTaxExpense": 97000000,
    "netIncome": 669900000,
    "netIncomeRatio": 0.1301332608,
    "eps": 2.8,
    "epsdiluted": 2.79,
    "weightedAverageShsOut": 239500000,
    "weightedAverageShsOutDil": 239900000,
    "link": "https://www.sec.gov/Archives/edgar/data/1711269/000171126920000012/0001711269-20-000012-index.htm",
    "finalLink": "https://www.sec.gov/Archives/edgar/data/54476/000171126920000012/evrg-12312019x10k.htm"
  },
  {
    "date": "2018-12-31",
    "symbol": "EVRG",
    "reportedCurrency": "USD",
    "cik": "0001711269",
    "fillingDate": "2019-02-22",
    "acceptedDate": "2019-02-21 18:10:50",
    "calendarYear": "2018",
    "period": "FY",
    "revenue": 4275900000,
    "costOfRevenue": 2454400000,
    "grossProfit": 1821500000,
    "grossProfitRatio": 0.4259921888,
    "researchAndDevelopmentExpenses": 0,
    "generalAndAdministrativeExpenses": 0,
    "sellingAndMarketingExpenses": 0,
    "sellingGeneralAndAdministrativeExpenses": 0,
    "otherExpenses": 887900000,
    "operatingExpenses": 887900000,
    "costAndExpenses": 3342300000,
    "interestIncome": 0,
    "interestExpense": 279600000,
    "depreciationAndAmortization": 662400000,
    "ebitda": 1541600000,
    "ebitdaratio": 0.3605322856,
    "operatingIncome": 933600000,
    "operatingIncomeRatio": 0.2183399986,
    "totalOtherIncomeExpensesNet": -334000000,
    "incomeBeforeTax": 599600000,
    "incomeBeforeTaxRatio": 0.1402277883,
    "incomeTaxExpense": 59000000,
    "netIncome": 535800000,
    "netIncomeRatio": 0.1253069529,
    "eps": 2.5,
    "epsdiluted": 2.5,
    "weightedAverageShsOut": 213900000,
    "weightedAverageShsOutDil": 214100000,
    "link": "https://www.sec.gov/Archives/edgar/data/1711269/000171126919000013/0001711269-19-000013-index.htm",
    "finalLink": "https://www.sec.gov/Archives/edgar/data/54476/000171126919000013/evrg-12312018x10k.htm"
  },
  {
    "date": "2017-12-31",
    "symbol": "EVRG",
    "reportedCurrency": "USD",
    "cik": "0001711269",
    "fillingDate": "2017-12-31",
    "acceptedDate": "2017-12-30 19:00:00",
    "calendarYear": "2017",
    "period": "FY",
    "revenue": 2571000000,
    "costOfRevenue": 1352900000,
    "grossProfit": 1218100000,
    "grossProfitRatio": 0.4737845196,
    "researchAndDevelopmentExpenses": 0,
    "generalAndAdministrativeExpenses": 0,
    "sellingAndMarketingExpenses": 0,
    "sellingGeneralAndAdministrativeExpenses": 249567000,
    "otherExpenses": 289733000,
    "operatingExpenses": 539300000,
    "costAndExpenses": 1892200000,
    "interestIncome": 0,
    "interestExpense": 171000000,
    "depreciationAndAmortization": 403900000,
    "ebitda": 1055900000,
    "ebitdaratio": 0.4106962271,
    "operatingIncome": 658719000,
    "operatingIncomeRatio": 0.2562112019,
    "totalOtherIncomeExpensesNet": -191093000,
    "incomeBeforeTax": 487707000,
    "incomeBeforeTaxRatio": 0.1896954492,
    "incomeTaxExpense": 151155000,
    "netIncome": 323920000,
    "netIncomeRatio": 0.1259898872,
    "eps": 2.27,
    "epsdiluted": 2.27,
    "weightedAverageShsOut": 142500000,
    "weightedAverageShsOutDil": 142600000,
    "link": "",
    "finalLink": ""
  },
  {
    "date": "2016-12-31",
    "symbol": "EVRG",
    "reportedCurrency": "USD",
    "cik": "0001711269",
    "fillingDate": "2016-12-31",
    "acceptedDate": "2016-12-30 19:00:00",
    "calendarYear": "2016",
    "period": "FY",
    "revenue": 2562100000,
    "costOfRevenue": 1329500000,
    "grossProfit": 1232600000,
    "grossProfitRatio": 0.4810897311,
    "researchAndDevelopmentExpenses": 0,
    "generalAndAdministrativeExpenses": 0,
    "sellingAndMarketingExpenses": 0,
    "sellingGeneralAndAdministrativeExpenses": 261451000,
    "otherExpenses": 268749000,
    "operatingExpenses": 530200000,
    "costAndExpenses": 1859700000,
    "interestIncome": 0,
    "interestExpense": 161700000,
    "depreciationAndAmortization": 365233000,
    "ebitda": 1066100000,
    "ebitdaratio": 0.4161039772,
    "operatingIncome": 681883000,
    "operatingIncomeRatio": 0.2661422271,
    "totalOtherIncomeExpensesNet": -163200000,
    "incomeBeforeTax": 545740000,
    "incomeBeforeTaxRatio": 0.2130049569,
    "incomeTaxExpense": 184540000,
    "netIncome": 346577000,
    "netIncomeRatio": 0.1352706764,
    "eps": 2.43,
    "epsdiluted": 2.43,
    "weightedAverageShsOut": 142100000,
    "weightedAverageShsOutDil": 142500000,
    "link": "",
    "finalLink": ""
  },
  {
    "date": "2015-12-31",
    "symbol": "EVRG",
    "reportedCurrency": "USD",
    "cik": "0001711269",
    "fillingDate": "2015-12-31",
    "acceptedDate": "2015-12-30 19:00:00",
    "calendarYear": "2015",
    "period": "FY",
    "revenue": 2459164000,
    "costOfRevenue": 1120397000,
    "grossProfit": 1338767000,
    "grossProfitRatio": 0.5443992349,
    "researchAndDevelopmentExpenses": 0,
    "generalAndAdministrativeExpenses": 0,
    "sellingAndMarketingExpenses": 0,
    "sellingGeneralAndAdministrativeExpenses": 250278000,
    "otherExpenses": 467492000,
    "operatingExpenses": 717770000,
    "costAndExpenses": 1838167000,
    "interestIncome": 0,
    "interestExpense": 176802000,
    "depreciationAndAmortization": 337565000,
    "ebitda": 968163000,
    "ebitdaratio": 0.3936959877,
    "operatingIncome": 620997000,
    "operatingIncomeRatio": 0.2525236218,
    "totalOtherIncomeExpensesNet": -167201000,
    "incomeBeforeTax": 453796000,
    "incomeBeforeTaxRatio": 0.1845326298,
    "incomeTaxExpense": 152000000,
    "netIncome": 291929000,
    "netIncomeRatio": 0.1187106675,
    "eps": 2.11,
    "epsdiluted": 2.09,
    "weightedAverageShsOut": 137957515,
    "weightedAverageShsOutDil": 139278223,
    "link": "",
    "finalLink": ""
  },
  {
    "date": "2014-12-31",
    "symbol": "EVRG",
    "reportedCurrency": "USD",
    "cik": "0001711269",
    "fillingDate": "2014-12-31",
    "acceptedDate": "2014-12-30 19:00:00",
    "calendarYear": "2014",
    "period": "FY",
    "revenue": 2601703000,
    "costOfRevenue": 1291562000,
    "grossProfit": 1310141000,
    "grossProfitRatio": 0.5035705459,
    "researchAndDevelopmentExpenses": 0,
    "generalAndAdministrativeExpenses": 0,
    "sellingAndMarketingExpenses": 0,
    "sellingGeneralAndAdministrativeExpenses": 250439000,
    "otherExpenses": 426744000,
    "operatingExpenses": 677183000,
    "costAndExpenses": 1968745000,
    "interestIncome": 0,
    "interestExpense": 183118000,
    "depreciationAndAmortization": 312493000,
    "ebitda": 969206000,
    "ebitdaratio": 0.3725275329,
    "operatingIncome": 632958000,
    "operatingIncomeRatio": 0.2432860323,
    "totalOtherIncomeExpensesNet": -159363000,
    "incomeBeforeTax": 473595000,
    "incomeBeforeTaxRatio": 0.1820326917,
    "incomeTaxExpense": 151270000,
    "netIncome": 313259000,
    "netIncomeRatio": 0.1204053653,
    "eps": 2.4,
    "epsdiluted": 2.35,
    "weightedAverageShsOut": 130014941,
    "weightedAverageShsOutDil": 132824525,
    "link": "",
    "finalLink": ""
  },
  {
    "date": "2013-12-31",
    "symbol": "EVRG",
    "reportedCurrency": "USD",
    "cik": "0001711269",
    "fillingDate": "2013-12-31",
    "acceptedDate": "2013-12-30 19:00:00",
    "calendarYear": "2013",
    "period": "FY",
    "revenue": 2370654000,
    "costOfRevenue": 1172461000,
    "grossProfit": 1198193000,
    "grossProfitRatio": 0.5054271944,
    "researchAndDevelopmentExpenses": 0,
    "generalAndAdministrativeExpenses": 0,
    "sellingAndMarketingExpenses": 0,
    "sellingGeneralAndAdministrativeExpenses": 224133000,
    "otherExpenses": 394875000,
    "operatingExpenses": 619008000,
    "costAndExpenses": 1791469000,
    "interestIncome": 0,
    "interestExpense": 182167000,
    "depreciationAndAmortization": 295283000,
    "ebitda": 902034000,
    "ebitdaratio": 0.3805000645,
    "operatingIncome": 579185000,
    "operatingIncomeRatio": 0.2443144381,
    "totalOtherIncomeExpensesNet": -154601000,
    "incomeBeforeTax": 424584000,
    "incomeBeforeTaxRatio": 0.1790999446,
    "incomeTaxExpense": 123721000,
    "netIncome": 292520000,
    "netIncomeRatio": 0.1233921104,
    "eps": 2.29,
    "epsdiluted": 2.27,
    "weightedAverageShsOut": 127462994,
    "weightedAverageShsOutDil": 128298694,
    "link": "",
    "finalLink": ""
  },
  {
    "date": "2012-12-31",
    "symbol": "EVRG",
    "reportedCurrency": "USD",
    "cik": "0001711269",
    "fillingDate": "2012-12-31",
    "acceptedDate": "2012-12-30 19:00:00",
    "calendarYear": "2012",
    "period": "FY",
    "revenue": 2261470000,
    "costOfRevenue": 1098592000,
    "grossProfit": 1162878000,
    "grossProfitRatio": 0.5142133214,
    "researchAndDevelopmentExpenses": 0,
    "generalAndAdministrativeExpenses": 0,
    "sellingAndMarketingExpenses": 0,
    "sellingGeneralAndAdministrativeExpenses": 226012000,
    "otherExpenses": 374733000,
    "operatingExpenses": 600745000,
    "costAndExpenses": 1699337000,
    "interestIncome": 0,
    "interestExpense": 176337000,
    "depreciationAndAmortization": 294833000,
    "ebitda": 879768000,
    "ebitdaratio": 0.3890248378,
    "operatingIncome": 562133000,
    "operatingIncomeRatio": 0.2485697356,
    "totalOtherIncomeExpensesNet": -153535000,
    "incomeBeforeTax": 408598000,
    "incomeBeforeTaxRatio": 0.1806780545,
    "incomeTaxExpense": 126136000,
    "netIncome": 275146000,
    "netIncomeRatio": 0.1216668804,
    "eps": 2.15,
    "epsdiluted": 2.15,
    "weightedAverageShsOut": 126711869,
    "weightedAverageShsOutDil": 126898786,
    "link": "",
    "finalLink": ""
  },
  {
    "date": "2011-12-31",
    "symbol": "EVRG",
    "reportedCurrency": "USD",
    "cik": "0001711269",
    "fillingDate": "2011-12-31",
    "acceptedDate": "2011-12-30 19:00:00",
    "calendarYear": "2011",
    "period": "FY",
    "revenue": 2170991000,
    "costOfRevenue": 1095946000,
    "grossProfit": 1075045000,
    "grossProfitRatio": 0.4951862997,
    "researchAndDevelopmentExpenses": 0,
    "generalAndAdministrativeExpenses": 0,
    "sellingAndMarketingExpenses": 0,
    "sellingGeneralAndAdministrativeExpenses": 184695000,
    "otherExpenses": 377921000,
    "operatingExpenses": 562616000,
    "costAndExpenses": 1658562000,
    "interestIncome": 0,
    "interestExpense": 172460000,
    "depreciationAndAmortization": 306473000,
    "ebitda": 818457000,
    "ebitdaratio": 0.3769969567,
    "operatingIncome": 512429000,
    "operatingIncomeRatio": 0.2360346036,
    "totalOtherIncomeExpensesNet": -172905000,
    "incomeBeforeTax": 339524000,
    "incomeBeforeTaxRatio": 0.1563912517,
    "incomeTaxExpense": 103344000,
    "netIncome": 230239000,
    "netIncomeRatio": 0.1060524894,
    "eps": 1.95,
    "epsdiluted": 1.93,
    "weightedAverageShsOut": 116890552,
    "weightedAverageShsOutDil": 118290222,
    "link": "",
    "finalLink": ""
  },
  {
    "date": "2010-12-31",
    "symbol": "EVRG",
    "reportedCurrency": "USD",
    "cik": "0001711269",
    "fillingDate": "2010-12-31",
    "acceptedDate": "2010-12-30 19:00:00",
    "calendarYear": "2010",
    "period": "FY",
    "revenue": 2056171000,
    "costOfRevenue": 1103770000,
    "grossProfit": 952401000,
    "grossProfitRatio": 0.4631915342,
    "researchAndDevelopmentExpenses": 0,
    "generalAndAdministrativeExpenses": 0,
    "sellingAndMarketingExpenses": 0,
    "sellingGeneralAndAdministrativeExpenses": 207607000,
    "otherExpenses": 271937000,
    "operatingExpenses": 479544000,
    "costAndExpenses": 1583314000,
    "interestIncome": 0,
    "interestExpense": 174941000,
    "depreciationAndAmortization": 271937000,
    "ebitda": 765623000,
    "ebitdaratio": 0.3723537585,
    "operatingIncome": 472857000,
    "operatingIncomeRatio": 0.2299696864,
    "totalOtherIncomeExpensesNet": -179201000,
    "incomeBeforeTax": 293656000,
    "incomeBeforeTaxRatio": 0.1428169155,
    "incomeTaxExpense": 85032000,
    "netIncome": 203896000,
    "netIncomeRatio": 0.0991629587,
    "eps": 1.81,
    "epsdiluted": 1.8,
    "weightedAverageShsOut": 111629292,
    "weightedAverageShsOutDil": 112014924,
    "link": "",
    "finalLink": ""
  },
  {
    "date": "2009-12-31",
    "symbol": "EVRG",
    "reportedCurrency": "USD",
    "cik": "0001711269",
    "fillingDate": "2009-12-31",
    "acceptedDate": "2009-12-30 19:00:00",
    "calendarYear": "2009",
    "period": "FY",
    "revenue": 1858231000,
    "costOfRevenue": 534864000,
    "grossProfit": 1323367000,
    "grossProfitRatio": 0.7121649569,
    "researchAndDevelopmentExpenses": 0,
    "generalAndAdministrativeExpenses": 0,
    "sellingAndMarketingExpenses": 0,
    "sellingGeneralAndAdministrativeExpenses": 199961000,
    "otherExpenses": 768464000,
    "operatingExpenses": 968425000,
    "costAndExpenses": 1503289000,
    "interestIncome": 0,
    "interestExpense": 157360000,
    "depreciationAndAmortization": 251534000,
    "ebitda": 625235000,
    "ebitdaratio": 0.3364678557,
    "operatingIncome": 354942000,
    "operatingIncomeRatio": 0.1910106978,
    "totalOtherIncomeExpensesNet": -154762000,
    "incomeBeforeTax": 200180000,
    "incomeBeforeTaxRatio": 0.1077261116,
    "incomeTaxExpense": 58850000,
    "netIncome": 175075000,
    "netIncomeRatio": 0.0942159505,
    "eps": 1.58,
    "epsdiluted": 1.58,
    "weightedAverageShsOut": 109647689,
    "weightedAverageShsOutDil": 109647689,
    "link": "",
    "finalLink": ""
  },
  {
    "date": "2008-12-31",
    "symbol": "EVRG",
    "reportedCurrency": "USD",
    "cik": "0001711269",
    "fillingDate": "2008-12-31",
    "acceptedDate": "2008-12-30 19:00:00",
    "calendarYear": "2008",
    "period": "FY",
    "revenue": 1838996000,
    "costOfRevenue": 694348000,
    "grossProfit": 1144648000,
    "grossProfitRatio": 0.6224309351,
    "researchAndDevelopmentExpenses": 0,
    "generalAndAdministrativeExpenses": 0,
    "sellingAndMarketingExpenses": 0,
    "sellingGeneralAndAdministrativeExpenses": 184427000,
    "otherExpenses": 675576000,
    "operatingExpenses": 860003000,
    "costAndExpenses": 1554351000,
    "interestIncome": 0,
    "interestExpense": 106450000,
    "depreciationAndAmortization": 231626000,
    "ebitda": 492264000,
    "ebitdaratio": 0.2676808432,
    "operatingIncome": 284645000,
    "operatingIncomeRatio": 0.1547828272,
    "totalOtherIncomeExpensesNet": -102569000,
    "incomeBeforeTax": 182076000,
    "incomeBeforeTaxRatio": 0.099008372,
    "incomeTaxExpense": 3936000,
    "netIncome": 178140000,
    "netIncomeRatio": 0.0968680737,
    "eps": 1.69,
    "epsdiluted": 1.69,
    "weightedAverageShsOut": 103958414,
    "weightedAverageShsOutDil": 103958414,
    "link": "",
    "finalLink": ""
  },
  {
    "date": "2007-12-31",
    "symbol": "EVRG",
    "reportedCurrency": "USD",
    "cik": "0001711269",
    "fillingDate": "2007-12-31",
    "acceptedDate": "2007-12-30 19:00:00",
    "calendarYear": "2007",
    "period": "FY",
    "revenue": 1726834000,
    "costOfRevenue": 544421000,
    "grossProfit": 1182413000,
    "grossProfitRatio": 0.6847288159,
    "researchAndDevelopmentExpenses": 0,
    "generalAndAdministrativeExpenses": 0,
    "sellingAndMarketingExpenses": 0,
    "sellingGeneralAndAdministrativeExpenses": 178587000,
    "otherExpenses": 666435000,
    "operatingExpenses": 845022000,
    "costAndExpenses": 1389443000,
    "interestIncome": 0,
    "interestExpense": 0,
    "depreciationAndAmortization": 217819000,
    "ebitda": 555210000,
    "ebitdaratio": 0.3215190343,
    "operatingIncome": 337391000,
    "operatingIncomeRatio": 0.1953812584,
    "totalOtherIncomeExpensesNet": -105198000,
    "incomeBeforeTax": 232193000,
    "incomeBeforeTaxRatio": 0.1344616796,
    "incomeTaxExpense": 63839000,
    "netIncome": 168354000,
    "netIncomeRatio": 0.0974928685,
    "eps": 1.85,
    "epsdiluted": 1.83,
    "weightedAverageShsOut": 90675511,
    "weightedAverageShsOutDil": 90675511,
    "link": "",
    "finalLink": ""
  },
  {
    "date": "2006-12-31",
    "symbol": "EVRG",
    "reportedCurrency": "USD",
    "cik": "0001711269",
    "fillingDate": "2006-12-31",
    "acceptedDate": "2006-12-30 19:00:00",
    "calendarYear": "2006",
    "period": "FY",
    "revenue": 1605743000,
    "costOfRevenue": 483959000,
    "grossProfit": 1121784000,
    "grossProfitRatio": 0.6986074359,
    "researchAndDevelopmentExpenses": 0,
    "generalAndAdministrativeExpenses": 0,
    "sellingAndMarketingExpenses": 0,
    "sellingGeneralAndAdministrativeExpenses": 171001000,
    "otherExpenses": 644013000,
    "operatingExpenses": 815014000,
    "costAndExpenses": 1298973000,
    "interestIncome": 0,
    "interestExpense": 98650000,
    "depreciationAndAmortization": 203920000,
    "ebitda": 1809663000,
    "ebitdaratio": 1.1269941703,
    "operatingIncome": 306770000,
    "operatingIncomeRatio": 0.191045516,
    "totalOtherIncomeExpensesNet": -85149000,
    "incomeBeforeTax": 221621000,
    "incomeBeforeTaxRatio": 0.1380177276,
    "incomeTaxExpense": 56312000,
    "netIncome": 165309000,
    "netIncomeRatio": 0.1029486039,
    "eps": 1.88,
    "epsdiluted": 1.87,
    "weightedAverageShsOut": 87509800,
    "weightedAverageShsOutDil": 87881818,
    "link": "",
    "finalLink": ""
  },
  {
    "date": "2005-12-31",
    "symbol": "EVRG",
    "reportedCurrency": "USD",
    "cik": "0001711269",
    "fillingDate": "2005-12-31",
    "acceptedDate": "2005-12-30 19:00:00",
    "calendarYear": "2005",
    "period": "FY",
    "revenue": 1583278000,
    "costOfRevenue": 528229000,
    "grossProfit": 1055049000,
    "grossProfitRatio": 0.6663700247,
    "researchAndDevelopmentExpenses": 0,
    "generalAndAdministrativeExpenses": 0,
    "sellingAndMarketingExpenses": 0,
    "sellingGeneralAndAdministrativeExpenses": 166060000,
    "otherExpenses": 588261000,
    "operatingExpenses": 754321000,
    "costAndExpenses": 1282550000,
    "interestIncome": 0,
    "interestExpense": 109080000,
    "depreciationAndAmortization": 150520000,
    "ebitda": 451248000,
    "ebitdaratio": 0.2850086971,
    "operatingIncome": 300728000,
    "operatingIncomeRatio": 0.1899401116,
    "totalOtherIncomeExpensesNet": -105347000,
    "incomeBeforeTax": 195381000,
    "incomeBeforeTaxRatio": 0.1234028389,
    "incomeTaxExpense": 60513000,
    "netIncome": 134868000,
    "netIncomeRatio": 0.0851827664,
    "eps": 1.55,
    "epsdiluted": 1.54,
    "weightedAverageShsOut": 86855485,
    "weightedAverageShsOutDil": 87428571,
    "link": "",
    "finalLink": ""
  },
  {
    "date": "2004-12-31",
    "symbol": "EVRG",
    "reportedCurrency": "USD",
    "cik": "0001711269",
    "fillingDate": "2004-12-31",
    "acceptedDate": "2004-12-30 19:00:00",
    "calendarYear": "2004",
    "period": "FY",
    "revenue": 1464489000,
    "costOfRevenue": 419788000,
    "grossProfit": 1044701000,
    "grossProfitRatio": 0.7133553069,
    "researchAndDevelopmentExpenses": 0,
    "generalAndAdministrativeExpenses": 0,
    "sellingAndMarketingExpenses": 0,
    "sellingGeneralAndAdministrativeExpenses": 173498000,
    "otherExpenses": 581312000,
    "operatingExpenses": 754810000,
    "costAndExpenses": 1174598000,
    "interestIncome": 0,
    "interestExpense": 0,
    "depreciationAndAmortization": 184325000,
    "ebitda": 474216000,
    "ebitdaratio": 0.323809875,
    "operatingIncome": 289891000,
    "operatingIncomeRatio": 0.1979468606,
    "totalOtherIncomeExpensesNet": -156368000,
    "incomeBeforeTax": 133523000,
    "incomeBeforeTaxRatio": 0.0911737814,
    "incomeTaxExpense": 33443000,
    "netIncome": 178870000,
    "netIncomeRatio": 0.1221381656,
    "eps": 2.14,
    "epsdiluted": 2.13,
    "weightedAverageShsOut": 82941374,
    "weightedAverageShsOutDil": 83521127,
    "link": "",
    "finalLink": ""
  },
  {
    "date": "2003-12-31",
    "symbol": "EVRG",
    "reportedCurrency": "USD",
    "cik": "0001711269",
    "fillingDate": "2003-12-31",
    "acceptedDate": "2003-12-30 19:00:00",
    "calendarYear": "2003",
    "period": "FY",
    "revenue": 1461143000,
    "costOfRevenue": 390312000,
    "grossProfit": 1070831000,
    "grossProfitRatio": 0.7328721419,
    "researchAndDevelopmentExpenses": 0,
    "generalAndAdministrativeExpenses": 0,
    "sellingAndMarketingExpenses": 0,
    "sellingGeneralAndAdministrativeExpenses": 160825000,
    "otherExpenses": 439781000,
    "operatingExpenses": 600606000,
    "costAndExpenses": 990918000,
    "interestIncome": 0,
    "interestExpense": 224356000,
    "depreciationAndAmortization": 161902000,
    "ebitda": 652363000,
    "ebitdaratio": 0.4464744382,
    "operatingIncome": 470225000,
    "operatingIncomeRatio": 0.3218199724,
    "totalOtherIncomeExpensesNet": -225542000,
    "incomeBeforeTax": 244683000,
    "incomeBeforeTaxRatio": 0.1674599954,
    "incomeTaxExpense": 81768000,
    "netIncome": 85010000,
    "netIncomeRatio": 0.0581804793,
    "eps": 1.16,
    "epsdiluted": 1.16,
    "weightedAverageShsOut": 72429000,
    "weightedAverageShsOutDil": 73287500,
    "link": "",
    "finalLink": ""
  },
  {
    "date": "2002-12-31",
    "symbol": "EVRG",
    "reportedCurrency": "USD",
    "cik": "0001711269",
    "fillingDate": "2002-12-31",
    "acceptedDate": "2002-12-30 19:00:00",
    "calendarYear": "2002",
    "period": "FY",
    "revenue": 1423151000,
    "costOfRevenue": 379500000,
    "grossProfit": 1043651000,
    "grossProfitRatio": 0.7333382052,
    "researchAndDevelopmentExpenses": 0,
    "generalAndAdministrativeExpenses": 0,
    "sellingAndMarketingExpenses": 0,
    "sellingGeneralAndAdministrativeExpenses": 218345000,
    "otherExpenses": 551357000,
    "operatingExpenses": 769702000,
    "costAndExpenses": 1149202000,
    "interestIncome": 0,
    "interestExpense": 0,
    "depreciationAndAmortization": 290839000,
    "ebitda": 445756000,
    "ebitdaratio": 0.3132176417,
    "operatingIncome": -224816000,
    "operatingIncomeRatio": -0.1579705878,
    "totalOtherIncomeExpensesNet": -196652000,
    "incomeBeforeTax": -323647000,
    "incomeBeforeTaxRatio": -0.2274157837,
    "incomeTaxExpense": -157605000,
    "netIncome": -793001000,
    "netIncomeRatio": -0.5572149406,
    "eps": -11.06,
    "epsdiluted": -11.06,
    "weightedAverageShsOut": 71732000,
    "weightedAverageShsOutDil": 71732000,
    "link": "",
    "finalLink": ""
  },
  {
    "date": "2001-12-31",
    "symbol": "EVRG",
    "reportedCurrency": "USD",
    "cik": "0001711269",
    "fillingDate": "2001-12-31",
    "acceptedDate": "2001-12-31 00:00:00",
    "calendarYear": "2001",
    "period": "FY",
    "revenue": 1308536000,
    "costOfRevenue": 394337000,
    "grossProfit": 914199000,
    "grossProfitRatio": 0.6986426052,
    "researchAndDevelopmentExpenses": 0,
    "generalAndAdministrativeExpenses": 0,
    "sellingAndMarketingExpenses": 0,
    "sellingGeneralAndAdministrativeExpenses": 174301000,
    "otherExpenses": 539938000,
    "operatingExpenses": 714239000,
    "costAndExpenses": 1108576000,
    "interestIncome": 0,
    "interestExpense": 0,
    "depreciationAndAmortization": 413642000,
    "ebitda": 613602000,
    "ebitdaratio": 0.468922521,
    "operatingIncome": 55971000,
    "operatingIncomeRatio": 0.0427737563,
    "totalOtherIncomeExpensesNet": -23350000,
    "incomeBeforeTax": -143601000,
    "incomeBeforeTaxRatio": -0.1097417266,
    "incomeTaxExpense": -80875000,
    "netIncome": -20876000,
    "netIncomeRatio": -0.015953707,
    "eps": -0.3,
    "epsdiluted": -0.3,
    "weightedAverageShsOut": 70650000,
    "weightedAverageShsOutDil": 70650000,
    "link": null,
    "finalLink": null
  },
  {
    "date": "2000-12-31",
    "symbol": "EVRG",
    "reportedCurrency": "USD",
    "cik": "0001711269",
    "fillingDate": "2000-12-31",
    "acceptedDate": "2000-12-31 00:00:00",
    "calendarYear": "2000",
    "period": "FY",
    "revenue": 2368476000,
    "costOfRevenue": 1035832000,
    "grossProfit": 1332644000,
    "grossProfitRatio": 0.5626588574,
    "researchAndDevelopmentExpenses": 0,
    "generalAndAdministrativeExpenses": 0,
    "sellingAndMarketingExpenses": 0,
    "sellingGeneralAndAdministrativeExpenses": 343163000,
    "otherExpenses": 763850000,
    "operatingExpenses": 1107013000,
    "costAndExpenses": 2142845000,
    "interestIncome": 0,
    "interestExpense": 289568000,
    "depreciationAndAmortization": 408304000,
    "ebitda": 652000000,
    "ebitdaratio": 0.2752825023,
    "operatingIncome": 225631000,
    "operatingIncomeRatio": 0.0952642121,
    "totalOtherIncomeExpensesNet": -88520000,
    "incomeBeforeTax": 137111000,
    "incomeBeforeTaxRatio": 0.0578899681,
    "incomeTaxExpense": 46061000,
    "netIncome": 136481000,
    "netIncomeRatio": 0.0576239742,
    "eps": 1.96,
    "epsdiluted": 1.96,
    "weightedAverageShsOut": 68962245,
    "weightedAverageShsOutDil": 68962245,
    "link": null,
    "finalLink": null
  },
  {
    "date": "1999-12-31",
    "symbol": "EVRG",
    "reportedCurrency": "USD",
    "cik": "0001711269",
    "fillingDate": "1999-12-31",
    "acceptedDate": "1999-12-31 00:00:00",
    "calendarYear": "1999",
    "period": "FY",
    "revenue": 2030087000,
    "costOfRevenue": 658946000,
    "grossProfit": 1371141000,
    "grossProfitRatio": 0.6754099701,
    "researchAndDevelopmentExpenses": 0,
    "generalAndAdministrativeExpenses": 0,
    "sellingAndMarketingExpenses": 0,
    "sellingGeneralAndAdministrativeExpenses": 340609000,
    "otherExpenses": 828884000,
    "operatingExpenses": 1169493000,
    "costAndExpenses": 1828439000,
    "interestIncome": 0,
    "interestExpense": 0,
    "depreciationAndAmortization": 433000000,
    "ebitda": 605317000,
    "ebitdaratio": 0.2981729354,
    "operatingIncome": 274400000,
    "operatingIncomeRatio": 0.1351666209,
    "totalOtherIncomeExpensesNet": -231291000,
    "incomeBeforeTax": -32700000,
    "incomeBeforeTaxRatio": -0.0161076841,
    "incomeTaxExpense": -33400000,
    "netIncome": 12400000,
    "netIncomeRatio": 0.0061081126,
    "eps": 0.2,
    "epsdiluted": 0.2,
    "weightedAverageShsOut": 67080281,
    "weightedAverageShsOutDil": 67328244,
    "link": null,
    "finalLink": null
  },
  {
    "date": "1998-12-31",
    "symbol": "EVRG",
    "reportedCurrency": "USD",
    "cik": "0001711269",
    "fillingDate": "1998-12-31",
    "acceptedDate": "1998-12-31 00:00:00",
    "calendarYear": "1998",
    "period": "FY",
    "revenue": 2034054000,
    "costOfRevenue": 823259000,
    "grossProfit": 1210795000,
    "grossProfitRatio": 0.5952619744,
    "researchAndDevelopmentExpenses": 0,
    "generalAndAdministrativeExpenses": 0,
    "sellingAndMarketingExpenses": 0,
    "sellingGeneralAndAdministrativeExpenses": 263310000,
    "otherExpenses": 724548000,
    "operatingExpenses": 987858000,
    "costAndExpenses": 1811117000,
    "interestIncome": 0,
    "interestExpense": 0,
    "depreciationAndAmortization": 224800000,
    "ebitda": 511062000,
    "ebitdaratio": 0.2512529166,
    "operatingIncome": 230500000,
    "operatingIncomeRatio": 0.113320492,
    "totalOtherIncomeExpensesNet": -189687000,
    "incomeBeforeTax": 60800000,
    "incomeBeforeTaxRatio": 0.0298910452,
    "incomeTaxExpense": 14600000,
    "netIncome": 47800000,
    "netIncomeRatio": 0.0234998678,
    "eps": 0.67,
    "epsdiluted": 0.67,
    "weightedAverageShsOut": 65633743,
    "weightedAverageShsOutDil": 67365854,
    "link": null,
    "finalLink": null
  },
  {
    "date": "1997-12-31",
    "symbol": "EVRG",
    "reportedCurrency": "USD",
    "cik": "0001711269",
    "fillingDate": "1997-12-31",
    "acceptedDate": "1997-12-31 00:00:00",
    "calendarYear": "1997",
    "period": "FY",
    "revenue": 2151800000,
    "costOfRevenue": 967500000,
    "grossProfit": 1184300000,
    "grossProfitRatio": 0.550376429,
    "researchAndDevelopmentExpenses": 0,
    "generalAndAdministrativeExpenses": 0,
    "sellingAndMarketingExpenses": 0,
    "sellingGeneralAndAdministrativeExpenses": 316500000,
    "otherExpenses": 713300000,
    "operatingExpenses": 1029800000,
    "costAndExpenses": 1997300000,
    "interestIncome": 0,
    "interestExpense": 0,
    "depreciationAndAmortization": 202700000,
    "ebitda": 411200000,
    "ebitdaratio": 0.1910958267,
    "operatingIncome": 1007400000,
    "operatingIncomeRatio": 0.4681661864,
    "totalOtherIncomeExpensesNet": 728000000,
    "incomeBeforeTax": 872700000,
    "incomeBeforeTaxRatio": 0.4055674319,
    "incomeTaxExpense": 378600000,
    "netIncome": 494100000,
    "netIncomeRatio": 0.2296217121,
    "eps": 7.51,
    "epsdiluted": 7.51,
    "weightedAverageShsOut": 66511318,
    "weightedAverageShsOutDil": 66511318,
    "link": null,
    "finalLink": null
  },
  {
    "date": "1996-12-31",
    "symbol": "EVRG",
    "reportedCurrency": "USD",
    "cik": "0001711269",
    "fillingDate": "1996-12-31",
    "acceptedDate": "1996-12-31 00:00:00",
    "calendarYear": "1996",
    "period": "FY",
    "revenue": 2046800000,
    "costOfRevenue": 883100000,
    "grossProfit": 1163700000,
    "grossProfitRatio": 0.5685460231,
    "researchAndDevelopmentExpenses": 0,
    "generalAndAdministrativeExpenses": 0,
    "sellingAndMarketingExpenses": 0,
    "sellingGeneralAndAdministrativeExpenses": 199400000,
    "otherExpenses": 593900000,
    "operatingExpenses": 793300000,
    "costAndExpenses": 1676400000,
    "interestIncome": 0,
    "interestExpense": 0,
    "depreciationAndAmortization": 199900000,
    "ebitda": 571700000,
    "ebitdaratio": 0.2793140512,
    "operatingIncome": 393000000,
    "operatingIncomeRatio": 0.1920070354,
    "totalOtherIncomeExpensesNet": -112300000,
    "incomeBeforeTax": 258100000,
    "incomeBeforeTaxRatio": 0.1260992769,
    "incomeTaxExpense": 89100000,
    "netIncome": 169000000,
    "netIncomeRatio": 0.0825679109,
    "eps": 2.41,
    "epsdiluted": 2.41,
    "weightedAverageShsOut": 70124481,
    "weightedAverageShsOutDil": 70124481,
    "link": null,
    "finalLink": null
  },
  {
    "date": "1995-12-31",
    "symbol": "EVRG",
    "reportedCurrency": "USD",
    "cik": "0001711269",
    "fillingDate": "1995-12-31",
    "acceptedDate": "1995-12-31 00:00:00",
    "calendarYear": "1995",
    "period": "FY",
    "revenue": 1744300000,
    "costOfRevenue": 659000000,
    "grossProfit": 1085300000,
    "grossProfitRatio": 0.6221980164,
    "researchAndDevelopmentExpenses": 0,
    "generalAndAdministrativeExpenses": 0,
    "sellingAndMarketingExpenses": 0,
    "sellingGeneralAndAdministrativeExpenses": 182100000,
    "otherExpenses": 529400000,
    "operatingExpenses": 711500000,
    "costAndExpenses": 1370500000,
    "interestIncome": 0,
    "interestExpense": 0,
    "depreciationAndAmortization": 154100000,
    "ebitda": 551600000,
    "ebitdaratio": 0.3162300063,
    "operatingIncome": 364100000,
    "operatingIncomeRatio": 0.2087370292,
    "totalOtherIncomeExpensesNet": -107700000,
    "incomeBeforeTax": 270200000,
    "incomeBeforeTaxRatio": 0.1549045462,
    "incomeTaxExpense": 88500000,
    "netIncome": 181700000,
    "netIncomeRatio": 0.104167861,
    "eps": 2.71,
    "epsdiluted": 2.71,
    "weightedAverageShsOut": 67047970,
    "weightedAverageShsOutDil": 67047970,
    "link": null,
    "finalLink": null
  },
  {
    "date": "1994-12-31",
    "symbol": "EVRG",
    "reportedCurrency": "USD",
    "cik": "0001711269",
    "fillingDate": "1994-12-31",
    "acceptedDate": "1994-12-31 00:00:00",
    "calendarYear": "1994",
    "period": "FY",
    "revenue": 1764800000,
    "costOfRevenue": 562400000,
    "grossProfit": 1202400000,
    "grossProfitRatio": 0.6813236627,
    "researchAndDevelopmentExpenses": 0,
    "generalAndAdministrativeExpenses": 0,
    "sellingAndMarketingExpenses": 0,
    "sellingGeneralAndAdministrativeExpenses": 0,
    "otherExpenses": 831700000,
    "operatingExpenses": 831700000,
    "costAndExpenses": 1394100000,
    "interestIncome": 0,
    "interestExpense": 0,
    "depreciationAndAmortization": 136500000,
    "ebitda": 546400000,
    "ebitdaratio": 0.3096101541,
    "operatingIncome": 365200000,
    "operatingIncomeRatio": 0.2069356301,
    "totalOtherIncomeExpensesNet": -87700000,
    "incomeBeforeTax": 283000000,
    "incomeBeforeTaxRatio": 0.1603581142,
    "incomeTaxExpense": 95600000,
    "netIncome": 187400000,
    "netIncomeRatio": 0.10618767,
    "eps": 2.82,
    "epsdiluted": 2.82,
    "weightedAverageShsOut": 66453901,
    "weightedAverageShsOutDil": 66453901,
    "link": null,
    "finalLink": null
  },
  {
    "date": "1993-12-31",
    "symbol": "EVRG",
    "reportedCurrency": "USD",
    "cik": "0001711269",
    "fillingDate": "1993-12-31",
    "acceptedDate": "1993-12-30 19:00:00",
    "calendarYear": "1993",
    "period": "FY",
    "revenue": 1909400000,
    "costOfRevenue": 0,
    "grossProfit": 0,
    "grossProfitRatio": 0,
    "researchAndDevelopmentExpenses": 0,
    "generalAndAdministrativeExpenses": 0,
    "sellingAndMarketingExpenses": 0,
    "sellingGeneralAndAdministrativeExpenses": 0,
    "otherExpenses": 1909400000,
    "operatingExpenses": 1909400000,
    "costAndExpenses": 1909400000,
    "interestIncome": 0,
    "interestExpense": 0,
    "depreciationAndAmortization": 0,
    "ebitda": 1909400000,
    "ebitdaratio": 1,
    "operatingIncome": 1909400000,
    "operatingIncomeRatio": 1,
    "totalOtherIncomeExpensesNet": -1909400000,
    "incomeBeforeTax": 0,
    "incomeBeforeTaxRatio": 0,
    "incomeTaxExpense": -177400000,
    "netIncome": 177400000,
    "netIncomeRatio": 0.0929087672,
    "eps": 2.76,
    "epsdiluted": 2.76,
    "weightedAverageShsOut": 59384058,
    "weightedAverageShsOutDil": 59384058,
    "link": "",
    "finalLink": ""
  },
  {
    "date": "1992-12-31",
    "symbol": "EVRG",
    "reportedCurrency": "USD",
    "cik": "0001711269",
    "fillingDate": "1992-12-31",
    "acceptedDate": "1992-12-30 19:00:00",
    "calendarYear": "1992",
    "period": "FY",
    "revenue": 1556300000,
    "costOfRevenue": 0,
    "grossProfit": 0,
    "grossProfitRatio": 0,
    "researchAndDevelopmentExpenses": 0,
    "generalAndAdministrativeExpenses": 0,
    "sellingAndMarketingExpenses": 0,
    "sellingGeneralAndAdministrativeExpenses": 0,
    "otherExpenses": 1556300000,
    "operatingExpenses": 1556300000,
    "costAndExpenses": 1556300000,
    "interestIncome": 0,
    "interestExpense": 0,
    "depreciationAndAmortization": 0,
    "ebitda": 1556300000,
    "ebitdaratio": 1,
    "operatingIncome": 1556300000,
    "operatingIncomeRatio": 1,
    "totalOtherIncomeExpensesNet": -1556300000,
    "incomeBeforeTax": 0,
    "incomeBeforeTaxRatio": 0,
    "incomeTaxExpense": -127900000,
    "netIncome": 127900000,
    "netIncomeRatio": 0.0821820986,
    "eps": 2.2,
    "epsdiluted": 2.2,
    "weightedAverageShsOut": 52318182,
    "weightedAverageShsOutDil": 52318182,
    "link": "",
    "finalLink": ""
  },
  {
    "date": "1991-12-31",
    "symbol": "EVRG",
    "reportedCurrency": "USD",
    "cik": "0001711269",
    "fillingDate": "1991-12-31",
    "acceptedDate": "1991-12-30 19:00:00",
    "calendarYear": "1991",
    "period": "FY",
    "revenue": 1162200000,
    "costOfRevenue": 0,
    "grossProfit": 0,
    "grossProfitRatio": 0,
    "researchAndDevelopmentExpenses": 0,
    "generalAndAdministrativeExpenses": 0,
    "sellingAndMarketingExpenses": 0,
    "sellingGeneralAndAdministrativeExpenses": 0,
    "otherExpenses": 1162200000,
    "operatingExpenses": 1162200000,
    "costAndExpenses": 1162200000,
    "interestIncome": 0,
    "interestExpense": 0,
    "depreciationAndAmortization": 0,
    "ebitda": 1162200000,
    "ebitdaratio": 1,
    "operatingIncome": 1162200000,
    "operatingIncomeRatio": 1,
    "totalOtherIncomeExpensesNet": -1162200000,
    "incomeBeforeTax": 0,
    "incomeBeforeTaxRatio": 0,
    "incomeTaxExpense": -72300000,
    "netIncome": 72300000,
    "netIncomeRatio": 0.0622096025,
    "eps": 1.91,
    "epsdiluted": 1.91,
    "weightedAverageShsOut": 34502618,
    "weightedAverageShsOutDil": 34502618,
    "link": "",
    "finalLink": ""
  },
  {
    "date": "1990-12-31",
    "symbol": "EVRG",
    "reportedCurrency": "USD",
    "cik": "0001711269",
    "fillingDate": "1990-12-31",
    "acceptedDate": "1990-12-30 19:00:00",
    "calendarYear": "1990",
    "period": "FY",
    "revenue": 1149800000,
    "costOfRevenue": 0,
    "grossProfit": 0,
    "grossProfitRatio": 0,
    "researchAndDevelopmentExpenses": 0,
    "generalAndAdministrativeExpenses": 0,
    "sellingAndMarketingExpenses": 0,
    "sellingGeneralAndAdministrativeExpenses": 0,
    "otherExpenses": 1149800000,
    "operatingExpenses": 1149800000,
    "costAndExpenses": 1149800000,
    "interestIncome": 0,
    "interestExpense": 0,
    "depreciationAndAmortization": 0,
    "ebitda": 1149800000,
    "ebitdaratio": 1,
    "operatingIncome": 1149800000,
    "operatingIncomeRatio": 1,
    "totalOtherIncomeExpensesNet": -1149800000,
    "incomeBeforeTax": 0,
    "incomeBeforeTaxRatio": 0,
    "incomeTaxExpense": -79600000,
    "netIncome": 79600000,
    "netIncomeRatio": 0.0692294312,
    "eps": 2.25,
    "epsdiluted": 2.25,
    "weightedAverageShsOut": 34622222,
    "weightedAverageShsOutDil": 34622222,
    "link": "",
    "finalLink": ""
  },
  {
    "date": "1989-12-31",
    "symbol": "EVRG",
    "reportedCurrency": "USD",
    "cik": "0001711269",
    "fillingDate": "1989-12-31",
    "acceptedDate": "1989-12-30 19:00:00",
    "calendarYear": "1989",
    "period": "FY",
    "revenue": 1127600000,
    "costOfRevenue": 0,
    "grossProfit": 0,
    "grossProfitRatio": 0,
    "researchAndDevelopmentExpenses": 0,
    "generalAndAdministrativeExpenses": 0,
    "sellingAndMarketingExpenses": 0,
    "sellingGeneralAndAdministrativeExpenses": 0,
    "otherExpenses": 1127600000,
    "operatingExpenses": 1127600000,
    "costAndExpenses": 1127600000,
    "interestIncome": 0,
    "interestExpense": 0,
    "depreciationAndAmortization": 0,
    "ebitda": 1127600000,
    "ebitdaratio": 1,
    "operatingIncome": 1127600000,
    "operatingIncomeRatio": 1,
    "totalOtherIncomeExpensesNet": -1127600000,
    "incomeBeforeTax": 0,
    "incomeBeforeTaxRatio": 0,
    "incomeTaxExpense": -72800000,
    "netIncome": 72800000,
    "netIncomeRatio": 0.0645619014,
    "eps": 2.05,
    "epsdiluted": 2.05,
    "weightedAverageShsOut": 34585366,
    "weightedAverageShsOutDil": 34585366,
    "link": "",
    "finalLink": ""
  },
  {
    "date": "1988-12-31",
    "symbol": "EVRG",
    "reportedCurrency": "USD",
    "cik": "0001711269",
    "fillingDate": "1988-12-31",
    "acceptedDate": "1988-12-30 19:00:00",
    "calendarYear": "1988",
    "period": "FY",
    "revenue": 1166100000,
    "costOfRevenue": 0,
    "grossProfit": 0,
    "grossProfitRatio": 0,
    "researchAndDevelopmentExpenses": 0,
    "generalAndAdministrativeExpenses": 0,
    "sellingAndMarketingExpenses": 0,
    "sellingGeneralAndAdministrativeExpenses": 0,
    "otherExpenses": 1166100000,
    "operatingExpenses": 1166100000,
    "costAndExpenses": 1166100000,
    "interestIncome": 0,
    "interestExpense": 0,
    "depreciationAndAmortization": 0,
    "ebitda": 1166100000,
    "ebitdaratio": 1,
    "operatingIncome": 1166100000,
    "operatingIncomeRatio": 1,
    "totalOtherIncomeExpensesNet": -1166100000,
    "incomeBeforeTax": 0,
    "incomeBeforeTaxRatio": 0,
    "incomeTaxExpense": -79800000,
    "netIncome": 79800000,
    "netIncomeRatio": 0.068433239,
    "eps": 2.25,
    "epsdiluted": 2.25,
    "weightedAverageShsOut": 34577778,
    "weightedAverageShsOutDil": 34577778,
    "link": "",
    "finalLink": ""
  },
  {
    "date": "1987-12-31",
    "symbol": "EVRG",
    "reportedCurrency": "USD",
    "cik": "0001711269",
    "fillingDate": "1987-12-31",
    "acceptedDate": "1987-12-30 19:00:00",
    "calendarYear": "1987",
    "period": "FY",
    "revenue": 1166500000,
    "costOfRevenue": 0,
    "grossProfit": 0,
    "grossProfitRatio": 0,
    "researchAndDevelopmentExpenses": 0,
    "generalAndAdministrativeExpenses": 0,
    "sellingAndMarketingExpenses": 0,
    "sellingGeneralAndAdministrativeExpenses": 0,
    "otherExpenses": 1166500000,
    "operatingExpenses": 1166500000,
    "costAndExpenses": 1166500000,
    "interestIncome": 0,
    "interestExpense": 0,
    "depreciationAndAmortization": 0,
    "ebitda": 1166500000,
    "ebitdaratio": 1,
    "operatingIncome": 1166500000,
    "operatingIncomeRatio": 1,
    "totalOtherIncomeExpensesNet": -1166500000,
    "incomeBeforeTax": 0,
    "incomeBeforeTaxRatio": 0,
    "incomeTaxExpense": -88700000,
    "netIncome": 88700000,
    "netIncomeRatio": 0.0760394342,
    "eps": 2.46,
    "epsdiluted": 2.46,
    "weightedAverageShsOut": 34552846,
    "weightedAverageShsOutDil": 34552846,
    "link": "",
    "finalLink": ""
  },
  {
    "date": "1986-12-31",
    "symbol": "EVRG",
    "reportedCurrency": "USD",
    "cik": "0001711269",
    "fillingDate": "1986-12-31",
    "acceptedDate": "1986-12-30 19:00:00",
    "calendarYear": "1986",
    "period": "FY",
    "revenue": 1198900000,
    "costOfRevenue": 0,
    "grossProfit": 0,
    "grossProfitRatio": 0,
    "researchAndDevelopmentExpenses": 0,
    "generalAndAdministrativeExpenses": 0,
    "sellingAndMarketingExpenses": 0,
    "sellingGeneralAndAdministrativeExpenses": 0,
    "otherExpenses": 1198900000,
    "operatingExpenses": 1198900000,
    "costAndExpenses": 1198900000,
    "interestIncome": 0,
    "interestExpense": 0,
    "depreciationAndAmortization": 0,
    "ebitda": 1198900000,
    "ebitdaratio": 1,
    "operatingIncome": 1198900000,
    "operatingIncomeRatio": 1,
    "totalOtherIncomeExpensesNet": -1198900000,
    "incomeBeforeTax": 0,
    "incomeBeforeTaxRatio": 0,
    "incomeTaxExpense": -91400000,
    "netIncome": 91400000,
    "netIncomeRatio": 0.0762365502,
    "eps": 2.43,
    "epsdiluted": 2.43,
    "weightedAverageShsOut": 34485597,
    "weightedAverageShsOutDil": 34485597,
    "link": "",
    "finalLink": ""
  },
  {
    "date": "1985-12-31",
    "symbol": "EVRG",
    "reportedCurrency": "USD",
    "cik": "0001711269",
    "fillingDate": "1985-12-31",
    "acceptedDate": "1985-12-30 19:00:00",
    "calendarYear": "1985",
    "period": "FY",
    "revenue": 1354100000,
    "costOfRevenue": 0,
    "grossProfit": 0,
    "grossProfitRatio": 0,
    "researchAndDevelopmentExpenses": 0,
    "generalAndAdministrativeExpenses": 0,
    "sellingAndMarketingExpenses": 0,
    "sellingGeneralAndAdministrativeExpenses": 0,
    "otherExpenses": 1354100000,
    "operatingExpenses": 1354100000,
    "costAndExpenses": 1354100000,
    "interestIncome": 0,
    "interestExpense": 0,
    "depreciationAndAmortization": 0,
    "ebitda": 1354100000,
    "ebitdaratio": 1,
    "operatingIncome": 1354100000,
    "operatingIncomeRatio": 1,
    "totalOtherIncomeExpensesNet": -1354100000,
    "incomeBeforeTax": 0,
    "incomeBeforeTaxRatio": 0,
    "incomeTaxExpense": -88000000,
    "netIncome": 88000000,
    "netIncomeRatio": 0.0649878148,
    "eps": 2.31,
    "epsdiluted": 2.31,
    "weightedAverageShsOut": 34199134,
    "weightedAverageShsOutDil": 34199134,
    "link": "",
    "finalLink": ""
  }
]