[
  {
    "date": "2025-06-30",
    "symbol": "EVRG",
    "reportedCurrency": "USD",
    "cik": "0001711269",
    "fillingDate": "2025-08-07",
    "acceptedDate": "2025-08-06 17:36:28",
    "calendarYear": "2025",
    "period": "Q2",
    "revenue": 1437000000,
    "costOfRevenue": 700400000,
    "grossProfit": 736600000,
    "grossProfitRatio": 0.5125956855,
    "researchAndDevelopmentExpenses": 0,
    "generalAndAdministrativeExpenses": 4700000,
    "sellingAndMarketingExpenses": 0,
    "sellingGeneralAndAdministrativeExpenses": 4700000,
    "otherExpenses": 388100000,
    "operatingExpenses": 392800000,
    "costAndExpenses": 1093200000,
    "interestIncome": 0,
    "interestExpense": 153800000,
    "depreciationAndAmortization": 304600000,
    "ebitda": 641000000,
    "ebitdaratio": 0.4460681976,
    "operatingIncome": 343800000,
    "operatingIncomeRatio": 0.2392484342,
    "totalOtherIncomeExpensesNet": -161200000,
    "incomeBeforeTax": 182600000,
    "incomeBeforeTaxRatio": 0.1270702853,
    "incomeTaxExpense": 10000000,
    "netIncome": 171300000,
    "netIncomeRatio": 0.1192066806,
    "eps": 0.74,
    "epsdiluted": 0.74,
    "weightedAverageShsOut": 230400000,
    "weightedAverageShsOutDil": 232700000,
    "link": "https://www.sec.gov/Archives/edgar/data/1711269/000171126925000022/0001711269-25-000022-index.htm",
    "finalLink": "https://www.sec.gov/Archives/edgar/data/54476/000171126925000022/evrg-20250630.htm"
  },
  {
    "date": "2025-03-31",
    "symbol": "EVRG",
    "reportedCurrency": "USD",
    "cik": "0001711269",
    "fillingDate": "2025-05-08",
    "acceptedDate": "2025-05-07 17:41:42",
    "calendarYear": "2025",
    "period": "Q1",
    "revenue": 1374500000,
    "costOfRevenue": 683700000,
    "grossProfit": 690800000,
    "grossProfitRatio": 0.5025827574,
    "researchAndDevelopmentExpenses": 0,
    "generalAndAdministrativeExpenses": 0,
    "sellingAndMarketingExpenses": 0,
    "sellingGeneralAndAdministrativeExpenses": 0,
    "otherExpenses": 399200000,
    "operatingExpenses": 399200000,
    "costAndExpenses": 1082900000,
    "interestIncome": 0,
    "interestExpense": 152500000,
    "depreciationAndAmortization": 304300000,
    "ebitda": 592900000,
    "ebitdaratio": 0.431356857,
    "operatingIncome": 291600000,
    "operatingIncomeRatio": 0.2121498727,
    "totalOtherIncomeExpensesNet": 0,
    "incomeBeforeTax": 137700000,
    "incomeBeforeTaxRatio": 0.1001818843,
    "incomeTaxExpense": 9600000,
    "netIncome": 125000000,
    "netIncomeRatio": 0.0909421608,
    "eps": 0.54,
    "epsdiluted": 0.54,
    "weightedAverageShsOut": 230400000,
    "weightedAverageShsOutDil": 232100000,
    "link": "https://www.sec.gov/Archives/edgar/data/1711269/000171126925000010/0001711269-25-000010-index.htm",
    "finalLink": "https://www.sec.gov/Archives/edgar/data/54476/000171126925000010/evrg-20250331.htm"
  },
  {
    "date": "2024-12-31",
    "symbol": "EVRG",
    "reportedCurrency": "USD",
    "cik": "0001711269",
    "fillingDate": "2025-02-27",
    "acceptedDate": "2025-02-26 17:36:21",
    "calendarYear": "2024",
    "period": "Q4",
    "revenue": 1257400000,
    "costOfRevenue": 650400000,
    "grossProfit": 607000000,
    "grossProfitRatio": 0.4827421664,
    "researchAndDevelopmentExpenses": 0,
    "generalAndAdministrativeExpenses": 21400000,
    "sellingAndMarketingExpenses": 0,
    "sellingGeneralAndAdministrativeExpenses": 21400000,
    "otherExpenses": 363400000,
    "operatingExpenses": 384800000,
    "costAndExpenses": 1035200000,
    "interestIncome": 0,
    "interestExpense": 142400000,
    "depreciationAndAmortization": 291900000,
    "ebitda": 508900000,
    "ebitdaratio": 0.4047240337,
    "operatingIncome": 222200000,
    "operatingIncomeRatio": 0.176713854,
    "totalOtherIncomeExpensesNet": 0,
    "incomeBeforeTax": 76600000,
    "incomeBeforeTaxRatio": 0.0609193574,
    "incomeTaxExpense": -4700000,
    "netIncome": 78200000,
    "netIncomeRatio": 0.0621918244,
    "eps": 0.34,
    "epsdiluted": 0.34,
    "weightedAverageShsOut": 230300000,
    "weightedAverageShsOutDil": 230600000,
    "link": "https://www.sec.gov/Archives/edgar/data/1711269/000171126925000004/0001711269-25-000004-index.htm",
    "finalLink": "https://www.sec.gov/Archives/edgar/data/54476/000171126925000004/evrg-20241231.htm"
  },
  {
    "date": "2024-09-30",
    "symbol": "EVRG",
    "reportedCurrency": "USD",
    "cik": "0001711269",
    "fillingDate": "2024-11-07",
    "acceptedDate": "2024-11-06 17:35:21",
    "calendarYear": "2024",
    "period": "Q3",
    "revenue": 1811400000,
    "costOfRevenue": 785000000,
    "grossProfit": 1026400000,
    "grossProfitRatio": 0.5666335431,
    "researchAndDevelopmentExpenses": 0,
    "generalAndAdministrativeExpenses": 5900000,
    "sellingAndMarketingExpenses": 0,
    "sellingGeneralAndAdministrativeExpenses": 5900000,
    "otherExpenses": 393000000,
    "operatingExpenses": 398900000,
    "costAndExpenses": 1183900000,
    "interestIncome": 0,
    "interestExpense": 143900000,
    "depreciationAndAmortization": 298000000,
    "ebitda": 928500000,
    "ebitdaratio": 0.5125869493,
    "operatingIncome": 627500000,
    "operatingIncomeRatio": 0.3464171359,
    "totalOtherIncomeExpensesNet": -140900000,
    "incomeBeforeTax": 486600000,
    "incomeBeforeTaxRatio": 0.2686319974,
    "incomeTaxExpense": 20000000,
    "netIncome": 465600000,
    "netIncomeRatio": 0.2570387546,
    "eps": 2.02,
    "epsdiluted": 2.02,
    "weightedAverageShsOut": 230300000,
    "weightedAverageShsOutDil": 230600000,
    "link": "https://www.sec.gov/Archives/edgar/data/1711269/000171126924000032/0001711269-24-000032-index.htm",
    "finalLink": "https://www.sec.gov/Archives/edgar/data/54476/000171126924000032/evrg-20240930.htm"
  },
  {
    "date": "2024-06-30",
    "symbol": "EVRG",
    "reportedCurrency": "USD",
    "cik": "0001711269",
    "fillingDate": "2024-08-09",
    "acceptedDate": "2024-08-08 17:49:36",
    "calendarYear": "2024",
    "period": "Q2",
    "revenue": 1447500000,
    "costOfRevenue": 696700000,
    "grossProfit": 750800000,
    "grossProfitRatio": 0.5186873921,
    "researchAndDevelopmentExpenses": 0,
    "generalAndAdministrativeExpenses": 6300000,
    "sellingAndMarketingExpenses": 0,
    "sellingGeneralAndAdministrativeExpenses": 6300000,
    "otherExpenses": 386400000,
    "operatingExpenses": 392700000,
    "costAndExpenses": 1089400000,
    "interestIncome": 0,
    "interestExpense": 143600000,
    "depreciationAndAmortization": 288800000,
    "ebitda": 647900000,
    "ebitdaratio": 0.4475993092,
    "operatingIncome": 358100000,
    "operatingIncomeRatio": 0.2473920553,
    "totalOtherIncomeExpensesNet": -142600000,
    "incomeBeforeTax": 215500000,
    "incomeBeforeTaxRatio": 0.1488773748,
    "incomeTaxExpense": 7400000,
    "netIncome": 207000000,
    "netIncomeRatio": 0.1430051813,
    "eps": 0.9,
    "epsdiluted": 0.9,
    "weightedAverageShsOut": 230300000,
    "weightedAverageShsOutDil": 230500000,
    "link": "https://www.sec.gov/Archives/edgar/data/1711269/000171126924000027/0001711269-24-000027-index.htm",
    "finalLink": "https://www.sec.gov/Archives/edgar/data/54476/000171126924000027/evrg-20240630.htm"
  },
  {
    "date": "2024-03-31",
    "symbol": "EVRG",
    "reportedCurrency": "USD",
    "cik": "0001711269",
    "fillingDate": "2024-05-09",
    "acceptedDate": "2024-05-08 17:47:33",
    "calendarYear": "2024",
    "period": "Q1",
    "revenue": 1331000000,
    "costOfRevenue": 680600000,
    "grossProfit": 650400000,
    "grossProfitRatio": 0.4886551465,
    "researchAndDevelopmentExpenses": 0,
    "generalAndAdministrativeExpenses": 4600000,
    "sellingAndMarketingExpenses": 0,
    "sellingGeneralAndAdministrativeExpenses": 4600000,
    "otherExpenses": 385600000,
    "operatingExpenses": 390200000,
    "costAndExpenses": 1070800000,
    "interestIncome": 0,
    "interestExpense": 133200000,
    "depreciationAndAmortization": 291800000,
    "ebitda": 556300000,
    "ebitdaratio": 0.4179564237,
    "operatingIncome": 260200000,
    "operatingIncomeRatio": 0.1954921112,
    "totalOtherIncomeExpensesNet": -128900000,
    "incomeBeforeTax": 131300000,
    "incomeBeforeTaxRatio": 0.0986476334,
    "incomeTaxExpense": 7300000,
    "netIncome": 122700000,
    "netIncomeRatio": 0.0921863261,
    "eps": 0.53,
    "epsdiluted": 0.53,
    "weightedAverageShsOut": 230200000,
    "weightedAverageShsOutDil": 230400000,
    "link": "https://www.sec.gov/Archives/edgar/data/1711269/000171126924000013/0001711269-24-000013-index.htm",
    "finalLink": "https://www.sec.gov/Archives/edgar/data/54476/000171126924000013/evrg-20240331.htm"
  },
  {
    "date": "2023-12-31",
    "symbol": "EVRG",
    "reportedCurrency": "USD",
    "cik": "0001711269",
    "fillingDate": "2023-12-31",
    "acceptedDate": "2023-12-30 19:00:00",
    "calendarYear": "2023",
    "period": "Q4",
    "revenue": 1187900000,
    "costOfRevenue": 636200000,
    "grossProfit": 551700000,
    "grossProfitRatio": 0.4644330331,
    "researchAndDevelopmentExpenses": 0,
    "generalAndAdministrativeExpenses": 0,
    "sellingAndMarketingExpenses": 0,
    "sellingGeneralAndAdministrativeExpenses": 0,
    "otherExpenses": 371100000,
    "operatingExpenses": 371100000,
    "costAndExpenses": 1007300000,
    "interestIncome": 0,
    "interestExpense": 132200000,
    "depreciationAndAmortization": 286000000,
    "ebitda": 460800000,
    "ebitdaratio": 0.3879114404,
    "operatingIncome": 180600000,
    "operatingIncomeRatio": 0.1520329994,
    "totalOtherIncomeExpensesNet": 0,
    "incomeBeforeTax": 44700000,
    "incomeBeforeTaxRatio": 0.0376294301,
    "incomeTaxExpense": -16400000,
    "netIncome": 58000000,
    "netIncomeRatio": 0.0488256587,
    "eps": 0.25,
    "epsdiluted": 0.25,
    "weightedAverageShsOut": 229729296,
    "weightedAverageShsOutDil": 229729296,
    "link": null,
    "finalLink": null
  },
  {
    "date": "2023-09-30",
    "symbol": "EVRG",
    "reportedCurrency": "USD",
    "cik": "0001711269",
    "fillingDate": "2023-11-07",
    "acceptedDate": "2023-11-06 17:42:54",
    "calendarYear": "2023",
    "period": "Q3",
    "revenue": 1669300000,
    "costOfRevenue": 807000000,
    "grossProfit": 862300000,
    "grossProfitRatio": 0.5165638291,
    "researchAndDevelopmentExpenses": 0,
    "generalAndAdministrativeExpenses": 5900000,
    "sellingAndMarketingExpenses": 0,
    "sellingGeneralAndAdministrativeExpenses": 5900000,
    "otherExpenses": 370500000,
    "operatingExpenses": 376400000,
    "costAndExpenses": 1183400000,
    "interestIncome": 0,
    "interestExpense": 136800000,
    "depreciationAndAmortization": 289500000,
    "ebitda": 788100000,
    "ebitdaratio": 0.4721140598,
    "operatingIncome": 485900000,
    "operatingIncomeRatio": 0.2910800935,
    "totalOtherIncomeExpensesNet": -124100000,
    "incomeBeforeTax": 361800000,
    "incomeBeforeTaxRatio": 0.2167375547,
    "incomeTaxExpense": 8800000,
    "netIncome": 351600000,
    "netIncomeRatio": 0.210627209,
    "eps": 1.53,
    "epsdiluted": 1.53,
    "weightedAverageShsOut": 230100000,
    "weightedAverageShsOutDil": 230500000,
    "link": "https://www.sec.gov/Archives/edgar/data/1711269/000171126923000041/0001711269-23-000041-index.htm",
    "finalLink": "https://www.sec.gov/Archives/edgar/data/54476/000171126923000041/evrg-20230930.htm"
  },
  {
    "date": "2023-06-30",
    "symbol": "EVRG",
    "reportedCurrency": "USD",
    "cik": "0001711269",
    "fillingDate": "2023-08-04",
    "acceptedDate": "2023-08-03 17:36:41",
    "calendarYear": "2023",
    "period": "Q2",
    "revenue": 1354200000,
    "costOfRevenue": 647800000,
    "grossProfit": 706400000,
    "grossProfitRatio": 0.5216363905,
    "researchAndDevelopmentExpenses": 0,
    "generalAndAdministrativeExpenses": 4600000,
    "sellingAndMarketingExpenses": 0,
    "sellingGeneralAndAdministrativeExpenses": 4600000,
    "otherExpenses": 365200000,
    "operatingExpenses": 369800000,
    "costAndExpenses": 1017600000,
    "interestIncome": 0,
    "interestExpense": 133700000,
    "depreciationAndAmortization": 284900000,
    "ebitda": 609800000,
    "ebitdaratio": 0.4503027618,
    "operatingIncome": 336600000,
    "operatingIncomeRatio": 0.2485600354,
    "totalOtherIncomeExpensesNet": -145400000,
    "incomeBeforeTax": 191200000,
    "incomeBeforeTaxRatio": 0.1411903707,
    "incomeTaxExpense": 10800000,
    "netIncome": 179100000,
    "netIncomeRatio": 0.132255206,
    "eps": 0.78,
    "epsdiluted": 0.78,
    "weightedAverageShsOut": 230100000,
    "weightedAverageShsOutDil": 230500000,
    "link": "https://www.sec.gov/Archives/edgar/data/1711269/000171126923000031/0001711269-23-000031-index.htm",
    "finalLink": "https://www.sec.gov/Archives/edgar/data/54476/000171126923000031/evrg-20230630.htm"
  },
  {
    "date": "2023-03-31",
    "symbol": "EVRG",
    "reportedCurrency": "USD",
    "cik": "0001711269",
    "fillingDate": "2023-05-05",
    "acceptedDate": "2023-05-04 17:35:28",
    "calendarYear": "2023",
    "period": "Q1",
    "revenue": 1296800000,
    "costOfRevenue": 651700000,
    "grossProfit": 645100000,
    "grossProfitRatio": 0.4974552745,
    "researchAndDevelopmentExpenses": 0,
    "generalAndAdministrativeExpenses": 14800000,
    "sellingAndMarketingExpenses": 0,
    "sellingGeneralAndAdministrativeExpenses": 14800000,
    "otherExpenses": 351000000,
    "operatingExpenses": 365800000,
    "costAndExpenses": 1017500000,
    "interestIncome": 0,
    "interestExpense": 123100000,
    "depreciationAndAmortization": 278500000,
    "ebitda": 557800000,
    "ebitdaratio": 0.4301357187,
    "operatingIncome": 279300000,
    "operatingIncomeRatio": 0.2153763109,
    "totalOtherIncomeExpensesNet": -123100000,
    "incomeBeforeTax": 156200000,
    "incomeBeforeTaxRatio": 0.1204503393,
    "incomeTaxExpense": 12400000,
    "netIncome": 142600000,
    "netIncomeRatio": 0.1099629858,
    "eps": 0.62,
    "epsdiluted": 0.62,
    "weightedAverageShsOut": 230000000,
    "weightedAverageShsOutDil": 230300000,
    "link": "https://www.sec.gov/Archives/edgar/data/1711269/000171126923000020/0001711269-23-000020-index.htm",
    "finalLink": "https://www.sec.gov/Archives/edgar/data/54476/000171126923000020/evrg-20230331.htm"
  },
  {
    "date": "2022-12-31",
    "symbol": "EVRG",
    "reportedCurrency": "USD",
    "cik": "0001711269",
    "fillingDate": "2023-02-24",
    "acceptedDate": "2023-02-23 17:36:43",
    "calendarYear": "2022",
    "period": "Q4",
    "revenue": 1279600000,
    "costOfRevenue": 820200000,
    "grossProfit": 459400000,
    "grossProfitRatio": 0.3590184433,
    "researchAndDevelopmentExpenses": 0,
    "generalAndAdministrativeExpenses": 0,
    "sellingAndMarketingExpenses": 0,
    "sellingGeneralAndAdministrativeExpenses": 0,
    "otherExpenses": 359200000,
    "operatingExpenses": 359200000,
    "costAndExpenses": 1179400000,
    "interestIncome": 0,
    "interestExpense": 110600000,
    "depreciationAndAmortization": 242900000,
    "ebitda": 326700000,
    "ebitdaratio": 0.2553141607,
    "operatingIncome": 100200000,
    "operatingIncomeRatio": 0.0783057205,
    "totalOtherIncomeExpensesNet": -127000000,
    "incomeBeforeTax": -26800000,
    "incomeBeforeTaxRatio": -0.020944045,
    "incomeTaxExpense": -35600000,
    "netIncome": 7500000,
    "netIncomeRatio": 0.0058612066,
    "eps": 0.0327,
    "epsdiluted": 0.0327,
    "weightedAverageShsOut": 229546105,
    "weightedAverageShsOutDil": 229546105,
    "link": "https://www.sec.gov/Archives/edgar/data/1711269/000171126923000011/0001711269-23-000011-index.htm",
    "finalLink": "https://www.sec.gov/Archives/edgar/data/54476/000171126923000011/evrg-20221231.htm"
  },
  {
    "date": "2022-09-30",
    "symbol": "EVRG",
    "reportedCurrency": "USD",
    "cik": "0001711269",
    "fillingDate": "2022-11-04",
    "acceptedDate": "2022-11-03 17:38:42",
    "calendarYear": "2022",
    "period": "Q3",
    "revenue": 1909100000,
    "costOfRevenue": 990800000,
    "grossProfit": 918300000,
    "grossProfitRatio": 0.4810119952,
    "researchAndDevelopmentExpenses": 0,
    "generalAndAdministrativeExpenses": 10200000,
    "sellingAndMarketingExpenses": 0,
    "sellingGeneralAndAdministrativeExpenses": 10200000,
    "otherExpenses": 329700000,
    "operatingExpenses": 339900000,
    "costAndExpenses": 1330700000,
    "interestIncome": 0,
    "interestExpense": 102300000,
    "depreciationAndAmortization": 249100000,
    "ebitda": 830100000,
    "ebitdaratio": 0.4348122152,
    "operatingIncome": 578400000,
    "operatingIncomeRatio": 0.3029699859,
    "totalOtherIncomeExpensesNet": -99700000,
    "incomeBeforeTax": 478700000,
    "incomeBeforeTaxRatio": 0.250746425,
    "incomeTaxExpense": 49500000,
    "netIncome": 428200000,
    "netIncomeRatio": 0.22429417,
    "eps": 1.86,
    "epsdiluted": 1.86,
    "weightedAverageShsOut": 229900000,
    "weightedAverageShsOutDil": 230600000,
    "link": "https://www.sec.gov/Archives/edgar/data/1711269/000171126922000049/0001711269-22-000049-index.htm",
    "finalLink": "https://www.sec.gov/Archives/edgar/data/54476/000171126922000049/evrg-20220930.htm"
  },
  {
    "date": "2022-06-30",
    "symbol": "EVRG",
    "reportedCurrency": "USD",
    "cik": "0001711269",
    "fillingDate": "2022-08-04",
    "acceptedDate": "2022-08-03 17:33:20",
    "calendarYear": "2022",
    "period": "Q2",
    "revenue": 1446500000,
    "costOfRevenue": 778600000,
    "grossProfit": 667900000,
    "grossProfitRatio": 0.461735223,
    "researchAndDevelopmentExpenses": 0,
    "generalAndAdministrativeExpenses": 17900000,
    "sellingAndMarketingExpenses": 0,
    "sellingGeneralAndAdministrativeExpenses": 17900000,
    "otherExpenses": 314500000,
    "operatingExpenses": 332400000,
    "costAndExpenses": 1111000000,
    "interestIncome": 0,
    "interestExpense": 99300000,
    "depreciationAndAmortization": 248100000,
    "ebitda": 565700000,
    "ebitdaratio": 0.3910819219,
    "operatingIncome": 335500000,
    "operatingIncomeRatio": 0.2319391635,
    "totalOtherIncomeExpensesNet": -117200000,
    "incomeBeforeTax": 218300000,
    "incomeBeforeTaxRatio": 0.1509160041,
    "incomeTaxExpense": 22100000,
    "netIncome": 194500000,
    "netIncomeRatio": 0.1344624957,
    "eps": 0.85,
    "epsdiluted": 0.84,
    "weightedAverageShsOut": 229900000,
    "weightedAverageShsOutDil": 230400000,
    "link": "https://www.sec.gov/Archives/edgar/data/1711269/000171126922000037/0001711269-22-000037-index.htm",
    "finalLink": "https://www.sec.gov/Archives/edgar/data/54476/000171126922000037/evrg-20220630.htm"
  },
  {
    "date": "2022-03-31",
    "symbol": "EVRG",
    "reportedCurrency": "USD",
    "cik": "0001711269",
    "fillingDate": "2022-05-05",
    "acceptedDate": "2022-05-04 17:34:17",
    "calendarYear": "2022",
    "period": "Q1",
    "revenue": 1223900000,
    "costOfRevenue": 639900000,
    "grossProfit": 584000000,
    "grossProfitRatio": 0.4771631669,
    "researchAndDevelopmentExpenses": 0,
    "generalAndAdministrativeExpenses": 18400000,
    "sellingAndMarketingExpenses": 0,
    "sellingGeneralAndAdministrativeExpenses": 18400000,
    "otherExpenses": 312500000,
    "operatingExpenses": 330900000,
    "costAndExpenses": 970800000,
    "interestIncome": 0,
    "interestExpense": 91800000,
    "depreciationAndAmortization": 244800000,
    "ebitda": 471600000,
    "ebitdaratio": 0.3853255985,
    "operatingIncome": 253100000,
    "operatingIncomeRatio": 0.206797941,
    "totalOtherIncomeExpensesNet": -118100000,
    "incomeBeforeTax": 135000000,
    "incomeBeforeTaxRatio": 0.1103031293,
    "incomeTaxExpense": 11500000,
    "netIncome": 122500000,
    "netIncomeRatio": 0.1000898766,
    "eps": 0.53,
    "epsdiluted": 0.53,
    "weightedAverageShsOut": 229800000,
    "weightedAverageShsOutDil": 230200000,
    "link": "https://www.sec.gov/Archives/edgar/data/1711269/000171126922000018/0001711269-22-000018-index.htm",
    "finalLink": "https://www.sec.gov/Archives/edgar/data/54476/000171126922000018/evrg-20220331.htm"
  },
  {
    "date": "2021-12-31",
    "symbol": "EVRG",
    "reportedCurrency": "USD",
    "cik": "0001711269",
    "fillingDate": "2022-02-25",
    "acceptedDate": "2022-02-24 17:47:20",
    "calendarYear": "2021",
    "period": "Q4",
    "revenue": 1122100000,
    "costOfRevenue": 662500000,
    "grossProfit": 459600000,
    "grossProfitRatio": 0.4095891632,
    "researchAndDevelopmentExpenses": 0,
    "generalAndAdministrativeExpenses": 0,
    "sellingAndMarketingExpenses": 0,
    "sellingGeneralAndAdministrativeExpenses": 0,
    "otherExpenses": 318400000,
    "operatingExpenses": 318400000,
    "costAndExpenses": 980900000,
    "interestIncome": 0,
    "interestExpense": 91200000,
    "depreciationAndAmortization": 242600000,
    "ebitda": 405800000,
    "ebitdaratio": 0.3616433473,
    "operatingIncome": 141200000,
    "operatingIncomeRatio": 0.125835487,
    "totalOtherIncomeExpensesNet": -69200000,
    "incomeBeforeTax": 72000000,
    "incomeBeforeTaxRatio": 0.0641654042,
    "incomeTaxExpense": 17600000,
    "netIncome": 53400000,
    "netIncomeRatio": 0.0475893414,
    "eps": 0.24,
    "epsdiluted": 0.24,
    "weightedAverageShsOut": 229000000,
    "weightedAverageShsOutDil": 229600000,
    "link": "https://www.sec.gov/Archives/edgar/data/1711269/000171126922000008/0001711269-22-000008-index.htm",
    "finalLink": "https://www.sec.gov/Archives/edgar/data/54476/000171126922000008/evrg-20211231.htm"
  },
  {
    "date": "2021-09-30",
    "symbol": "EVRG",
    "reportedCurrency": "USD",
    "cik": "0001711269",
    "fillingDate": "2021-11-03",
    "acceptedDate": "2021-11-02 17:34:10",
    "calendarYear": "2021",
    "period": "Q3",
    "revenue": 1616500000,
    "costOfRevenue": 694600000,
    "grossProfit": 921900000,
    "grossProfitRatio": 0.5703062171,
    "researchAndDevelopmentExpenses": 0,
    "generalAndAdministrativeExpenses": 12800000,
    "sellingAndMarketingExpenses": 0,
    "sellingGeneralAndAdministrativeExpenses": 12800000,
    "otherExpenses": 308400000,
    "operatingExpenses": 321200000,
    "costAndExpenses": 1015800000,
    "interestIncome": 0,
    "interestExpense": 93600000,
    "depreciationAndAmortization": 240900000,
    "ebitda": 842200000,
    "ebitdaratio": 0.5210021652,
    "operatingIncome": 600700000,
    "operatingIncomeRatio": 0.3716053201,
    "totalOtherIncomeExpensesNet": -93000000,
    "incomeBeforeTax": 507700000,
    "incomeBeforeTaxRatio": 0.3140736158,
    "incomeTaxExpense": 57200000,
    "netIncome": 449400000,
    "netIncomeRatio": 0.2780080421,
    "eps": 1.96,
    "epsdiluted": 1.95,
    "weightedAverageShsOut": 229700000,
    "weightedAverageShsOutDil": 230200000,
    "link": "https://www.sec.gov/Archives/edgar/data/1711269/000171126921000062/0001711269-21-000062-index.htm",
    "finalLink": "https://www.sec.gov/Archives/edgar/data/54476/000171126921000062/evrg-20210930.htm"
  },
  {
    "date": "2021-06-30",
    "symbol": "EVRG",
    "reportedCurrency": "USD",
    "cik": "0001711269",
    "fillingDate": "2021-08-05",
    "acceptedDate": "2021-08-04 17:36:26",
    "calendarYear": "2021",
    "period": "Q2",
    "revenue": 1236200000,
    "costOfRevenue": 617800000,
    "grossProfit": 618400000,
    "grossProfitRatio": 0.5002426792,
    "researchAndDevelopmentExpenses": 0,
    "generalAndAdministrativeExpenses": 13800000,
    "sellingAndMarketingExpenses": 0,
    "sellingGeneralAndAdministrativeExpenses": 13800000,
    "otherExpenses": 309300000,
    "operatingExpenses": 323100000,
    "costAndExpenses": 940900000,
    "interestIncome": 0,
    "interestExpense": 93800000,
    "depreciationAndAmortization": 231700000,
    "ebitda": 531300000,
    "ebitdaratio": 0.4297848245,
    "operatingIncome": 295300000,
    "operatingIncomeRatio": 0.2388772043,
    "totalOtherIncomeExpensesNet": -89500000,
    "incomeBeforeTax": 205800000,
    "incomeBeforeTaxRatio": 0.1664779162,
    "incomeTaxExpense": 19600000,
    "netIncome": 185300000,
    "netIncomeRatio": 0.149894839,
    "eps": 0.81,
    "epsdiluted": 0.81,
    "weightedAverageShsOut": 229300000,
    "weightedAverageShsOutDil": 229700000,
    "link": "https://www.sec.gov/Archives/edgar/data/1711269/000171126921000051/0001711269-21-000051-index.htm",
    "finalLink": "https://www.sec.gov/Archives/edgar/data/54476/000171126921000051/evrg-20210630.htm"
  },
  {
    "date": "2021-03-31",
    "symbol": "EVRG",
    "reportedCurrency": "USD",
    "cik": "0001711269",
    "fillingDate": "2021-05-06",
    "acceptedDate": "2021-05-05 17:33:55",
    "calendarYear": "2021",
    "period": "Q1",
    "revenue": 1611900000,
    "costOfRevenue": 980000000,
    "grossProfit": 631900000,
    "grossProfitRatio": 0.3920218376,
    "researchAndDevelopmentExpenses": 0,
    "generalAndAdministrativeExpenses": 14800000,
    "sellingAndMarketingExpenses": 0,
    "sellingGeneralAndAdministrativeExpenses": 14800000,
    "otherExpenses": 299400000,
    "operatingExpenses": 314200000,
    "costAndExpenses": 1294200000,
    "interestIncome": 0,
    "interestExpense": 94000000,
    "depreciationAndAmortization": 232600000,
    "ebitda": 542200000,
    "ebitdaratio": 0.3363732241,
    "operatingIncome": 317700000,
    "operatingIncomeRatio": 0.1970965941,
    "totalOtherIncomeExpensesNet": -102100000,
    "incomeBeforeTax": 215600000,
    "incomeBeforeTaxRatio": 0.1337551957,
    "incomeTaxExpense": 23000000,
    "netIncome": 191600000,
    "netIncomeRatio": 0.1188659346,
    "eps": 0.84,
    "epsdiluted": 0.84,
    "weightedAverageShsOut": 227300000,
    "weightedAverageShsOutDil": 227600000,
    "link": "https://www.sec.gov/Archives/edgar/data/1711269/000171126921000039/0001711269-21-000039-index.htm",
    "finalLink": "https://www.sec.gov/Archives/edgar/data/54476/000171126921000039/evrg-20210331.htm"
  },
  {
    "date": "2020-12-31",
    "symbol": "EVRG",
    "reportedCurrency": "USD",
    "cik": "0001711269",
    "fillingDate": "2021-02-26",
    "acceptedDate": "2021-02-26 06:13:21",
    "calendarYear": "2020",
    "period": "Q4",
    "revenue": 1094400000,
    "costOfRevenue": 629400000,
    "grossProfit": 465000000,
    "grossProfitRatio": 0.4248903509,
    "researchAndDevelopmentExpenses": 0,
    "generalAndAdministrativeExpenses": 0,
    "sellingAndMarketingExpenses": 0,
    "sellingGeneralAndAdministrativeExpenses": 0,
    "otherExpenses": 312000000,
    "operatingExpenses": 312000000,
    "costAndExpenses": 941400000,
    "interestIncome": 0,
    "interestExpense": 93400000,
    "depreciationAndAmortization": 236500000,
    "ebitda": 390100000,
    "ebitdaratio": 0.3564510234,
    "operatingIncome": 153000000,
    "operatingIncomeRatio": 0.1398026316,
    "totalOtherIncomeExpensesNet": -92800000,
    "incomeBeforeTax": 60200000,
    "incomeBeforeTaxRatio": 0.0550073099,
    "incomeTaxExpense": 8400000,
    "netIncome": 51000000,
    "netIncomeRatio": 0.0466008772,
    "eps": 0.22,
    "epsdiluted": 0.22,
    "weightedAverageShsOut": 227200000,
    "weightedAverageShsOutDil": 227500000,
    "link": "https://www.sec.gov/Archives/edgar/data/1711269/000171126921000023/0001711269-21-000023-index.htm",
    "finalLink": "https://www.sec.gov/Archives/edgar/data/54476/000171126921000023/evrg-20201231.htm"
  },
  {
    "date": "2020-09-30",
    "symbol": "EVRG",
    "reportedCurrency": "USD",
    "cik": "0001711269",
    "fillingDate": "2020-11-05",
    "acceptedDate": "2020-11-04 19:43:34",
    "calendarYear": "2020",
    "period": "Q3",
    "revenue": 1517600000,
    "costOfRevenue": 686900000,
    "grossProfit": 830700000,
    "grossProfitRatio": 0.5473774381,
    "researchAndDevelopmentExpenses": 0,
    "generalAndAdministrativeExpenses": 13700000,
    "sellingAndMarketingExpenses": 0,
    "sellingGeneralAndAdministrativeExpenses": 13700000,
    "otherExpenses": 295300000,
    "operatingExpenses": 309000000,
    "costAndExpenses": 995900000,
    "interestIncome": 0,
    "interestExpense": 94800000,
    "depreciationAndAmortization": 232800000,
    "ebitda": 743200000,
    "ebitdaratio": 0.4897206115,
    "operatingIncome": 521700000,
    "operatingIncomeRatio": 0.3437664734,
    "totalOtherIncomeExpensesNet": -106100000,
    "incomeBeforeTax": 415600000,
    "incomeBeforeTaxRatio": 0.2738534528,
    "incomeTaxExpense": 50000000,
    "netIncome": 364500000,
    "netIncomeRatio": 0.2401818661,
    "eps": 1.6,
    "epsdiluted": 1.6,
    "weightedAverageShsOut": 227300000,
    "weightedAverageShsOutDil": 227500000,
    "link": "https://www.sec.gov/Archives/edgar/data/1711269/000171126920000060/0001711269-20-000060-index.htm",
    "finalLink": "https://www.sec.gov/Archives/edgar/data/54476/000171126920000060/evrg-20200930.htm"
  },
  {
    "date": "2020-06-30",
    "symbol": "EVRG",
    "reportedCurrency": "USD",
    "cik": "0001711269",
    "fillingDate": "2020-08-05",
    "acceptedDate": "2020-08-05 07:14:05",
    "calendarYear": "2020",
    "period": "Q2",
    "revenue": 1184700000,
    "costOfRevenue": 600500000,
    "grossProfit": 584200000,
    "grossProfitRatio": 0.4931206213,
    "researchAndDevelopmentExpenses": 0,
    "generalAndAdministrativeExpenses": 13800000,
    "sellingAndMarketingExpenses": 0,
    "sellingGeneralAndAdministrativeExpenses": 13800000,
    "otherExpenses": 298700000,
    "operatingExpenses": 312500000,
    "costAndExpenses": 913000000,
    "interestIncome": 0,
    "interestExpense": 99500000,
    "depreciationAndAmortization": 236200000,
    "ebitda": 503700000,
    "ebitdaratio": 0.4251709293,
    "operatingIncome": 271700000,
    "operatingIncomeRatio": 0.2293407614,
    "totalOtherIncomeExpensesNet": -103700000,
    "incomeBeforeTax": 168000000,
    "incomeBeforeTaxRatio": 0.1418080527,
    "incomeTaxExpense": 33700000,
    "netIncome": 133400000,
    "netIncomeRatio": 0.1126023466,
    "eps": 0.59,
    "epsdiluted": 0.59,
    "weightedAverageShsOut": 227200000,
    "weightedAverageShsOutDil": 227600000,
    "link": "https://www.sec.gov/Archives/edgar/data/1711269/000171126920000045/0001711269-20-000045-index.htm",
    "finalLink": "https://www.sec.gov/Archives/edgar/data/54476/000171126920000045/evrg-630202010q.htm"
  },
  {
    "date": "2020-03-31",
    "symbol": "EVRG",
    "reportedCurrency": "USD",
    "cik": "0001711269",
    "fillingDate": "2020-05-06",
    "acceptedDate": "2020-05-06 16:40:33",
    "calendarYear": "2020",
    "period": "Q1",
    "revenue": 1116700000,
    "costOfRevenue": 608400000,
    "grossProfit": 508300000,
    "grossProfitRatio": 0.4551804424,
    "researchAndDevelopmentExpenses": 0,
    "generalAndAdministrativeExpenses": 0,
    "sellingAndMarketingExpenses": 0,
    "sellingGeneralAndAdministrativeExpenses": 0,
    "otherExpenses": 310800000,
    "operatingExpenses": 310800000,
    "costAndExpenses": 919200000,
    "interestIncome": 0,
    "interestExpense": 96200000,
    "depreciationAndAmortization": 232900000,
    "ebitda": 409200000,
    "ebitdaratio": 0.3664368228,
    "operatingIncome": 197500000,
    "operatingIncomeRatio": 0.1768603922,
    "totalOtherIncomeExpensesNet": -117400000,
    "incomeBeforeTax": 80100000,
    "incomeBeforeTaxRatio": 0.0717292021,
    "incomeTaxExpense": 10100000,
    "netIncome": 69400000,
    "netIncomeRatio": 0.0621473986,
    "eps": 0.31,
    "epsdiluted": 0.31,
    "weightedAverageShsOut": 227100000,
    "weightedAverageShsOutDil": 227500000,
    "link": "https://www.sec.gov/Archives/edgar/data/1711269/000171126920000031/0001711269-20-000031-index.htm",
    "finalLink": "https://www.sec.gov/Archives/edgar/data/54476/000171126920000031/evrg-331202010q.htm"
  },
  {
    "date": "2019-12-31",
    "symbol": "EVRG",
    "reportedCurrency": "USD",
    "cik": "0001711269",
    "fillingDate": "2020-03-02",
    "acceptedDate": "2020-03-02 06:47:35",
    "calendarYear": "2019",
    "period": "Q4",
    "revenue": 1131600000,
    "costOfRevenue": 660100000,
    "grossProfit": 471500000,
    "grossProfitRatio": 0.4166666667,
    "researchAndDevelopmentExpenses": 0,
    "generalAndAdministrativeExpenses": 0,
    "sellingAndMarketingExpenses": 0,
    "sellingGeneralAndAdministrativeExpenses": 0,
    "otherExpenses": 305700000,
    "operatingExpenses": 305700000,
    "costAndExpenses": 965800000,
    "interestIncome": 0,
    "interestExpense": 96700000,
    "depreciationAndAmortization": -218300000,
    "ebitda": 384700000,
    "ebitdaratio": 0.339961117,
    "operatingIncome": 165800000,
    "operatingIncomeRatio": 0.1465182043,
    "totalOtherIncomeExpensesNet": -103200000,
    "incomeBeforeTax": 62600000,
    "incomeBeforeTaxRatio": 0.055319901,
    "incomeTaxExpense": -2200000,
    "netIncome": 63900000,
    "netIncomeRatio": 0.0564687169,
    "eps": 0.27,
    "epsdiluted": 0.27,
    "weightedAverageShsOut": 239500000,
    "weightedAverageShsOutDil": 239900000,
    "link": "https://www.sec.gov/Archives/edgar/data/1711269/000171126920000012/0001711269-20-000012-index.htm",
    "finalLink": "https://www.sec.gov/Archives/edgar/data/54476/000171126920000012/evrg-12312019x10k.htm"
  },
  {
    "date": "2019-09-30",
    "symbol": "EVRG",
    "reportedCurrency": "USD",
    "cik": "0001711269",
    "fillingDate": "2019-11-06",
    "acceptedDate": "2019-11-06 16:37:07",
    "calendarYear": "2019",
    "period": "Q3",
    "revenue": 1577600000,
    "costOfRevenue": 731300000,
    "grossProfit": 846300000,
    "grossProfitRatio": 0.5364477688,
    "researchAndDevelopmentExpenses": 0,
    "generalAndAdministrativeExpenses": 0,
    "sellingAndMarketingExpenses": 0,
    "sellingGeneralAndAdministrativeExpenses": 0,
    "otherExpenses": 307600000,
    "operatingExpenses": 307600000,
    "costAndExpenses": 1038900000,
    "interestIncome": 0,
    "interestExpense": 90800000,
    "depreciationAndAmortization": 229300000,
    "ebitda": 752900000,
    "ebitdaratio": 0.4772439148,
    "operatingIncome": 538700000,
    "operatingIncomeRatio": 0.3414680527,
    "totalOtherIncomeExpensesNet": -105900000,
    "incomeBeforeTax": 432800000,
    "incomeBeforeTaxRatio": 0.2743407708,
    "incomeTaxExpense": 65500000,
    "netIncome": 366800000,
    "netIncomeRatio": 0.232505071,
    "eps": 1.56,
    "epsdiluted": 1.56,
    "weightedAverageShsOut": 234600000,
    "weightedAverageShsOutDil": 235000000,
    "link": "https://www.sec.gov/Archives/edgar/data/1711269/000171126919000063/0001711269-19-000063-index.htm",
    "finalLink": "https://www.sec.gov/Archives/edgar/data/54476/000171126919000063/evrg-9302019x10q.htm"
  },
  {
    "date": "2019-06-30",
    "symbol": "EVRG",
    "reportedCurrency": "USD",
    "cik": "0001711269",
    "fillingDate": "2019-08-07",
    "acceptedDate": "2019-08-07 16:39:27",
    "calendarYear": "2019",
    "period": "Q2",
    "revenue": 1221700000,
    "costOfRevenue": 643000000,
    "grossProfit": 578700000,
    "grossProfitRatio": 0.4736842105,
    "researchAndDevelopmentExpenses": 0,
    "generalAndAdministrativeExpenses": 0,
    "sellingAndMarketingExpenses": 0,
    "sellingGeneralAndAdministrativeExpenses": 0,
    "otherExpenses": 307000000,
    "operatingExpenses": 307000000,
    "costAndExpenses": 950000000,
    "interestIncome": 0,
    "interestExpense": 95400000,
    "depreciationAndAmortization": 230200000,
    "ebitda": 492500000,
    "ebitdaratio": 0.4031267905,
    "operatingIncome": 271700000,
    "operatingIncomeRatio": 0.2223950233,
    "totalOtherIncomeExpensesNet": -104800000,
    "incomeBeforeTax": 166900000,
    "incomeBeforeTaxRatio": 0.1366129164,
    "incomeTaxExpense": 24400000,
    "netIncome": 139700000,
    "netIncomeRatio": 0.1143488581,
    "eps": 0.57,
    "epsdiluted": 0.57,
    "weightedAverageShsOut": 243200000,
    "weightedAverageShsOutDil": 243400000,
    "link": "https://www.sec.gov/Archives/edgar/data/1711269/000171126919000048/0001711269-19-000048-index.htm",
    "finalLink": "https://www.sec.gov/Archives/edgar/data/54476/000171126919000048/evrg-6302019x10q.htm"
  },
  {
    "date": "2019-03-31",
    "symbol": "EVRG",
    "reportedCurrency": "USD",
    "cik": "0001711269",
    "fillingDate": "2019-05-08",
    "acceptedDate": "2019-05-08 16:36:49",
    "calendarYear": "2019",
    "period": "Q1",
    "revenue": 1216900000,
    "costOfRevenue": 700400000,
    "grossProfit": 516500000,
    "grossProfitRatio": 0.4244391487,
    "researchAndDevelopmentExpenses": 0,
    "generalAndAdministrativeExpenses": 0,
    "sellingAndMarketingExpenses": 0,
    "sellingGeneralAndAdministrativeExpenses": 0,
    "otherExpenses": 306900000,
    "operatingExpenses": 306900000,
    "costAndExpenses": 1007300000,
    "interestIncome": 0,
    "interestExpense": 91100000,
    "depreciationAndAmortization": 228200000,
    "ebitda": 429800000,
    "ebitdaratio": 0.3531925384,
    "operatingIncome": 209600000,
    "operatingIncomeRatio": 0.1722409401,
    "totalOtherIncomeExpensesNet": -99100000,
    "incomeBeforeTax": 110500000,
    "incomeBeforeTaxRatio": 0.0908045032,
    "incomeTaxExpense": 9300000,
    "netIncome": 99500000,
    "netIncomeRatio": 0.0817651409,
    "eps": 0.39,
    "epsdiluted": 0.39,
    "weightedAverageShsOut": 252800000,
    "weightedAverageShsOutDil": 253000000,
    "link": "https://www.sec.gov/Archives/edgar/data/1711269/000171126919000034/0001711269-19-000034-index.htm",
    "finalLink": "https://www.sec.gov/Archives/edgar/data/54476/000171126919000034/evrg-3312019x10q.htm"
  },
  {
    "date": "2018-12-31",
    "symbol": "EVRG",
    "reportedCurrency": "USD",
    "cik": "0001711269",
    "fillingDate": "2019-02-22",
    "acceptedDate": "2019-02-21 18:10:50",
    "calendarYear": "2018",
    "period": "Q4",
    "revenue": 1199800000,
    "costOfRevenue": 756900000,
    "grossProfit": 442900000,
    "grossProfitRatio": 0.3691448575,
    "researchAndDevelopmentExpenses": 0,
    "generalAndAdministrativeExpenses": 0,
    "sellingAndMarketingExpenses": 0,
    "sellingGeneralAndAdministrativeExpenses": 0,
    "otherExpenses": 292800000,
    "operatingExpenses": 292800000,
    "costAndExpenses": 1049700000,
    "interestIncome": 0,
    "interestExpense": 88300000,
    "depreciationAndAmortization": 222200000,
    "ebitda": 361600000,
    "ebitdaratio": 0.3013835639,
    "operatingIncome": 150100000,
    "operatingIncomeRatio": 0.125104184,
    "totalOtherIncomeExpensesNet": -99000000,
    "incomeBeforeTax": 51100000,
    "incomeBeforeTaxRatio": 0.0425904317,
    "incomeTaxExpense": 30700000,
    "netIncome": 18500000,
    "netIncomeRatio": 0.0154192365,
    "eps": 0.0865,
    "epsdiluted": 0.0864,
    "weightedAverageShsOut": 213900000,
    "weightedAverageShsOutDil": 214100000,
    "link": "https://www.sec.gov/Archives/edgar/data/1711269/000171126919000013/0001711269-19-000013-index.htm",
    "finalLink": "https://www.sec.gov/Archives/edgar/data/54476/000171126919000013/evrg-12312018x10k.htm"
  },
  {
    "date": "2018-09-30",
    "symbol": "EVRG",
    "reportedCurrency": "USD",
    "cik": "0001711269",
    "fillingDate": "2018-11-07",
    "acceptedDate": "2018-11-07 17:04:42",
    "calendarYear": "2018",
    "period": "Q3",
    "revenue": 1582500000,
    "costOfRevenue": 772500000,
    "grossProfit": 810000000,
    "grossProfitRatio": 0.5118483412,
    "researchAndDevelopmentExpenses": 0,
    "generalAndAdministrativeExpenses": 0,
    "sellingAndMarketingExpenses": 0,
    "sellingGeneralAndAdministrativeExpenses": 0,
    "otherExpenses": 276900000,
    "operatingExpenses": 276900000,
    "costAndExpenses": 1049400000,
    "interestIncome": 0,
    "interestExpense": 89100000,
    "depreciationAndAmortization": 208800000,
    "ebitda": 717600000,
    "ebitdaratio": 0.4534597156,
    "operatingIncome": 533100000,
    "operatingIncomeRatio": 0.3368720379,
    "totalOtherIncomeExpensesNet": -123700000,
    "incomeBeforeTax": 419700000,
    "incomeBeforeTaxRatio": 0.2652132701,
    "incomeTaxExpense": 64100000,
    "netIncome": 355000000,
    "netIncomeRatio": 0.224328594,
    "eps": 1.32,
    "epsdiluted": 1.32,
    "weightedAverageShsOut": 268600000,
    "weightedAverageShsOutDil": 268800000,
    "link": "https://www.sec.gov/Archives/edgar/data/1711269/000171126918000022/0001711269-18-000022-index.htm",
    "finalLink": "https://www.sec.gov/Archives/edgar/data/54476/000171126918000022/evrg-09302018x10q.htm"
  },
  {
    "date": "2018-06-30",
    "symbol": "EVRG",
    "reportedCurrency": "USD",
    "cik": "0001711269",
    "fillingDate": "2018-08-08",
    "acceptedDate": "2018-08-08 17:11:07",
    "calendarYear": "2018",
    "period": "Q2",
    "revenue": 893400000,
    "costOfRevenue": 581900000,
    "grossProfit": 311500000,
    "grossProfitRatio": 0.3486680099,
    "researchAndDevelopmentExpenses": 0,
    "generalAndAdministrativeExpenses": 0,
    "sellingAndMarketingExpenses": 0,
    "sellingGeneralAndAdministrativeExpenses": 0,
    "otherExpenses": 184600000,
    "operatingExpenses": 184600000,
    "costAndExpenses": 766500000,
    "interestIncome": 0,
    "interestExpense": 58400000,
    "depreciationAndAmortization": 134043000,
    "ebitda": 250500000,
    "ebitdaratio": 0.2803895232,
    "operatingIncome": 126900000,
    "operatingIncomeRatio": 0.1420416387,
    "totalOtherIncomeExpensesNet": -18100000,
    "incomeBeforeTax": 58000000,
    "incomeBeforeTaxRatio": 0.0649205283,
    "incomeTaxExpense": -45000000,
    "netIncome": 101800000,
    "netIncomeRatio": 0.1139467204,
    "eps": 0.56,
    "epsdiluted": 0.56,
    "weightedAverageShsOut": 180900000,
    "weightedAverageShsOutDil": 181000000,
    "link": "https://www.sec.gov/Archives/edgar/data/1711269/000171126918000012/0001711269-18-000012-index.htm",
    "finalLink": "https://www.sec.gov/Archives/edgar/data/54476/000171126918000012/evrg-06302018x10q.htm"
  },
  {
    "date": "2018-03-31",
    "symbol": "EVRG",
    "reportedCurrency": "USD",
    "cik": "0001711269",
    "fillingDate": "2018-03-31",
    "acceptedDate": "2018-03-30 20:00:00",
    "calendarYear": "2018",
    "period": "Q1",
    "revenue": 600200000,
    "costOfRevenue": 343200000,
    "grossProfit": 257000000,
    "grossProfitRatio": 0.4281906031,
    "researchAndDevelopmentExpenses": 0,
    "generalAndAdministrativeExpenses": 0,
    "sellingAndMarketingExpenses": 0,
    "sellingGeneralAndAdministrativeExpenses": 0,
    "otherExpenses": 133500000,
    "operatingExpenses": 133500000,
    "costAndExpenses": 476700000,
    "interestIncome": 0,
    "interestExpense": 43800000,
    "depreciationAndAmortization": 97357000,
    "ebitda": 211800000,
    "ebitdaratio": 0.3528823725,
    "operatingIncome": 123530000,
    "operatingIncomeRatio": 0.2058147284,
    "totalOtherIncomeExpensesNet": -51422000,
    "incomeBeforeTax": 72078000,
    "incomeBeforeTaxRatio": 0.12008997,
    "incomeTaxExpense": 9174000,
    "netIncome": 60485000,
    "netIncomeRatio": 0.1007747418,
    "eps": 0.42,
    "epsdiluted": 0.42,
    "weightedAverageShsOut": 142600000,
    "weightedAverageShsOutDil": 142700000,
    "link": "",
    "finalLink": ""
  },
  {
    "date": "2017-12-31",
    "symbol": "EVRG",
    "reportedCurrency": "USD",
    "cik": "0001711269",
    "fillingDate": "2017-12-31",
    "acceptedDate": "2017-12-30 19:00:00",
    "calendarYear": "2017",
    "period": "Q4",
    "revenue": 594781000,
    "costOfRevenue": 274665000,
    "grossProfit": 320116000,
    "grossProfitRatio": 0.5382081808,
    "researchAndDevelopmentExpenses": 0,
    "generalAndAdministrativeExpenses": 0,
    "sellingAndMarketingExpenses": 0,
    "sellingGeneralAndAdministrativeExpenses": 67200000,
    "otherExpenses": 135634000,
    "operatingExpenses": 202834000,
    "costAndExpenses": 477499000,
    "interestIncome": 0,
    "interestExpense": 42769000,
    "depreciationAndAmortization": 94424000,
    "ebitda": 220114000,
    "ebitdaratio": 0.3700757085,
    "operatingIncome": 117282000,
    "operatingIncomeRatio": 0.1971851824,
    "totalOtherIncomeExpensesNet": -42379000,
    "incomeBeforeTax": 74902000,
    "incomeBeforeTaxRatio": 0.1259320658,
    "incomeTaxExpense": 38596000,
    "netIncome": 33888000,
    "netIncomeRatio": 0.0569755927,
    "eps": 0.24,
    "epsdiluted": 0.24,
    "weightedAverageShsOut": 142479000,
    "weightedAverageShsOutDil": 142585000,
    "link": "",
    "finalLink": ""
  },
  {
    "date": "2017-09-30",
    "symbol": "EVRG",
    "reportedCurrency": "USD",
    "cik": "0001711269",
    "fillingDate": "2017-09-30",
    "acceptedDate": "2017-09-29 20:00:00",
    "calendarYear": "2017",
    "period": "Q3",
    "revenue": 794300000,
    "costOfRevenue": 393000000,
    "grossProfit": 401300000,
    "grossProfitRatio": 0.5052247262,
    "researchAndDevelopmentExpenses": 0,
    "generalAndAdministrativeExpenses": 0,
    "sellingAndMarketingExpenses": 0,
    "sellingGeneralAndAdministrativeExpenses": 65630000,
    "otherExpenses": 70770000,
    "operatingExpenses": 136400000,
    "costAndExpenses": 529400000,
    "interestIncome": 0,
    "interestExpense": 43400000,
    "depreciationAndAmortization": 102869000,
    "ebitda": 361200000,
    "ebitdaratio": 0.4547400227,
    "operatingIncome": 259976000,
    "operatingIncomeRatio": 0.3273020269,
    "totalOtherIncomeExpensesNet": -43509000,
    "incomeBeforeTax": 216467000,
    "incomeBeforeTaxRatio": 0.2725254941,
    "incomeTaxExpense": 55743000,
    "netIncome": 158306000,
    "netIncomeRatio": 0.1993025305,
    "eps": 1.11,
    "epsdiluted": 1.11,
    "weightedAverageShsOut": 142500000,
    "weightedAverageShsOutDil": 142500000,
    "link": "",
    "finalLink": ""
  },
  {
    "date": "2017-06-30",
    "symbol": "EVRG",
    "reportedCurrency": "USD",
    "cik": "0001711269",
    "fillingDate": "2017-06-30",
    "acceptedDate": "2017-06-29 20:00:00",
    "calendarYear": "2017",
    "period": "Q2",
    "revenue": 609300000,
    "costOfRevenue": 313200000,
    "grossProfit": 296100000,
    "grossProfitRatio": 0.4859675037,
    "researchAndDevelopmentExpenses": 0,
    "generalAndAdministrativeExpenses": 0,
    "sellingAndMarketingExpenses": 0,
    "sellingGeneralAndAdministrativeExpenses": 57579000,
    "otherExpenses": 78321000,
    "operatingExpenses": 135900000,
    "costAndExpenses": 449100000,
    "interestIncome": 0,
    "interestExpense": 43700000,
    "depreciationAndAmortization": 101909000,
    "ebitda": 256006000,
    "ebitdaratio": 0.4201641228,
    "operatingIncome": 155112000,
    "operatingIncomeRatio": 0.2545741014,
    "totalOtherIncomeExpensesNet": -43467000,
    "incomeBeforeTax": 111945000,
    "incomeBeforeTaxRatio": 0.183727228,
    "incomeTaxExpense": 35906000,
    "netIncome": 72065000,
    "netIncomeRatio": 0.1182750698,
    "eps": 0.5,
    "epsdiluted": 0.5,
    "weightedAverageShsOut": 142500000,
    "weightedAverageShsOutDil": 142600000,
    "link": "",
    "finalLink": ""
  },
  {
    "date": "2017-03-31",
    "symbol": "EVRG",
    "reportedCurrency": "USD",
    "cik": "0001711269",
    "fillingDate": "2017-03-31",
    "acceptedDate": "2017-03-30 20:00:00",
    "calendarYear": "2017",
    "period": "Q1",
    "revenue": 572574000,
    "costOfRevenue": 309848000,
    "grossProfit": 262726000,
    "grossProfitRatio": 0.4588507337,
    "researchAndDevelopmentExpenses": 0,
    "generalAndAdministrativeExpenses": 0,
    "sellingAndMarketingExpenses": 0,
    "sellingGeneralAndAdministrativeExpenses": 59157000,
    "otherExpenses": 72184000,
    "operatingExpenses": 131341000,
    "costAndExpenses": 441189000,
    "interestIncome": 0,
    "interestExpense": 41095000,
    "depreciationAndAmortization": 96694000,
    "ebitda": 222182000,
    "ebitdaratio": 0.3880406725,
    "operatingIncome": 126349000,
    "operatingIncomeRatio": 0.2206684202,
    "totalOtherIncomeExpensesNet": -46992000,
    "incomeBeforeTax": 84393000,
    "incomeBeforeTaxRatio": 0.1473923021,
    "incomeTaxExpense": 20911000,
    "netIncome": 59661000,
    "netIncomeRatio": 0.1041978853,
    "eps": 0.42,
    "epsdiluted": 0.42,
    "weightedAverageShsOut": 142436622,
    "weightedAverageShsOutDil": 142695606,
    "link": "",
    "finalLink": ""
  },
  {
    "date": "2016-12-31",
    "symbol": "EVRG",
    "reportedCurrency": "USD",
    "cik": "0001711269",
    "fillingDate": "2016-12-31",
    "acceptedDate": "2016-12-30 19:00:00",
    "calendarYear": "2016",
    "period": "Q4",
    "revenue": 606535000,
    "costOfRevenue": 290151000,
    "grossProfit": 316384000,
    "grossProfitRatio": 0.5216252978,
    "researchAndDevelopmentExpenses": 0,
    "generalAndAdministrativeExpenses": 0,
    "sellingAndMarketingExpenses": 0,
    "sellingGeneralAndAdministrativeExpenses": 68689000,
    "otherExpenses": 131814000,
    "operatingExpenses": 200503000,
    "costAndExpenses": 490654000,
    "interestIncome": 0,
    "interestExpense": 40715000,
    "depreciationAndAmortization": 85681000,
    "ebitda": 212551000,
    "ebitdaratio": 0.3504348471,
    "operatingIncome": 115881000,
    "operatingIncomeRatio": 0.1910541024,
    "totalOtherIncomeExpensesNet": -33921000,
    "incomeBeforeTax": 81960000,
    "incomeBeforeTaxRatio": 0.1351282284,
    "incomeTaxExpense": 24165000,
    "netIncome": 53932000,
    "netIncomeRatio": 0.0889181993,
    "eps": 0.38,
    "epsdiluted": 0.38,
    "weightedAverageShsOut": 142152000,
    "weightedAverageShsOutDil": 142659000,
    "link": "",
    "finalLink": ""
  },
  {
    "date": "2016-09-30",
    "symbol": "EVRG",
    "reportedCurrency": "USD",
    "cik": "0001711269",
    "fillingDate": "2016-09-30",
    "acceptedDate": "2016-09-29 20:00:00",
    "calendarYear": "2016",
    "period": "Q3",
    "revenue": 764654000,
    "costOfRevenue": 300370000,
    "grossProfit": 464284000,
    "grossProfitRatio": 0.6071818103,
    "researchAndDevelopmentExpenses": 0,
    "generalAndAdministrativeExpenses": 0,
    "sellingAndMarketingExpenses": 0,
    "sellingGeneralAndAdministrativeExpenses": 60582000,
    "otherExpenses": 133126000,
    "operatingExpenses": 193708000,
    "costAndExpenses": 494078000,
    "interestIncome": 0,
    "interestExpense": 40897000,
    "depreciationAndAmortization": 90659000,
    "ebitda": 371320000,
    "ebitdaratio": 0.4856052541,
    "operatingIncome": 270576000,
    "operatingIncomeRatio": 0.3538541615,
    "totalOtherIncomeExpensesNet": -30812000,
    "incomeBeforeTax": 239764000,
    "incomeBeforeTaxRatio": 0.3135588122,
    "incomeTaxExpense": 81211000,
    "netIncome": 154720000,
    "netIncomeRatio": 0.2023398818,
    "eps": 1.09,
    "epsdiluted": 1.08,
    "weightedAverageShsOut": 142090706,
    "weightedAverageShsOutDil": 142577945,
    "link": "",
    "finalLink": ""
  },
  {
    "date": "2016-06-30",
    "symbol": "EVRG",
    "reportedCurrency": "USD",
    "cik": "0001711269",
    "fillingDate": "2016-06-30",
    "acceptedDate": "2016-06-29 20:00:00",
    "calendarYear": "2016",
    "period": "Q2",
    "revenue": 621448000,
    "costOfRevenue": 259476000,
    "grossProfit": 361972000,
    "grossProfitRatio": 0.5824654677,
    "researchAndDevelopmentExpenses": 0,
    "generalAndAdministrativeExpenses": 0,
    "sellingAndMarketingExpenses": 0,
    "sellingGeneralAndAdministrativeExpenses": 75724000,
    "otherExpenses": 132633000,
    "operatingExpenses": 208357000,
    "costAndExpenses": 467833000,
    "interestIncome": 0,
    "interestExpense": 39683000,
    "depreciationAndAmortization": 92728000,
    "ebitda": 249097000,
    "ebitdaratio": 0.4008332153,
    "operatingIncome": 153615000,
    "operatingIncomeRatio": 0.2471888235,
    "totalOtherIncomeExpensesNet": -36929000,
    "incomeBeforeTax": 116686000,
    "incomeBeforeTaxRatio": 0.1877647044,
    "incomeTaxExpense": 40542000,
    "netIncome": 72340000,
    "netIncomeRatio": 0.1164055561,
    "eps": 0.51,
    "epsdiluted": 0.51,
    "weightedAverageShsOut": 142033842,
    "weightedAverageShsOutDil": 142497335,
    "link": "",
    "finalLink": ""
  },
  {
    "date": "2016-03-31",
    "symbol": "EVRG",
    "reportedCurrency": "USD",
    "cik": "0001711269",
    "fillingDate": "2016-03-31",
    "acceptedDate": "2016-03-30 20:00:00",
    "calendarYear": "2016",
    "period": "Q1",
    "revenue": 569450000,
    "costOfRevenue": 238575000,
    "grossProfit": 330875000,
    "grossProfitRatio": 0.5810431118,
    "researchAndDevelopmentExpenses": 0,
    "generalAndAdministrativeExpenses": 0,
    "sellingAndMarketingExpenses": 0,
    "sellingGeneralAndAdministrativeExpenses": 56456000,
    "otherExpenses": 132608000,
    "operatingExpenses": 189064000,
    "costAndExpenses": 427639000,
    "interestIncome": 0,
    "interestExpense": 40431000,
    "depreciationAndAmortization": 91969000,
    "ebitda": 239730000,
    "ebitdaratio": 0.4209851611,
    "operatingIncome": 141811000,
    "operatingIncomeRatio": 0.2490315216,
    "totalOtherIncomeExpensesNet": -34481000,
    "incomeBeforeTax": 107330000,
    "incomeBeforeTaxRatio": 0.1884801124,
    "incomeTaxExpense": 38622000,
    "netIncome": 65585000,
    "netIncomeRatio": 0.1151725349,
    "eps": 0.46,
    "epsdiluted": 0.46,
    "weightedAverageShsOut": 141992846,
    "weightedAverageShsOutDil": 142311228,
    "link": "",
    "finalLink": ""
  },
  {
    "date": "2015-12-31",
    "symbol": "EVRG",
    "reportedCurrency": "USD",
    "cik": "0001711269",
    "fillingDate": "2015-12-31",
    "acceptedDate": "2015-12-30 19:00:00",
    "calendarYear": "2015",
    "period": "Q4",
    "revenue": 545965000,
    "costOfRevenue": 240979000,
    "grossProfit": 304986000,
    "grossProfitRatio": 0.5586182264,
    "researchAndDevelopmentExpenses": 0,
    "generalAndAdministrativeExpenses": 0,
    "sellingAndMarketingExpenses": 0,
    "sellingGeneralAndAdministrativeExpenses": 70711000,
    "otherExpenses": 125916000,
    "operatingExpenses": 196627000,
    "costAndExpenses": 437606000,
    "interestIncome": 0,
    "interestExpense": 42682000,
    "depreciationAndAmortization": 82062000,
    "ebitda": 199206000,
    "ebitdaratio": 0.3648695429,
    "operatingIncome": 108359000,
    "operatingIncomeRatio": 0.1984724296,
    "totalOtherIncomeExpensesNet": -42343000,
    "incomeBeforeTax": 66016000,
    "incomeBeforeTaxRatio": 0.1209161759,
    "incomeTaxExpense": 24190000,
    "netIncome": 39235000,
    "netIncomeRatio": 0.071863581,
    "eps": 0.28,
    "epsdiluted": 0.28,
    "weightedAverageShsOut": 141713000,
    "weightedAverageShsOutDil": 142057000,
    "link": "",
    "finalLink": ""
  },
  {
    "date": "2015-09-30",
    "symbol": "EVRG",
    "reportedCurrency": "USD",
    "cik": "0001711269",
    "fillingDate": "2015-09-30",
    "acceptedDate": "2015-09-29 20:00:00",
    "calendarYear": "2015",
    "period": "Q3",
    "revenue": 732829000,
    "costOfRevenue": 301874000,
    "grossProfit": 430955000,
    "grossProfitRatio": 0.5880703411,
    "researchAndDevelopmentExpenses": 0,
    "generalAndAdministrativeExpenses": 0,
    "sellingAndMarketingExpenses": 0,
    "sellingGeneralAndAdministrativeExpenses": 60485000,
    "otherExpenses": 114866000,
    "operatingExpenses": 175351000,
    "costAndExpenses": 477225000,
    "interestIncome": 0,
    "interestExpense": 44306000,
    "depreciationAndAmortization": 85627000,
    "ebitda": 336790000,
    "ebitdaratio": 0.4595751533,
    "operatingIncome": 255604000,
    "operatingIncomeRatio": 0.348790782,
    "totalOtherIncomeExpensesNet": -48747000,
    "incomeBeforeTax": 206857000,
    "incomeBeforeTaxRatio": 0.2822718533,
    "incomeTaxExpense": 66293000,
    "netIncome": 138003000,
    "netIncomeRatio": 0.1883154187,
    "eps": 0.97,
    "epsdiluted": 0.97,
    "weightedAverageShsOut": 141622697,
    "weightedAverageShsOutDil": 141838178,
    "link": "",
    "finalLink": ""
  },
  {
    "date": "2015-06-30",
    "symbol": "EVRG",
    "reportedCurrency": "USD",
    "cik": "0001711269",
    "fillingDate": "2015-06-30",
    "acceptedDate": "2015-06-29 20:00:00",
    "calendarYear": "2015",
    "period": "Q2",
    "revenue": 589563000,
    "costOfRevenue": 280171000,
    "grossProfit": 309392000,
    "grossProfitRatio": 0.5247819147,
    "researchAndDevelopmentExpenses": 0,
    "generalAndAdministrativeExpenses": 0,
    "sellingAndMarketingExpenses": 0,
    "sellingGeneralAndAdministrativeExpenses": 63663000,
    "otherExpenses": 114253000,
    "operatingExpenses": 177916000,
    "costAndExpenses": 458087000,
    "interestIncome": 0,
    "interestExpense": 45516000,
    "depreciationAndAmortization": 81884000,
    "ebitda": 227482000,
    "ebitdaratio": 0.3858485013,
    "operatingIncome": 131476000,
    "operatingIncomeRatio": 0.2230058535,
    "totalOtherIncomeExpensesNet": -31394000,
    "incomeBeforeTax": 100082000,
    "incomeBeforeTaxRatio": 0.1697562432,
    "incomeTaxExpense": 33839000,
    "netIncome": 63710000,
    "netIncomeRatio": 0.1080630908,
    "eps": 0.47,
    "epsdiluted": 0.46,
    "weightedAverageShsOut": 135939197,
    "weightedAverageShsOutDil": 137412152,
    "link": "",
    "finalLink": ""
  },
  {
    "date": "2015-03-31",
    "symbol": "EVRG",
    "reportedCurrency": "USD",
    "cik": "0001711269",
    "fillingDate": "2015-03-31",
    "acceptedDate": "2015-03-30 20:00:00",
    "calendarYear": "2015",
    "period": "Q1",
    "revenue": 590807000,
    "costOfRevenue": 297374000,
    "grossProfit": 293433000,
    "grossProfitRatio": 0.4966647315,
    "researchAndDevelopmentExpenses": 0,
    "generalAndAdministrativeExpenses": 0,
    "sellingAndMarketingExpenses": 0,
    "sellingGeneralAndAdministrativeExpenses": 55418000,
    "otherExpenses": 112457000,
    "operatingExpenses": 167875000,
    "costAndExpenses": 465249000,
    "interestIncome": 0,
    "interestExpense": 44298000,
    "depreciationAndAmortization": 79546000,
    "ebitda": 204685000,
    "ebitdaratio": 0.3464498559,
    "operatingIncome": 125558000,
    "operatingIncomeRatio": 0.2125194861,
    "totalOtherIncomeExpensesNet": -44717000,
    "incomeBeforeTax": 80841000,
    "incomeBeforeTaxRatio": 0.1368314864,
    "incomeTaxExpense": 27678000,
    "netIncome": 50980000,
    "netIncomeRatio": 0.0862887542,
    "eps": 0.38,
    "epsdiluted": 0.38,
    "weightedAverageShsOut": 132395497,
    "weightedAverageShsOutDil": 135539631,
    "link": "",
    "finalLink": ""
  },
  {
    "date": "2014-12-31",
    "symbol": "EVRG",
    "reportedCurrency": "USD",
    "cik": "0001711269",
    "fillingDate": "2014-12-31",
    "acceptedDate": "2014-12-30 19:00:00",
    "calendarYear": "2014",
    "period": "Q4",
    "revenue": 596439000,
    "costOfRevenue": 311137000,
    "grossProfit": 285302000,
    "grossProfitRatio": 0.4783422949,
    "researchAndDevelopmentExpenses": 0,
    "generalAndAdministrativeExpenses": 0,
    "sellingAndMarketingExpenses": 0,
    "sellingGeneralAndAdministrativeExpenses": 70806000,
    "otherExpenses": 109226000,
    "operatingExpenses": 180032000,
    "costAndExpenses": 491169000,
    "interestIncome": 0,
    "interestExpense": 45043000,
    "depreciationAndAmortization": 73172000,
    "ebitda": 190448000,
    "ebitdaratio": 0.3193084289,
    "operatingIncome": 105269000,
    "operatingIncomeRatio": 0.1764958361,
    "totalOtherIncomeExpensesNet": -40870000,
    "incomeBeforeTax": 64400000,
    "incomeBeforeTaxRatio": 0.10797416,
    "incomeTaxExpense": 18627000,
    "netIncome": 43449000,
    "netIncomeRatio": 0.072847349,
    "eps": 0.33,
    "epsdiluted": 0.32,
    "weightedAverageShsOut": 131467000,
    "weightedAverageShsOutDil": 134522000,
    "link": "",
    "finalLink": ""
  },
  {
    "date": "2014-09-30",
    "symbol": "EVRG",
    "reportedCurrency": "USD",
    "cik": "0001711269",
    "fillingDate": "2014-09-30",
    "acceptedDate": "2014-09-29 20:00:00",
    "calendarYear": "2014",
    "period": "Q3",
    "revenue": 764040000,
    "costOfRevenue": 340688000,
    "grossProfit": 423352000,
    "grossProfitRatio": 0.5540966442,
    "researchAndDevelopmentExpenses": 0,
    "generalAndAdministrativeExpenses": 0,
    "sellingAndMarketingExpenses": 0,
    "sellingGeneralAndAdministrativeExpenses": 60977000,
    "otherExpenses": 106956000,
    "operatingExpenses": 167933000,
    "costAndExpenses": 508621000,
    "interestIncome": 0,
    "interestExpense": 44531000,
    "depreciationAndAmortization": 80192000,
    "ebitda": 346015000,
    "ebitdaratio": 0.4528755039,
    "operatingIncome": 255419000,
    "operatingIncomeRatio": 0.3343005602,
    "totalOtherIncomeExpensesNet": -34127000,
    "incomeBeforeTax": 221292000,
    "incomeBeforeTaxRatio": 0.2896340506,
    "incomeTaxExpense": 71532000,
    "netIncome": 147382000,
    "netIncomeRatio": 0.1928982776,
    "eps": 1.13,
    "epsdiluted": 1.1,
    "weightedAverageShsOut": 130196193,
    "weightedAverageShsOutDil": 133028787,
    "link": "",
    "finalLink": ""
  },
  {
    "date": "2014-06-30",
    "symbol": "EVRG",
    "reportedCurrency": "USD",
    "cik": "0001711269",
    "fillingDate": "2014-06-30",
    "acceptedDate": "2014-06-29 20:00:00",
    "calendarYear": "2014",
    "period": "Q2",
    "revenue": 612668000,
    "costOfRevenue": 322151000,
    "grossProfit": 290517000,
    "grossProfitRatio": 0.4741834077,
    "researchAndDevelopmentExpenses": 0,
    "generalAndAdministrativeExpenses": 0,
    "sellingAndMarketingExpenses": 0,
    "sellingGeneralAndAdministrativeExpenses": 62168000,
    "otherExpenses": 105620000,
    "operatingExpenses": 167788000,
    "costAndExpenses": 489939000,
    "interestIncome": 0,
    "interestExpense": 47303000,
    "depreciationAndAmortization": 75220000,
    "ebitda": 204495000,
    "ebitdaratio": 0.3337778373,
    "operatingIncome": 122729000,
    "operatingIncomeRatio": 0.2003189329,
    "totalOtherIncomeExpensesNet": -40757000,
    "incomeBeforeTax": 81972000,
    "incomeBeforeTaxRatio": 0.1337951386,
    "incomeTaxExpense": 26150000,
    "netIncome": 53473000,
    "netIncomeRatio": 0.0872789178,
    "eps": 0.41,
    "epsdiluted": 0.4,
    "weightedAverageShsOut": 129363382,
    "weightedAverageShsOutDil": 131973139,
    "link": "",
    "finalLink": ""
  },
  {
    "date": "2014-03-31",
    "symbol": "EVRG",
    "reportedCurrency": "USD",
    "cik": "0001711269",
    "fillingDate": "2014-03-31",
    "acceptedDate": "2014-03-30 20:00:00",
    "calendarYear": "2014",
    "period": "Q1",
    "revenue": 628556000,
    "costOfRevenue": 317587000,
    "grossProfit": 310969000,
    "grossProfitRatio": 0.4947355526,
    "researchAndDevelopmentExpenses": 0,
    "generalAndAdministrativeExpenses": 0,
    "sellingAndMarketingExpenses": 0,
    "sellingGeneralAndAdministrativeExpenses": 56486000,
    "otherExpenses": 104942000,
    "operatingExpenses": 161428000,
    "costAndExpenses": 479015000,
    "interestIncome": 0,
    "interestExpense": 46241000,
    "depreciationAndAmortization": 76076000,
    "ebitda": 228248000,
    "ebitdaratio": 0.3631307314,
    "operatingIncome": 149541000,
    "operatingIncomeRatio": 0.237911976,
    "totalOtherIncomeExpensesNet": -43610000,
    "incomeBeforeTax": 105931000,
    "incomeBeforeTaxRatio": 0.1685307276,
    "incomeTaxExpense": 34961000,
    "netIncome": 68955000,
    "netIncomeRatio": 0.1097038291,
    "eps": 0.53,
    "epsdiluted": 0.52,
    "weightedAverageShsOut": 129004112,
    "weightedAverageShsOutDil": 131269363,
    "link": "",
    "finalLink": ""
  },
  {
    "date": "2013-12-31",
    "symbol": "EVRG",
    "reportedCurrency": "USD",
    "cik": "0001711269",
    "fillingDate": "2013-12-31",
    "acceptedDate": "2013-12-30 19:00:00",
    "calendarYear": "2013",
    "period": "Q4",
    "revenue": 559878000,
    "costOfRevenue": 198315000,
    "grossProfit": 361563000,
    "grossProfitRatio": 0.645788904,
    "researchAndDevelopmentExpenses": 0,
    "generalAndAdministrativeExpenses": 0,
    "sellingAndMarketingExpenses": 0,
    "sellingGeneralAndAdministrativeExpenses": 66465000,
    "otherExpenses": 191570000,
    "operatingExpenses": 258035000,
    "costAndExpenses": 456350000,
    "interestIncome": 0,
    "interestExpense": 46377000,
    "depreciationAndAmortization": 76708000,
    "ebitda": 183353000,
    "ebitdaratio": 0.3274874169,
    "operatingIncome": 103528000,
    "operatingIncomeRatio": 0.1849117129,
    "totalOtherIncomeExpensesNet": -43260000,
    "incomeBeforeTax": 60268000,
    "incomeBeforeTaxRatio": 0.1076448798,
    "incomeTaxExpense": 17207000,
    "netIncome": 41062000,
    "netIncomeRatio": 0.0733409779,
    "eps": 0.32,
    "epsdiluted": 0.32,
    "weightedAverageShsOut": 127462994,
    "weightedAverageShsOutDil": 128298694,
    "link": "",
    "finalLink": ""
  },
  {
    "date": "2013-09-30",
    "symbol": "EVRG",
    "reportedCurrency": "USD",
    "cik": "0001711269",
    "fillingDate": "2013-09-30",
    "acceptedDate": "2013-09-29 20:00:00",
    "calendarYear": "2013",
    "period": "Q3",
    "revenue": 694974000,
    "costOfRevenue": 317254000,
    "grossProfit": 377720000,
    "grossProfitRatio": 0.5435023469,
    "researchAndDevelopmentExpenses": 0,
    "generalAndAdministrativeExpenses": 0,
    "sellingAndMarketingExpenses": 0,
    "sellingGeneralAndAdministrativeExpenses": 54245000,
    "otherExpenses": 99269000,
    "operatingExpenses": 153514000,
    "costAndExpenses": 470768000,
    "interestIncome": 0,
    "interestExpense": 45708000,
    "depreciationAndAmortization": 75501000,
    "ebitda": 308696000,
    "ebitdaratio": 0.4441835234,
    "operatingIncome": 224206000,
    "operatingIncomeRatio": 0.32261063,
    "totalOtherIncomeExpensesNet": -36719000,
    "incomeBeforeTax": 187487000,
    "incomeBeforeTaxRatio": 0.2697755599,
    "incomeTaxExpense": 52392000,
    "netIncome": 133125000,
    "netIncomeRatio": 0.1915539286,
    "eps": 1.04,
    "epsdiluted": 1.04,
    "weightedAverageShsOut": 127444792,
    "weightedAverageShsOutDil": 128111472,
    "link": "",
    "finalLink": ""
  },
  {
    "date": "2013-06-30",
    "symbol": "EVRG",
    "reportedCurrency": "USD",
    "cik": "0001711269",
    "fillingDate": "2013-06-30",
    "acceptedDate": "2013-06-29 20:00:00",
    "calendarYear": "2013",
    "period": "Q2",
    "revenue": 569589000,
    "costOfRevenue": 285299000,
    "grossProfit": 284290000,
    "grossProfitRatio": 0.4991142736,
    "researchAndDevelopmentExpenses": 0,
    "generalAndAdministrativeExpenses": 0,
    "sellingAndMarketingExpenses": 0,
    "sellingGeneralAndAdministrativeExpenses": 54477000,
    "otherExpenses": 98301000,
    "operatingExpenses": 152778000,
    "costAndExpenses": 438077000,
    "interestIncome": 0,
    "interestExpense": 45798000,
    "depreciationAndAmortization": 73371000,
    "ebitda": 217930000,
    "ebitdaratio": 0.3826092147,
    "operatingIncome": 131512000,
    "operatingIncomeRatio": 0.2308892903,
    "totalOtherIncomeExpensesNet": -32751000,
    "incomeBeforeTax": 98761000,
    "incomeBeforeTaxRatio": 0.1733899356,
    "incomeTaxExpense": 29310000,
    "netIncome": 67188000,
    "netIncomeRatio": 0.1179587387,
    "eps": 0.53,
    "epsdiluted": 0.52,
    "weightedAverageShsOut": 127311411,
    "weightedAverageShsOutDil": 127930395,
    "link": "",
    "finalLink": ""
  },
  {
    "date": "2013-03-31",
    "symbol": "EVRG",
    "reportedCurrency": "USD",
    "cik": "0001711269",
    "fillingDate": "2013-03-31",
    "acceptedDate": "2013-03-30 20:00:00",
    "calendarYear": "2013",
    "period": "Q1",
    "revenue": 546212000,
    "costOfRevenue": 279703000,
    "grossProfit": 266509000,
    "grossProfitRatio": 0.4879222719,
    "researchAndDevelopmentExpenses": 0,
    "generalAndAdministrativeExpenses": 0,
    "sellingAndMarketingExpenses": 0,
    "sellingGeneralAndAdministrativeExpenses": 48945000,
    "otherExpenses": 97624000,
    "operatingExpenses": 146569000,
    "costAndExpenses": 426272000,
    "interestIncome": 0,
    "interestExpense": 44284000,
    "depreciationAndAmortization": 69703000,
    "ebitda": 192056000,
    "ebitdaratio": 0.3516143915,
    "operatingIncome": 119940000,
    "operatingIncomeRatio": 0.2195850695,
    "totalOtherIncomeExpensesNet": -41871000,
    "incomeBeforeTax": 78069000,
    "incomeBeforeTaxRatio": 0.1429280206,
    "incomeTaxExpense": 24813000,
    "netIncome": 51144000,
    "netIncomeRatio": 0.0936339736,
    "eps": 0.4,
    "epsdiluted": 0.4,
    "weightedAverageShsOut": 127196454,
    "weightedAverageShsOutDil": 127619268,
    "link": "",
    "finalLink": ""
  },
  {
    "date": "2012-12-31",
    "symbol": "EVRG",
    "reportedCurrency": "USD",
    "cik": "0001711269",
    "fillingDate": "2012-12-31",
    "acceptedDate": "2012-12-30 19:00:00",
    "calendarYear": "2012",
    "period": "Q4",
    "revenue": 523772000,
    "costOfRevenue": 750021000,
    "grossProfit": -226249000,
    "grossProfitRatio": -0.4319608532,
    "researchAndDevelopmentExpenses": 0,
    "generalAndAdministrativeExpenses": 0,
    "sellingAndMarketingExpenses": 0,
    "sellingGeneralAndAdministrativeExpenses": 61666000,
    "otherExpenses": -395691000,
    "operatingExpenses": -334025000,
    "costAndExpenses": 415996000,
    "interestIncome": 0,
    "interestExpense": 44451000,
    "depreciationAndAmortization": 73535000,
    "ebitda": 184661000,
    "ebitdaratio": 0.3525598925,
    "operatingIncome": 107776000,
    "operatingIncomeRatio": 0.2057689224,
    "totalOtherIncomeExpensesNet": -41101000,
    "incomeBeforeTax": 66675000,
    "incomeBeforeTaxRatio": 0.1272977555,
    "incomeTaxExpense": 18980000,
    "netIncome": 45607000,
    "netIncomeRatio": 0.0870741468,
    "eps": 0.36,
    "epsdiluted": 0.36,
    "weightedAverageShsOut": 126711869,
    "weightedAverageShsOutDil": 126898786,
    "link": "",
    "finalLink": ""
  },
  {
    "date": "2012-09-30",
    "symbol": "EVRG",
    "reportedCurrency": "USD",
    "cik": "0001711269",
    "fillingDate": "2012-09-30",
    "acceptedDate": "2012-09-29 20:00:00",
    "calendarYear": "2012",
    "period": "Q3",
    "revenue": 695758000,
    "costOfRevenue": 326507000,
    "grossProfit": 369251000,
    "grossProfitRatio": 0.5307175771,
    "researchAndDevelopmentExpenses": 0,
    "generalAndAdministrativeExpenses": 0,
    "sellingAndMarketingExpenses": 0,
    "sellingGeneralAndAdministrativeExpenses": 54300000,
    "otherExpenses": 65061000,
    "operatingExpenses": 119361000,
    "costAndExpenses": 445868000,
    "interestIncome": 0,
    "interestExpense": 45017000,
    "depreciationAndAmortization": 72693000,
    "ebitda": 325149000,
    "ebitdaratio": 0.4673305948,
    "operatingIncome": 249890000,
    "operatingIncomeRatio": 0.3591622374,
    "totalOtherIncomeExpensesNet": -42451000,
    "incomeBeforeTax": 207439000,
    "incomeBeforeTaxRatio": 0.2981482067,
    "incomeTaxExpense": 66372000,
    "netIncome": 139281000,
    "netIncomeRatio": 0.2001859842,
    "eps": 1.1,
    "epsdiluted": 1.09,
    "weightedAverageShsOut": 126783248,
    "weightedAverageShsOutDil": 127134524,
    "link": "",
    "finalLink": ""
  },
  {
    "date": "2012-06-30",
    "symbol": "EVRG",
    "reportedCurrency": "USD",
    "cik": "0001711269",
    "fillingDate": "2012-06-30",
    "acceptedDate": "2012-06-29 20:00:00",
    "calendarYear": "2012",
    "period": "Q2",
    "revenue": 566262000,
    "costOfRevenue": 304150000,
    "grossProfit": 262112000,
    "grossProfitRatio": 0.4628811398,
    "researchAndDevelopmentExpenses": 0,
    "generalAndAdministrativeExpenses": 0,
    "sellingAndMarketingExpenses": 0,
    "sellingGeneralAndAdministrativeExpenses": 62711000,
    "otherExpenses": 66299000,
    "operatingExpenses": 129010000,
    "costAndExpenses": 433160000,
    "interestIncome": 0,
    "interestExpense": 44823000,
    "depreciationAndAmortization": 73947000,
    "ebitda": 211572000,
    "ebitdaratio": 0.3736291681,
    "operatingIncome": 133102000,
    "operatingIncomeRatio": 0.2350537384,
    "totalOtherIncomeExpensesNet": -40300000,
    "incomeBeforeTax": 92802000,
    "incomeBeforeTaxRatio": 0.1638852687,
    "incomeTaxExpense": 28340000,
    "netIncome": 62734000,
    "netIncomeRatio": 0.1107861732,
    "eps": 0.48,
    "epsdiluted": 0.48,
    "weightedAverageShsOut": 126637067,
    "weightedAverageShsOutDil": 126876536,
    "link": "",
    "finalLink": ""
  },
  {
    "date": "2012-03-31",
    "symbol": "EVRG",
    "reportedCurrency": "USD",
    "cik": "0001711269",
    "fillingDate": "2012-03-31",
    "acceptedDate": "2012-03-30 20:00:00",
    "calendarYear": "2012",
    "period": "Q1",
    "revenue": 475677000,
    "costOfRevenue": 283698000,
    "grossProfit": 191979000,
    "grossProfitRatio": 0.4035910923,
    "researchAndDevelopmentExpenses": 0,
    "generalAndAdministrativeExpenses": 0,
    "sellingAndMarketingExpenses": 0,
    "sellingGeneralAndAdministrativeExpenses": 47334000,
    "otherExpenses": 73280000,
    "operatingExpenses": 120614000,
    "costAndExpenses": 404312000,
    "interestIncome": 0,
    "interestExpense": 42046000,
    "depreciationAndAmortization": 74658000,
    "ebitda": 158384000,
    "ebitdaratio": 0.3329654366,
    "operatingIncome": 71365000,
    "operatingIncomeRatio": 0.1500282755,
    "totalOtherIncomeExpensesNet": -29685000,
    "incomeBeforeTax": 41680000,
    "incomeBeforeTaxRatio": 0.0876224833,
    "incomeTaxExpense": 12443000,
    "netIncome": 27524000,
    "netIncomeRatio": 0.0578627935,
    "eps": 0.21,
    "epsdiluted": 0.21,
    "weightedAverageShsOut": 126495075,
    "weightedAverageShsOutDil": 126609244,
    "link": "",
    "finalLink": ""
  },
  {
    "date": "2011-12-31",
    "symbol": "EVRG",
    "reportedCurrency": "USD",
    "cik": "0001711269",
    "fillingDate": "2011-12-31",
    "acceptedDate": "2011-12-30 19:00:00",
    "calendarYear": "2011",
    "period": "Q4",
    "revenue": 486228000,
    "costOfRevenue": 144096000,
    "grossProfit": 342132000,
    "grossProfitRatio": 0.7036452035,
    "researchAndDevelopmentExpenses": 0,
    "generalAndAdministrativeExpenses": 0,
    "sellingAndMarketingExpenses": 0,
    "sellingGeneralAndAdministrativeExpenses": 52462000,
    "otherExpenses": 217094000,
    "operatingExpenses": 269556000,
    "costAndExpenses": 413652000,
    "interestIncome": 0,
    "interestExpense": 41779000,
    "depreciationAndAmortization": 79511000,
    "ebitda": 151128000,
    "ebitdaratio": 0.3108171475,
    "operatingIncome": 72576000,
    "operatingIncomeRatio": 0.1492633086,
    "totalOtherIncomeExpensesNet": -42738000,
    "incomeBeforeTax": 29838000,
    "incomeBeforeTaxRatio": 0.0613662726,
    "incomeTaxExpense": 8532000,
    "netIncome": 19577000,
    "netIncomeRatio": 0.0402630042,
    "eps": 0.17,
    "epsdiluted": 0.16,
    "weightedAverageShsOut": 116890552,
    "weightedAverageShsOutDil": 118792228,
    "link": "",
    "finalLink": ""
  },
  {
    "date": "2011-09-30",
    "symbol": "EVRG",
    "reportedCurrency": "USD",
    "cik": "0001711269",
    "fillingDate": "2011-09-30",
    "acceptedDate": "2011-09-29 20:00:00",
    "calendarYear": "2011",
    "period": "Q3",
    "revenue": 678152000,
    "costOfRevenue": 199540000,
    "grossProfit": 478612000,
    "grossProfitRatio": 0.7057591808,
    "researchAndDevelopmentExpenses": 0,
    "generalAndAdministrativeExpenses": 0,
    "sellingAndMarketingExpenses": 0,
    "sellingGeneralAndAdministrativeExpenses": 27499000,
    "otherExpenses": 210025000,
    "operatingExpenses": 237524000,
    "costAndExpenses": 437064000,
    "interestIncome": 0,
    "interestExpense": 43844000,
    "depreciationAndAmortization": 79701000,
    "ebitda": 321637000,
    "ebitdaratio": 0.4742845262,
    "operatingIncome": 241088000,
    "operatingIncomeRatio": 0.3555073199,
    "totalOtherIncomeExpensesNet": -42996000,
    "incomeBeforeTax": 198092000,
    "incomeBeforeTaxRatio": 0.2921056046,
    "incomeTaxExpense": 61700000,
    "netIncome": 134950000,
    "netIncomeRatio": 0.1989966851,
    "eps": 1.15,
    "epsdiluted": 1.14,
    "weightedAverageShsOut": 116806596,
    "weightedAverageShsOutDil": 118164912,
    "link": "",
    "finalLink": ""
  },
  {
    "date": "2011-06-30",
    "symbol": "EVRG",
    "reportedCurrency": "USD",
    "cik": "0001711269",
    "fillingDate": "2011-06-30",
    "acceptedDate": "2011-06-29 20:00:00",
    "calendarYear": "2011",
    "period": "Q2",
    "revenue": 524892000,
    "costOfRevenue": 152973000,
    "grossProfit": 371919000,
    "grossProfitRatio": 0.7085629044,
    "researchAndDevelopmentExpenses": 0,
    "generalAndAdministrativeExpenses": 0,
    "sellingAndMarketingExpenses": 0,
    "sellingGeneralAndAdministrativeExpenses": 55970000,
    "otherExpenses": 208343000,
    "operatingExpenses": 264313000,
    "costAndExpenses": 417286000,
    "interestIncome": 0,
    "interestExpense": 43300000,
    "depreciationAndAmortization": 71215000,
    "ebitda": 179639000,
    "ebitdaratio": 0.3422399275,
    "operatingIncome": 107606000,
    "operatingIncomeRatio": 0.2050059822,
    "totalOtherIncomeExpensesNet": -42482000,
    "incomeBeforeTax": 65124000,
    "incomeBeforeTaxRatio": 0.1240712375,
    "incomeTaxExpense": 19599000,
    "netIncome": 44129000,
    "netIncomeRatio": 0.084072533,
    "eps": 0.38,
    "epsdiluted": 0.38,
    "weightedAverageShsOut": 114908123,
    "weightedAverageShsOutDil": 114908123,
    "link": "",
    "finalLink": ""
  },
  {
    "date": "2011-03-31",
    "symbol": "EVRG",
    "reportedCurrency": "USD",
    "cik": "0001711269",
    "fillingDate": "2011-03-31",
    "acceptedDate": "2011-03-30 20:00:00",
    "calendarYear": "2011",
    "period": "Q1",
    "revenue": 481720000,
    "costOfRevenue": 134184000,
    "grossProfit": 347536000,
    "grossProfitRatio": 0.7214481442,
    "researchAndDevelopmentExpenses": 0,
    "generalAndAdministrativeExpenses": 0,
    "sellingAndMarketingExpenses": 0,
    "sellingGeneralAndAdministrativeExpenses": 48767000,
    "otherExpenses": 207610000,
    "operatingExpenses": 256377000,
    "costAndExpenses": 390561000,
    "interestIncome": 0,
    "interestExpense": 43538000,
    "depreciationAndAmortization": 76046000,
    "ebitda": 166054000,
    "ebitdaratio": 0.3447106203,
    "operatingIncome": 91159000,
    "operatingIncomeRatio": 0.1892364859,
    "totalOtherIncomeExpensesNet": -44689000,
    "incomeBeforeTax": 46470000,
    "incomeBeforeTaxRatio": 0.0964668272,
    "incomeTaxExpense": 13513000,
    "netIncome": 31584000,
    "netIncomeRatio": 0.0655650585,
    "eps": 0.27,
    "epsdiluted": 0.27,
    "weightedAverageShsOut": 113875389,
    "weightedAverageShsOutDil": 113875389,
    "link": "",
    "finalLink": ""
  },
  {
    "date": "2010-12-31",
    "symbol": "EVRG",
    "reportedCurrency": "USD",
    "cik": "0001711269",
    "fillingDate": "2010-12-31",
    "acceptedDate": "2010-12-30 19:00:00",
    "calendarYear": "2010",
    "period": "Q4",
    "revenue": 456723000,
    "costOfRevenue": 124568000,
    "grossProfit": 332155000,
    "grossProfitRatio": 0.7272570026,
    "researchAndDevelopmentExpenses": 0,
    "generalAndAdministrativeExpenses": 0,
    "sellingAndMarketingExpenses": 0,
    "sellingGeneralAndAdministrativeExpenses": 63108000,
    "otherExpenses": 220807000,
    "operatingExpenses": 283915000,
    "costAndExpenses": 408483000,
    "interestIncome": 0,
    "interestExpense": 43079000,
    "depreciationAndAmortization": 95071000,
    "ebitda": 142952000,
    "ebitdaratio": 0.3129949663,
    "operatingIncome": 48240000,
    "operatingIncomeRatio": 0.1056220072,
    "totalOtherIncomeExpensesNet": -43438000,
    "incomeBeforeTax": 4802000,
    "incomeBeforeTaxRatio": 0.0105140315,
    "incomeTaxExpense": -1748000,
    "netIncome": 5160000,
    "netIncomeRatio": 0.0112978764,
    "eps": 0.0462,
    "epsdiluted": 0.0462,
    "weightedAverageShsOut": 111629000,
    "weightedAverageShsOutDil": 111629000,
    "link": "",
    "finalLink": ""
  },
  {
    "date": "2010-09-30",
    "symbol": "EVRG",
    "reportedCurrency": "USD",
    "cik": "0001711269",
    "fillingDate": "2010-09-30",
    "acceptedDate": "2010-09-29 20:00:00",
    "calendarYear": "2010",
    "period": "Q3",
    "revenue": 644437000,
    "costOfRevenue": 187877000,
    "grossProfit": 456560000,
    "grossProfitRatio": 0.7084633564,
    "researchAndDevelopmentExpenses": 0,
    "generalAndAdministrativeExpenses": 0,
    "sellingAndMarketingExpenses": 0,
    "sellingGeneralAndAdministrativeExpenses": 50418000,
    "otherExpenses": 194520000,
    "operatingExpenses": 244938000,
    "costAndExpenses": 432815000,
    "interestIncome": 0,
    "interestExpense": 43956000,
    "depreciationAndAmortization": 67918000,
    "ebitda": 286364000,
    "ebitdaratio": 0.4443630642,
    "operatingIncome": 211622000,
    "operatingIncomeRatio": 0.3283827589,
    "totalOtherIncomeExpensesNet": -43957000,
    "incomeBeforeTax": 167665000,
    "incomeBeforeTaxRatio": 0.260172833,
    "incomeTaxExpense": 51802000,
    "netIncome": 114744000,
    "netIncomeRatio": 0.1780530913,
    "eps": 1.02,
    "epsdiluted": 1.01,
    "weightedAverageShsOut": 111706541,
    "weightedAverageShsOutDil": 112315414,
    "link": "",
    "finalLink": ""
  },
  {
    "date": "2010-06-30",
    "symbol": "EVRG",
    "reportedCurrency": "USD",
    "cik": "0001711269",
    "fillingDate": "2010-06-30",
    "acceptedDate": "2010-06-29 20:00:00",
    "calendarYear": "2010",
    "period": "Q2",
    "revenue": 495181000,
    "costOfRevenue": 137116000,
    "grossProfit": 358065000,
    "grossProfitRatio": 0.7230992304,
    "researchAndDevelopmentExpenses": 0,
    "generalAndAdministrativeExpenses": 0,
    "sellingAndMarketingExpenses": 0,
    "sellingGeneralAndAdministrativeExpenses": 48154000,
    "otherExpenses": 188917000,
    "operatingExpenses": 237071000,
    "costAndExpenses": 374187000,
    "interestIncome": 0,
    "interestExpense": 43289000,
    "depreciationAndAmortization": 67107000,
    "ebitda": 192832000,
    "ebitdaratio": 0.389417203,
    "operatingIncome": 120994000,
    "operatingIncomeRatio": 0.2443429776,
    "totalOtherIncomeExpensesNet": -45306000,
    "incomeBeforeTax": 75688000,
    "incomeBeforeTaxRatio": 0.1528491602,
    "incomeTaxExpense": 21158000,
    "netIncome": 53311000,
    "netIncomeRatio": 0.1076596235,
    "eps": 0.47,
    "epsdiluted": 0.47,
    "weightedAverageShsOut": 111522803,
    "weightedAverageShsOutDil": 111522803,
    "link": "",
    "finalLink": ""
  },
  {
    "date": "2010-03-31",
    "symbol": "EVRG",
    "reportedCurrency": "USD",
    "cik": "0001711269",
    "fillingDate": "2010-03-31",
    "acceptedDate": "2010-03-30 20:00:00",
    "calendarYear": "2010",
    "period": "Q1",
    "revenue": 459830000,
    "costOfRevenue": 133800000,
    "grossProfit": 326030000,
    "grossProfitRatio": 0.7090228998,
    "researchAndDevelopmentExpenses": 0,
    "generalAndAdministrativeExpenses": 0,
    "sellingAndMarketingExpenses": 0,
    "sellingGeneralAndAdministrativeExpenses": 45927000,
    "otherExpenses": 188102000,
    "operatingExpenses": 234029000,
    "costAndExpenses": 367829000,
    "interestIncome": 0,
    "interestExpense": 44616000,
    "depreciationAndAmortization": 66930000,
    "ebitda": 163132000,
    "ebitdaratio": 0.3547658917,
    "operatingIncome": 92001000,
    "operatingIncomeRatio": 0.2000761151,
    "totalOtherIncomeExpensesNet": -46499000,
    "incomeBeforeTax": 45502000,
    "incomeBeforeTaxRatio": 0.0989539612,
    "incomeTaxExpense": 13820000,
    "netIncome": 30680000,
    "netIncomeRatio": 0.0667203097,
    "eps": 0.27,
    "epsdiluted": 0.27,
    "weightedAverageShsOut": 110925146,
    "weightedAverageShsOutDil": 110925146,
    "link": "",
    "finalLink": ""
  },
  {
    "date": "2009-12-31",
    "symbol": "EVRG",
    "reportedCurrency": "USD",
    "cik": "0001711269",
    "fillingDate": "2009-12-31",
    "acceptedDate": "2009-12-30 19:00:00",
    "calendarYear": "2009",
    "period": "Q4",
    "revenue": 440118000,
    "costOfRevenue": 132242000,
    "grossProfit": 307876000,
    "grossProfitRatio": 0.6995305804,
    "researchAndDevelopmentExpenses": 0,
    "generalAndAdministrativeExpenses": 0,
    "sellingAndMarketingExpenses": 0,
    "sellingGeneralAndAdministrativeExpenses": 56421000,
    "otherExpenses": 189648000,
    "operatingExpenses": 246069000,
    "costAndExpenses": 378311000,
    "interestIncome": 0,
    "interestExpense": 40591000,
    "depreciationAndAmortization": 64990000,
    "ebitda": 126693000,
    "ebitdaratio": 0.2878614372,
    "operatingIncome": 61807000,
    "operatingIncomeRatio": 0.140432793,
    "totalOtherIncomeExpensesNet": -40695000,
    "incomeBeforeTax": 21112000,
    "incomeBeforeTaxRatio": 0.0479689538,
    "incomeTaxExpense": 10496000,
    "netIncome": 11383000,
    "netIncomeRatio": 0.0258635184,
    "eps": 0.1,
    "epsdiluted": 0.1,
    "weightedAverageShsOut": 109647689,
    "weightedAverageShsOutDil": 109647689,
    "link": "",
    "finalLink": ""
  },
  {
    "date": "2009-09-30",
    "symbol": "EVRG",
    "reportedCurrency": "USD",
    "cik": "0001711269",
    "fillingDate": "2009-09-30",
    "acceptedDate": "2009-09-29 20:00:00",
    "calendarYear": "2009",
    "period": "Q3",
    "revenue": 528534000,
    "costOfRevenue": 141470000,
    "grossProfit": 387064000,
    "grossProfitRatio": 0.7323351005,
    "researchAndDevelopmentExpenses": 0,
    "generalAndAdministrativeExpenses": 0,
    "sellingAndMarketingExpenses": 0,
    "sellingGeneralAndAdministrativeExpenses": 41920000,
    "otherExpenses": 194811000,
    "operatingExpenses": 236731000,
    "costAndExpenses": 378201000,
    "interestIncome": 0,
    "interestExpense": 41599000,
    "depreciationAndAmortization": 64516000,
    "ebitda": 215513000,
    "ebitdaratio": 0.4077561708,
    "operatingIncome": 150333000,
    "operatingIncomeRatio": 0.2844339248,
    "totalOtherIncomeExpensesNet": -40935000,
    "incomeBeforeTax": 109398000,
    "incomeBeforeTaxRatio": 0.2069838459,
    "incomeTaxExpense": 28256000,
    "netIncome": 81142000,
    "netIncomeRatio": 0.153522763,
    "eps": 0.73,
    "epsdiluted": 0.73,
    "weightedAverageShsOut": 109753036,
    "weightedAverageShsOutDil": 109753036,
    "link": "",
    "finalLink": ""
  },
  {
    "date": "2009-06-30",
    "symbol": "EVRG",
    "reportedCurrency": "USD",
    "cik": "0001711269",
    "fillingDate": "2009-06-30",
    "acceptedDate": "2009-06-29 20:00:00",
    "calendarYear": "2009",
    "period": "Q2",
    "revenue": 467812000,
    "costOfRevenue": 120508000,
    "grossProfit": 347304000,
    "grossProfitRatio": 0.7424007935,
    "researchAndDevelopmentExpenses": 0,
    "generalAndAdministrativeExpenses": 0,
    "sellingAndMarketingExpenses": 0,
    "sellingGeneralAndAdministrativeExpenses": 53638000,
    "otherExpenses": 203624000,
    "operatingExpenses": 257262000,
    "costAndExpenses": 377770000,
    "interestIncome": 0,
    "interestExpense": 40094000,
    "depreciationAndAmortization": 63814000,
    "ebitda": 157990000,
    "ebitdaratio": 0.3377211358,
    "operatingIncome": 90042000,
    "operatingIncomeRatio": 0.1924747548,
    "totalOtherIncomeExpensesNet": -35960000,
    "incomeBeforeTax": 54082000,
    "incomeBeforeTaxRatio": 0.1156062692,
    "incomeTaxExpense": 15696000,
    "netIncome": 38386000,
    "netIncomeRatio": 0.0820543295,
    "eps": 0.35,
    "epsdiluted": 0.35,
    "weightedAverageShsOut": 109538854,
    "weightedAverageShsOutDil": 109538854,
    "link": "",
    "finalLink": ""
  },
  {
    "date": "2009-03-31",
    "symbol": "EVRG",
    "reportedCurrency": "USD",
    "cik": "0001711269",
    "fillingDate": "2009-03-31",
    "acceptedDate": "2009-03-30 20:00:00",
    "calendarYear": "2009",
    "period": "Q1",
    "revenue": 421767000,
    "costOfRevenue": 140644000,
    "grossProfit": 281123000,
    "grossProfitRatio": 0.6665362629,
    "researchAndDevelopmentExpenses": 0,
    "generalAndAdministrativeExpenses": 0,
    "sellingAndMarketingExpenses": 0,
    "sellingGeneralAndAdministrativeExpenses": 47982000,
    "otherExpenses": 180381000,
    "operatingExpenses": 228363000,
    "costAndExpenses": 369007000,
    "interestIncome": 0,
    "interestExpense": 35077000,
    "depreciationAndAmortization": 58214000,
    "ebitda": 108878000,
    "ebitdaratio": 0.2581472709,
    "operatingIncome": 52760000,
    "operatingIncomeRatio": 0.1250927645,
    "totalOtherIncomeExpensesNet": -37173000,
    "incomeBeforeTax": 15587000,
    "incomeBeforeTaxRatio": 0.0369564238,
    "incomeTaxExpense": 4401000,
    "netIncome": 44164000,
    "netIncomeRatio": 0.1047118433,
    "eps": 0.4,
    "epsdiluted": 0.4,
    "weightedAverageShsOut": 109330973,
    "weightedAverageShsOutDil": 109330973,
    "link": "",
    "finalLink": ""
  },
  {
    "date": "2008-12-31",
    "symbol": "EVRG",
    "reportedCurrency": "USD",
    "cik": "0001711269",
    "fillingDate": "2008-12-31",
    "acceptedDate": "2008-12-30 19:00:00",
    "calendarYear": "2008",
    "period": "Q4",
    "revenue": 406097000,
    "costOfRevenue": 136404000,
    "grossProfit": 269693000,
    "grossProfitRatio": 0.6641098063,
    "researchAndDevelopmentExpenses": 0,
    "generalAndAdministrativeExpenses": 0,
    "sellingAndMarketingExpenses": 0,
    "sellingGeneralAndAdministrativeExpenses": 47715000,
    "otherExpenses": 170453000,
    "operatingExpenses": 218168000,
    "costAndExpenses": 354572000,
    "interestIncome": 0,
    "interestExpense": 0,
    "depreciationAndAmortization": 81159000,
    "ebitda": 132684000,
    "ebitdaratio": 0.3267298207,
    "operatingIncome": 51525000,
    "operatingIncomeRatio": 0.1268785536,
    "totalOtherIncomeExpensesNet": -38524000,
    "incomeBeforeTax": 13001000,
    "incomeBeforeTaxRatio": 0.0320145187,
    "incomeTaxExpense": -9872000,
    "netIncome": 22873000,
    "netIncomeRatio": 0.0563239817,
    "eps": 0.22,
    "epsdiluted": 0.22,
    "weightedAverageShsOut": 103958414,
    "weightedAverageShsOutDil": 103958414,
    "link": "",
    "finalLink": ""
  },
  {
    "date": "2008-09-30",
    "symbol": "EVRG",
    "reportedCurrency": "USD",
    "cik": "0001711269",
    "fillingDate": "2008-09-30",
    "acceptedDate": "2008-09-29 20:00:00",
    "calendarYear": "2008",
    "period": "Q3",
    "revenue": 574853000,
    "costOfRevenue": 220140000,
    "grossProfit": 354713000,
    "grossProfitRatio": 0.6170499241,
    "researchAndDevelopmentExpenses": 0,
    "generalAndAdministrativeExpenses": 0,
    "sellingAndMarketingExpenses": 0,
    "sellingGeneralAndAdministrativeExpenses": 50802000,
    "otherExpenses": 159638000,
    "operatingExpenses": 210440000,
    "costAndExpenses": 430580000,
    "interestIncome": 0,
    "interestExpense": 31920000,
    "depreciationAndAmortization": 41455000,
    "ebitda": 201532000,
    "ebitdaratio": 0.3505800613,
    "operatingIncome": 144273000,
    "operatingIncomeRatio": 0.2509737272,
    "totalOtherIncomeExpensesNet": -26627000,
    "incomeBeforeTax": 117646000,
    "incomeBeforeTaxRatio": 0.2046540594,
    "incomeTaxExpense": 29361000,
    "netIncome": 88285000,
    "netIncomeRatio": 0.1535783931,
    "eps": 0.8,
    "epsdiluted": 0.8,
    "weightedAverageShsOut": 108714778,
    "weightedAverageShsOutDil": 108714778,
    "link": "",
    "finalLink": ""
  },
  {
    "date": "2008-06-30",
    "symbol": "EVRG",
    "reportedCurrency": "USD",
    "cik": "0001711269",
    "fillingDate": "2008-06-30",
    "acceptedDate": "2008-06-29 20:00:00",
    "calendarYear": "2008",
    "period": "Q2",
    "revenue": 451219000,
    "costOfRevenue": 191355000,
    "grossProfit": 259864000,
    "grossProfitRatio": 0.5759154646,
    "researchAndDevelopmentExpenses": 0,
    "generalAndAdministrativeExpenses": 0,
    "sellingAndMarketingExpenses": 0,
    "sellingGeneralAndAdministrativeExpenses": 44254000,
    "otherExpenses": 180571000,
    "operatingExpenses": 224825000,
    "costAndExpenses": 416180000,
    "interestIncome": 0,
    "interestExpense": 30311000,
    "depreciationAndAmortization": 53742000,
    "ebitda": 88448000,
    "ebitdaratio": 0.1960201144,
    "operatingIncome": 35039000,
    "operatingIncomeRatio": 0.0776540881,
    "totalOtherIncomeExpensesNet": -26507000,
    "incomeBeforeTax": 8532000,
    "incomeBeforeTaxRatio": 0.0189087782,
    "incomeTaxExpense": 2687000,
    "netIncome": 5845000,
    "netIncomeRatio": 0.0129537985,
    "eps": 0.06,
    "epsdiluted": 0.06,
    "weightedAverageShsOut": 100733815,
    "weightedAverageShsOutDil": 100733815,
    "link": "",
    "finalLink": ""
  },
  {
    "date": "2008-03-31",
    "symbol": "EVRG",
    "reportedCurrency": "USD",
    "cik": "0001711269",
    "fillingDate": "2008-03-31",
    "acceptedDate": "2008-03-30 20:00:00",
    "calendarYear": "2008",
    "period": "Q1",
    "revenue": 406827000,
    "costOfRevenue": 146449000,
    "grossProfit": 260378000,
    "grossProfitRatio": 0.6400214342,
    "researchAndDevelopmentExpenses": 0,
    "generalAndAdministrativeExpenses": 0,
    "sellingAndMarketingExpenses": 0,
    "sellingGeneralAndAdministrativeExpenses": 41656000,
    "otherExpenses": 164914000,
    "operatingExpenses": 206570000,
    "costAndExpenses": 353019000,
    "interestIncome": 0,
    "interestExpense": 10690000,
    "depreciationAndAmortization": 55270000,
    "ebitda": 102482000,
    "ebitdaratio": 0.2519056012,
    "operatingIncome": 53808000,
    "operatingIncomeRatio": 0.1322626079,
    "totalOtherIncomeExpensesNet": -10912000,
    "incomeBeforeTax": 42896000,
    "incomeBeforeTaxRatio": 0.105440396,
    "incomeTaxExpense": -18240000,
    "netIncome": 61136000,
    "netIncomeRatio": 0.1502751784,
    "eps": 0.62,
    "epsdiluted": 0.62,
    "weightedAverageShsOut": 97415866,
    "weightedAverageShsOutDil": 97415866,
    "link": "",
    "finalLink": ""
  },
  {
    "date": "2007-12-31",
    "symbol": "EVRG",
    "reportedCurrency": "USD",
    "cik": "0001711269",
    "fillingDate": "2007-12-31",
    "acceptedDate": "2007-12-30 19:00:00",
    "calendarYear": "2007",
    "period": "Q4",
    "revenue": 392853000,
    "costOfRevenue": 126979000,
    "grossProfit": 265874000,
    "grossProfitRatio": 0.6767773187,
    "researchAndDevelopmentExpenses": 0,
    "generalAndAdministrativeExpenses": 0,
    "sellingAndMarketingExpenses": 0,
    "sellingGeneralAndAdministrativeExpenses": 45797000,
    "otherExpenses": 173960000,
    "operatingExpenses": 219757000,
    "costAndExpenses": 346736000,
    "interestIncome": 0,
    "interestExpense": 0,
    "depreciationAndAmortization": 56974000,
    "ebitda": 103091000,
    "ebitdaratio": 0.2624162218,
    "operatingIncome": 46117000,
    "operatingIncomeRatio": 0.1173899652,
    "totalOtherIncomeExpensesNet": -17777000,
    "incomeBeforeTax": 28340000,
    "incomeBeforeTaxRatio": 0.0721389426,
    "incomeTaxExpense": 14575000,
    "netIncome": 13765000,
    "netIncomeRatio": 0.0350385513,
    "eps": 0.15,
    "epsdiluted": 0.15,
    "weightedAverageShsOut": 90675511,
    "weightedAverageShsOutDil": 91466667,
    "link": "",
    "finalLink": ""
  },
  {
    "date": "2007-09-30",
    "symbol": "EVRG",
    "reportedCurrency": "USD",
    "cik": "0001711269",
    "fillingDate": "2007-09-30",
    "acceptedDate": "2007-09-29 20:00:00",
    "calendarYear": "2007",
    "period": "Q3",
    "revenue": 548496000,
    "costOfRevenue": 182686000,
    "grossProfit": 365810000,
    "grossProfitRatio": 0.6669328491,
    "researchAndDevelopmentExpenses": 0,
    "generalAndAdministrativeExpenses": 0,
    "sellingAndMarketingExpenses": 0,
    "sellingGeneralAndAdministrativeExpenses": 46182000,
    "otherExpenses": 169061000,
    "operatingExpenses": 215243000,
    "costAndExpenses": 397929000,
    "interestIncome": 0,
    "interestExpense": 0,
    "depreciationAndAmortization": 67074000,
    "ebitda": 217641000,
    "ebitdaratio": 0.3967959657,
    "operatingIncome": 150567000,
    "operatingIncomeRatio": 0.2745088387,
    "totalOtherIncomeExpensesNet": -31240000,
    "incomeBeforeTax": 119327000,
    "incomeBeforeTaxRatio": 0.2175530906,
    "incomeTaxExpense": 27621000,
    "netIncome": 91706000,
    "netIncomeRatio": 0.1671953852,
    "eps": 0.99,
    "epsdiluted": 0.99,
    "weightedAverageShsOut": 91940879,
    "weightedAverageShsOutDil": 91940879,
    "link": "",
    "finalLink": ""
  },
  {
    "date": "2007-06-30",
    "symbol": "EVRG",
    "reportedCurrency": "USD",
    "cik": "0001711269",
    "fillingDate": "2007-06-30",
    "acceptedDate": "2007-06-29 20:00:00",
    "calendarYear": "2007",
    "period": "Q2",
    "revenue": 415178000,
    "costOfRevenue": 131348000,
    "grossProfit": 283830000,
    "grossProfitRatio": 0.6836344893,
    "researchAndDevelopmentExpenses": 0,
    "generalAndAdministrativeExpenses": 0,
    "sellingAndMarketingExpenses": 0,
    "sellingGeneralAndAdministrativeExpenses": 42960000,
    "otherExpenses": 170108000,
    "operatingExpenses": 213068000,
    "costAndExpenses": 344416000,
    "interestIncome": 0,
    "interestExpense": 0,
    "depreciationAndAmortization": 40228000,
    "ebitda": 118814000,
    "ebitdaratio": 0.2861760498,
    "operatingIncome": 70762000,
    "operatingIncomeRatio": 0.17043774,
    "totalOtherIncomeExpensesNet": -28424000,
    "incomeBeforeTax": 42338000,
    "incomeBeforeTaxRatio": 0.1019755382,
    "incomeTaxExpense": 9630000,
    "netIncome": 32708000,
    "netIncomeRatio": 0.0787806676,
    "eps": 0.36,
    "epsdiluted": 0.36,
    "weightedAverageShsOut": 89781652,
    "weightedAverageShsOutDil": 89781652,
    "link": "",
    "finalLink": ""
  },
  {
    "date": "2007-03-31",
    "symbol": "EVRG",
    "reportedCurrency": "USD",
    "cik": "0001711269",
    "fillingDate": "2007-03-31",
    "acceptedDate": "2007-03-30 20:00:00",
    "calendarYear": "2007",
    "period": "Q1",
    "revenue": 370306000,
    "costOfRevenue": 103409000,
    "grossProfit": 266897000,
    "grossProfitRatio": 0.7207471659,
    "researchAndDevelopmentExpenses": 0,
    "generalAndAdministrativeExpenses": 0,
    "sellingAndMarketingExpenses": 0,
    "sellingGeneralAndAdministrativeExpenses": 43645000,
    "otherExpenses": 153307000,
    "operatingExpenses": 196952000,
    "costAndExpenses": 300361000,
    "interestIncome": 0,
    "interestExpense": 0,
    "depreciationAndAmortization": 53543000,
    "ebitda": 123488000,
    "ebitdaratio": 0.3334755581,
    "operatingIncome": 69945000,
    "operatingIncomeRatio": 0.1888843281,
    "totalOtherIncomeExpensesNet": -27756000,
    "incomeBeforeTax": 42189000,
    "incomeBeforeTaxRatio": 0.1139301011,
    "incomeTaxExpense": 12014000,
    "netIncome": 30175000,
    "netIncomeRatio": 0.0814866624,
    "eps": 0.34,
    "epsdiluted": 0.34,
    "weightedAverageShsOut": 87947281,
    "weightedAverageShsOutDil": 87947281,
    "link": "",
    "finalLink": ""
  },
  {
    "date": "2006-12-31",
    "symbol": "EVRG",
    "reportedCurrency": "USD",
    "cik": "0001711269",
    "fillingDate": "2006-12-31",
    "acceptedDate": "2006-12-30 19:00:00",
    "calendarYear": "2006",
    "period": "Q4",
    "revenue": 343151000,
    "costOfRevenue": 93156000,
    "grossProfit": 249995000,
    "grossProfitRatio": 0.7285276744,
    "researchAndDevelopmentExpenses": 0,
    "generalAndAdministrativeExpenses": 0,
    "sellingAndMarketingExpenses": 0,
    "sellingGeneralAndAdministrativeExpenses": 51827000,
    "otherExpenses": 151678000,
    "operatingExpenses": 203505000,
    "costAndExpenses": 296661000,
    "interestIncome": 0,
    "interestExpense": 0,
    "depreciationAndAmortization": 35899000,
    "ebitda": 82389000,
    "ebitdaratio": 0.2400954682,
    "operatingIncome": 46490000,
    "operatingIncomeRatio": 0.1354797159,
    "totalOtherIncomeExpensesNet": -23339000,
    "incomeBeforeTax": 23151000,
    "incomeBeforeTaxRatio": 0.0674659261,
    "incomeTaxExpense": 10079000,
    "netIncome": 13072000,
    "netIncomeRatio": 0.0380940169,
    "eps": 0.15,
    "epsdiluted": 0.15,
    "weightedAverageShsOut": 87509800,
    "weightedAverageShsOutDil": 87881818,
    "link": "",
    "finalLink": ""
  },
  {
    "date": "2006-09-30",
    "symbol": "EVRG",
    "reportedCurrency": "USD",
    "cik": "0001711269",
    "fillingDate": "2006-09-30",
    "acceptedDate": "2006-09-29 20:00:00",
    "calendarYear": "2006",
    "period": "Q3",
    "revenue": 515947000,
    "costOfRevenue": 169053000,
    "grossProfit": 346894000,
    "grossProfitRatio": 0.6723442524,
    "researchAndDevelopmentExpenses": 0,
    "generalAndAdministrativeExpenses": 0,
    "sellingAndMarketingExpenses": 0,
    "sellingGeneralAndAdministrativeExpenses": 41832000,
    "otherExpenses": 165476000,
    "operatingExpenses": 207308000,
    "costAndExpenses": 376361000,
    "interestIncome": 0,
    "interestExpense": 0,
    "depreciationAndAmortization": 57378000,
    "ebitda": 196964000,
    "ebitdaratio": 0.3817523893,
    "operatingIncome": 139586000,
    "operatingIncomeRatio": 0.2705432922,
    "totalOtherIncomeExpensesNet": -24603000,
    "incomeBeforeTax": 114983000,
    "incomeBeforeTaxRatio": 0.2228581618,
    "incomeTaxExpense": 24949000,
    "netIncome": 90034000,
    "netIncomeRatio": 0.1745024198,
    "eps": 1.03,
    "epsdiluted": 1.02,
    "weightedAverageShsOut": 87578093,
    "weightedAverageShsOutDil": 88031373,
    "link": "",
    "finalLink": ""
  },
  {
    "date": "2006-06-30",
    "symbol": "EVRG",
    "reportedCurrency": "USD",
    "cik": "0001711269",
    "fillingDate": "2006-06-30",
    "acceptedDate": "2006-06-29 20:00:00",
    "calendarYear": "2006",
    "period": "Q2",
    "revenue": 406622000,
    "costOfRevenue": 129750000,
    "grossProfit": 276872000,
    "grossProfitRatio": 0.6809075751,
    "researchAndDevelopmentExpenses": 0,
    "generalAndAdministrativeExpenses": 0,
    "sellingAndMarketingExpenses": 0,
    "sellingGeneralAndAdministrativeExpenses": 39078000,
    "otherExpenses": 168784000,
    "operatingExpenses": 207862000,
    "costAndExpenses": 337612000,
    "interestIncome": 0,
    "interestExpense": 0,
    "depreciationAndAmortization": 56304000,
    "ebitda": 125314000,
    "ebitdaratio": 0.3081830299,
    "operatingIncome": 69010000,
    "operatingIncomeRatio": 0.1697153622,
    "totalOtherIncomeExpensesNet": -21110000,
    "incomeBeforeTax": 47900000,
    "incomeBeforeTaxRatio": 0.1177998239,
    "incomeTaxExpense": 12535000,
    "netIncome": 35365000,
    "netIncomeRatio": 0.0869726675,
    "eps": 0.4,
    "epsdiluted": 0.4,
    "weightedAverageShsOut": 87461996,
    "weightedAverageShsOutDil": 87461996,
    "link": "",
    "finalLink": ""
  },
  {
    "date": "2006-03-31",
    "symbol": "EVRG",
    "reportedCurrency": "USD",
    "cik": "0001711269",
    "fillingDate": "2006-03-31",
    "acceptedDate": "2006-03-30 19:00:00",
    "calendarYear": "2006",
    "period": "Q1",
    "revenue": 340023000,
    "costOfRevenue": 110503000,
    "grossProfit": 229520000,
    "grossProfitRatio": 0.6750131609,
    "researchAndDevelopmentExpenses": 0,
    "generalAndAdministrativeExpenses": 0,
    "sellingAndMarketingExpenses": 0,
    "sellingGeneralAndAdministrativeExpenses": 38265000,
    "otherExpenses": 139572000,
    "operatingExpenses": 177837000,
    "costAndExpenses": 288340000,
    "interestIncome": 0,
    "interestExpense": 0,
    "depreciationAndAmortization": 54339000,
    "ebitda": 106022000,
    "ebitdaratio": 0.3118083188,
    "operatingIncome": 51683000,
    "operatingIncomeRatio": 0.1519985413,
    "totalOtherIncomeExpensesNet": -16096000,
    "incomeBeforeTax": 35587000,
    "incomeBeforeTaxRatio": 0.1046605671,
    "incomeTaxExpense": 8749000,
    "netIncome": 26838000,
    "netIncomeRatio": 0.0789299547,
    "eps": 0.3,
    "epsdiluted": 0.3,
    "weightedAverageShsOut": 87279334,
    "weightedAverageShsOutDil": 87279334,
    "link": "",
    "finalLink": ""
  },
  {
    "date": "2005-12-31",
    "symbol": "EVRG",
    "reportedCurrency": "USD",
    "cik": "0001711269",
    "fillingDate": "2005-12-31",
    "acceptedDate": "2005-12-30 19:00:00",
    "calendarYear": "2005",
    "period": "Q4",
    "revenue": 394077000,
    "costOfRevenue": 184792000,
    "grossProfit": 209285000,
    "grossProfitRatio": 0.531076414,
    "researchAndDevelopmentExpenses": 0,
    "generalAndAdministrativeExpenses": 0,
    "sellingAndMarketingExpenses": 0,
    "sellingGeneralAndAdministrativeExpenses": 41337000,
    "otherExpenses": 137812000,
    "operatingExpenses": 179149000,
    "costAndExpenses": 363941000,
    "interestIncome": 0,
    "interestExpense": 0,
    "depreciationAndAmortization": 7637000,
    "ebitda": 52974000,
    "ebitdaratio": 0.1344255057,
    "operatingIncome": 30136000,
    "operatingIncomeRatio": 0.0764723645,
    "totalOtherIncomeExpensesNet": -24940000,
    "incomeBeforeTax": 5196000,
    "incomeBeforeTaxRatio": 0.0131852404,
    "incomeTaxExpense": -1705000,
    "netIncome": 6901000,
    "netIncomeRatio": 0.0175118061,
    "eps": 0.0795,
    "epsdiluted": 0.0794,
    "weightedAverageShsOut": 86855485,
    "weightedAverageShsOutDil": 86946753,
    "link": "",
    "finalLink": ""
  },
  {
    "date": "2005-09-30",
    "symbol": "EVRG",
    "reportedCurrency": "USD",
    "cik": "0001711269",
    "fillingDate": "2005-09-30",
    "acceptedDate": "2005-09-29 20:00:00",
    "calendarYear": "2005",
    "period": "Q3",
    "revenue": 477896000,
    "costOfRevenue": 132030000,
    "grossProfit": 345866000,
    "grossProfitRatio": 0.7237265012,
    "researchAndDevelopmentExpenses": 0,
    "generalAndAdministrativeExpenses": 0,
    "sellingAndMarketingExpenses": 0,
    "sellingGeneralAndAdministrativeExpenses": 42071000,
    "otherExpenses": 150540000,
    "operatingExpenses": 192611000,
    "costAndExpenses": 324641000,
    "interestIncome": 0,
    "interestExpense": 0,
    "depreciationAndAmortization": 50739000,
    "ebitda": 203994000,
    "ebitdaratio": 0.4268585634,
    "operatingIncome": 153255000,
    "operatingIncomeRatio": 0.3206869277,
    "totalOtherIncomeExpensesNet": -26400000,
    "incomeBeforeTax": 126855000,
    "incomeBeforeTaxRatio": 0.265444783,
    "incomeTaxExpense": 42380000,
    "netIncome": 84475000,
    "netIncomeRatio": 0.1767644006,
    "eps": 0.97,
    "epsdiluted": 0.96,
    "weightedAverageShsOut": 86949726,
    "weightedAverageShsOutDil": 87742708,
    "link": "",
    "finalLink": ""
  },
  {
    "date": "2005-06-30",
    "symbol": "EVRG",
    "reportedCurrency": "USD",
    "cik": "0001711269",
    "fillingDate": "2005-06-30",
    "acceptedDate": "2005-06-29 20:00:00",
    "calendarYear": "2005",
    "period": "Q2",
    "revenue": 374802000,
    "costOfRevenue": 119610000,
    "grossProfit": 255192000,
    "grossProfitRatio": 0.6808715002,
    "researchAndDevelopmentExpenses": 0,
    "generalAndAdministrativeExpenses": 0,
    "sellingAndMarketingExpenses": 0,
    "sellingGeneralAndAdministrativeExpenses": 41391000,
    "otherExpenses": 151392000,
    "operatingExpenses": 192783000,
    "costAndExpenses": 312393000,
    "interestIncome": 0,
    "interestExpense": 0,
    "depreciationAndAmortization": 44632000,
    "ebitda": 107041000,
    "ebitdaratio": 0.28559346,
    "operatingIncome": 62409000,
    "operatingIncomeRatio": 0.1665119183,
    "totalOtherIncomeExpensesNet": -22236000,
    "incomeBeforeTax": 40173000,
    "incomeBeforeTaxRatio": 0.1071845935,
    "incomeTaxExpense": 12297000,
    "netIncome": 27876000,
    "netIncomeRatio": 0.0743752701,
    "eps": 0.32,
    "epsdiluted": 0.32,
    "weightedAverageShsOut": 86827477,
    "weightedAverageShsOutDil": 86827477,
    "link": "",
    "finalLink": ""
  },
  {
    "date": "2005-03-31",
    "symbol": "EVRG",
    "reportedCurrency": "USD",
    "cik": "0001711269",
    "fillingDate": "2005-03-31",
    "acceptedDate": "2005-03-30 19:00:00",
    "calendarYear": "2005",
    "period": "Q1",
    "revenue": 336502000,
    "costOfRevenue": 91797000,
    "grossProfit": 244705000,
    "grossProfitRatio": 0.7272022157,
    "researchAndDevelopmentExpenses": 0,
    "generalAndAdministrativeExpenses": 0,
    "sellingAndMarketingExpenses": 0,
    "sellingGeneralAndAdministrativeExpenses": 41261000,
    "otherExpenses": 148516000,
    "operatingExpenses": 189777000,
    "costAndExpenses": 281574000,
    "interestIncome": 0,
    "interestExpense": 0,
    "depreciationAndAmortization": 47512000,
    "ebitda": 102440000,
    "ebitdaratio": 0.3044261253,
    "operatingIncome": 54928000,
    "operatingIncomeRatio": 0.1632323136,
    "totalOtherIncomeExpensesNet": -31771000,
    "incomeBeforeTax": 23157000,
    "incomeBeforeTaxRatio": 0.0688168272,
    "incomeTaxExpense": 7542000,
    "netIncome": 15615000,
    "netIncomeRatio": 0.0464038847,
    "eps": 0.18,
    "epsdiluted": 0.18,
    "weightedAverageShsOut": 86569149,
    "weightedAverageShsOutDil": 86569149,
    "link": "",
    "finalLink": ""
  },
  {
    "date": "2004-12-31",
    "symbol": "EVRG",
    "reportedCurrency": "USD",
    "cik": "0001711269",
    "fillingDate": "2004-12-31",
    "acceptedDate": "2004-12-30 19:00:00",
    "calendarYear": "2004",
    "period": "Q4",
    "revenue": 344308000,
    "costOfRevenue": 98896000,
    "grossProfit": 245412000,
    "grossProfitRatio": 0.7127688,
    "researchAndDevelopmentExpenses": 0,
    "generalAndAdministrativeExpenses": 0,
    "sellingAndMarketingExpenses": 0,
    "sellingGeneralAndAdministrativeExpenses": 49830000,
    "otherExpenses": 154203000,
    "operatingExpenses": 204033000,
    "costAndExpenses": 302929000,
    "interestIncome": 0,
    "interestExpense": 0,
    "depreciationAndAmortization": 46146000,
    "ebitda": 87525000,
    "ebitdaratio": 0.2542055369,
    "operatingIncome": 41379000,
    "operatingIncomeRatio": 0.1201801875,
    "totalOtherIncomeExpensesNet": -28639000,
    "incomeBeforeTax": 12740000,
    "incomeBeforeTaxRatio": 0.0370017542,
    "incomeTaxExpense": -4201000,
    "netIncome": 88843000,
    "netIncomeRatio": 0.2580335049,
    "eps": 1.07,
    "epsdiluted": 1.06,
    "weightedAverageShsOut": 82941374,
    "weightedAverageShsOutDil": 83521127,
    "link": "",
    "finalLink": ""
  },
  {
    "date": "2004-09-30",
    "symbol": "EVRG",
    "reportedCurrency": "USD",
    "cik": "0001711269",
    "fillingDate": "2004-09-30",
    "acceptedDate": "2004-09-29 20:00:00",
    "calendarYear": "2004",
    "period": "Q3",
    "revenue": 421489000,
    "costOfRevenue": 120037000,
    "grossProfit": 301452000,
    "grossProfitRatio": 0.7152072771,
    "researchAndDevelopmentExpenses": 0,
    "generalAndAdministrativeExpenses": 0,
    "sellingAndMarketingExpenses": 0,
    "sellingGeneralAndAdministrativeExpenses": 40638000,
    "otherExpenses": 142434000,
    "operatingExpenses": 183072000,
    "costAndExpenses": 303109000,
    "interestIncome": 0,
    "interestExpense": 0,
    "depreciationAndAmortization": 46849000,
    "ebitda": 164760000,
    "ebitdaratio": 0.3908998811,
    "operatingIncome": 118380000,
    "operatingIncomeRatio": 0.2808614222,
    "totalOtherIncomeExpensesNet": -30037000,
    "incomeBeforeTax": 88343000,
    "incomeBeforeTaxRatio": 0.2095974035,
    "incomeTaxExpense": 27974000,
    "netIncome": 60369000,
    "netIncomeRatio": 0.1432279371,
    "eps": 0.7,
    "epsdiluted": 0.69,
    "weightedAverageShsOut": 86059210,
    "weightedAverageShsOutDil": 87140580,
    "link": "",
    "finalLink": ""
  },
  {
    "date": "2004-06-30",
    "symbol": "EVRG",
    "reportedCurrency": "USD",
    "cik": "0001711269",
    "fillingDate": "2004-06-30",
    "acceptedDate": "2004-06-29 20:00:00",
    "calendarYear": "2004",
    "period": "Q2",
    "revenue": 358430000,
    "costOfRevenue": 99092000,
    "grossProfit": 259338000,
    "grossProfitRatio": 0.7235387663,
    "researchAndDevelopmentExpenses": 0,
    "generalAndAdministrativeExpenses": 0,
    "sellingAndMarketingExpenses": 0,
    "sellingGeneralAndAdministrativeExpenses": 42063000,
    "otherExpenses": 143790000,
    "operatingExpenses": 185853000,
    "costAndExpenses": 284945000,
    "interestIncome": 0,
    "interestExpense": 0,
    "depreciationAndAmortization": 48867000,
    "ebitda": 118743000,
    "ebitdaratio": 0.3312864437,
    "operatingIncome": 73485000,
    "operatingIncomeRatio": 0.2050191111,
    "totalOtherIncomeExpensesNet": -53570000,
    "incomeBeforeTax": 19915000,
    "incomeBeforeTaxRatio": 0.0555617554,
    "incomeTaxExpense": 5936000,
    "netIncome": 13979000,
    "netIncomeRatio": 0.0390006417,
    "eps": 0.16,
    "epsdiluted": 0.16,
    "weightedAverageShsOut": 85833950,
    "weightedAverageShsOutDil": 85833950,
    "link": "",
    "finalLink": ""
  },
  {
    "date": "2004-03-31",
    "symbol": "EVRG",
    "reportedCurrency": "USD",
    "cik": "0001711269",
    "fillingDate": "2004-03-31",
    "acceptedDate": "2004-03-30 19:00:00",
    "calendarYear": "2004",
    "period": "Q1",
    "revenue": 340263000,
    "costOfRevenue": 101762000,
    "grossProfit": 238501000,
    "grossProfitRatio": 0.7009313384,
    "researchAndDevelopmentExpenses": 0,
    "generalAndAdministrativeExpenses": 0,
    "sellingAndMarketingExpenses": 0,
    "sellingGeneralAndAdministrativeExpenses": 40967000,
    "otherExpenses": 140885000,
    "operatingExpenses": 181852000,
    "costAndExpenses": 283614000,
    "interestIncome": 0,
    "interestExpense": 0,
    "depreciationAndAmortization": 42463000,
    "ebitda": 103563000,
    "ebitdaratio": 0.3043616262,
    "operatingIncome": 56649000,
    "operatingIncomeRatio": 0.1664859241,
    "totalOtherIncomeExpensesNet": -44125000,
    "incomeBeforeTax": 12524000,
    "incomeBeforeTaxRatio": 0.036806823,
    "incomeTaxExpense": 3733000,
    "netIncome": 15679000,
    "netIncomeRatio": 0.0460790624,
    "eps": 0.21,
    "epsdiluted": 0.21,
    "weightedAverageShsOut": 73609221,
    "weightedAverageShsOutDil": 73609221,
    "link": "",
    "finalLink": ""
  },
  {
    "date": "2003-12-31",
    "symbol": "EVRG",
    "reportedCurrency": "USD",
    "cik": "0001711269",
    "fillingDate": "2003-12-31",
    "acceptedDate": "2003-12-30 19:00:00",
    "calendarYear": "2003",
    "period": "Q4",
    "revenue": 331658000,
    "costOfRevenue": 90272000,
    "grossProfit": 241386000,
    "grossProfitRatio": 0.7278160032,
    "researchAndDevelopmentExpenses": 0,
    "generalAndAdministrativeExpenses": 0,
    "sellingAndMarketingExpenses": 0,
    "sellingGeneralAndAdministrativeExpenses": 41928000,
    "otherExpenses": 38507000,
    "operatingExpenses": 80435000,
    "costAndExpenses": 170707000,
    "interestIncome": 0,
    "interestExpense": 0,
    "depreciationAndAmortization": 40705000,
    "ebitda": 202752000,
    "ebitdaratio": 0.6113285372,
    "operatingIncome": 160951000,
    "operatingIncomeRatio": 0.485292078,
    "totalOtherIncomeExpensesNet": -93370000,
    "incomeBeforeTax": 67581000,
    "incomeBeforeTaxRatio": 0.2037671336,
    "incomeTaxExpense": 27159000,
    "netIncome": 13968000,
    "netIncomeRatio": 0.0421156734,
    "eps": 0.19,
    "epsdiluted": 0.19,
    "weightedAverageShsOut": 72428728,
    "weightedAverageShsOutDil": 73080000,
    "link": "",
    "finalLink": ""
  },
  {
    "date": "2003-09-30",
    "symbol": "EVRG",
    "reportedCurrency": "USD",
    "cik": "0001711269",
    "fillingDate": "2003-09-30",
    "acceptedDate": "2003-09-29 20:00:00",
    "calendarYear": "2003",
    "period": "Q3",
    "revenue": 438167000,
    "costOfRevenue": 121434000,
    "grossProfit": 316733000,
    "grossProfitRatio": 0.7228590925,
    "researchAndDevelopmentExpenses": 0,
    "generalAndAdministrativeExpenses": 0,
    "sellingAndMarketingExpenses": 0,
    "sellingGeneralAndAdministrativeExpenses": 35669000,
    "otherExpenses": 128161000,
    "operatingExpenses": 163830000,
    "costAndExpenses": 285264000,
    "interestIncome": 0,
    "interestExpense": 0,
    "depreciationAndAmortization": 40772000,
    "ebitda": 199085000,
    "ebitdaratio": 0.4543587262,
    "operatingIncome": 152903000,
    "operatingIncomeRatio": 0.3489605561,
    "totalOtherIncomeExpensesNet": -34203000,
    "incomeBeforeTax": 118700000,
    "incomeBeforeTaxRatio": 0.2709012774,
    "incomeTaxExpense": 38116000,
    "netIncome": -1535926000,
    "netIncomeRatio": -3.5053438529,
    "eps": -21.16,
    "epsdiluted": -21.16,
    "weightedAverageShsOut": 72571600,
    "weightedAverageShsOutDil": 72571600,
    "link": "",
    "finalLink": ""
  },
  {
    "date": "2003-06-30",
    "symbol": "EVRG",
    "reportedCurrency": "USD",
    "cik": "0001711269",
    "fillingDate": "2003-06-30",
    "acceptedDate": "2003-06-29 20:00:00",
    "calendarYear": "2003",
    "period": "Q2",
    "revenue": 345885000,
    "costOfRevenue": 88709000,
    "grossProfit": 257176000,
    "grossProfitRatio": 0.7435303641,
    "researchAndDevelopmentExpenses": 0,
    "generalAndAdministrativeExpenses": 0,
    "sellingAndMarketingExpenses": 0,
    "sellingGeneralAndAdministrativeExpenses": 40187000,
    "otherExpenses": 137369000,
    "operatingExpenses": 177556000,
    "costAndExpenses": 266265000,
    "interestIncome": 0,
    "interestExpense": 0,
    "depreciationAndAmortization": 40853000,
    "ebitda": 128169000,
    "ebitdaratio": 0.3705537968,
    "operatingIncome": 79620000,
    "operatingIncomeRatio": 0.2301921159,
    "totalOtherIncomeExpensesNet": -50401000,
    "incomeBeforeTax": 29219000,
    "incomeBeforeTaxRatio": 0.0844760542,
    "incomeTaxExpense": 7412000,
    "netIncome": 28185000,
    "netIncomeRatio": 0.0814866213,
    "eps": 0.39,
    "epsdiluted": 0.38,
    "weightedAverageShsOut": 72207473,
    "weightedAverageShsOutDil": 73534211,
    "link": "",
    "finalLink": ""
  },
  {
    "date": "2003-03-31",
    "symbol": "EVRG",
    "reportedCurrency": "USD",
    "cik": "0001711269",
    "fillingDate": "2003-03-31",
    "acceptedDate": "2003-03-30 19:00:00",
    "calendarYear": "2003",
    "period": "Q1",
    "revenue": 345434000,
    "costOfRevenue": 89897000,
    "grossProfit": 255537000,
    "grossProfitRatio": 0.7397563645,
    "researchAndDevelopmentExpenses": 0,
    "generalAndAdministrativeExpenses": 0,
    "sellingAndMarketingExpenses": 0,
    "sellingGeneralAndAdministrativeExpenses": 43041000,
    "otherExpenses": 135744000,
    "operatingExpenses": 178785000,
    "costAndExpenses": 268682000,
    "interestIncome": 0,
    "interestExpense": 0,
    "depreciationAndAmortization": 39572000,
    "ebitda": 118668000,
    "ebitdaratio": 0.3435330628,
    "operatingIncome": 76752000,
    "operatingIncomeRatio": 0.2221900566,
    "totalOtherIncomeExpensesNet": -47569000,
    "incomeBeforeTax": 29183000,
    "incomeBeforeTaxRatio": 0.0844821297,
    "incomeTaxExpense": 9081000,
    "netIncome": 123924000,
    "netIncomeRatio": 0.3587487045,
    "eps": 1.72,
    "epsdiluted": 1.71,
    "weightedAverageShsOut": 72038854,
    "weightedAverageShsOutDil": 72337427,
    "link": "",
    "finalLink": ""
  },
  {
    "date": "2002-12-31",
    "symbol": "EVRG",
    "reportedCurrency": "USD",
    "cik": "0001711269",
    "fillingDate": "2002-12-31",
    "acceptedDate": "2002-12-30 19:00:00",
    "calendarYear": "2002",
    "period": "Q4",
    "revenue": 417157000,
    "costOfRevenue": 126545000,
    "grossProfit": 290612000,
    "grossProfitRatio": 0.6966489835,
    "researchAndDevelopmentExpenses": 0,
    "generalAndAdministrativeExpenses": 0,
    "sellingAndMarketingExpenses": 0,
    "sellingGeneralAndAdministrativeExpenses": 589808000,
    "otherExpenses": -180577000,
    "operatingExpenses": 409231000,
    "costAndExpenses": 535776000,
    "interestIncome": 0,
    "interestExpense": 0,
    "depreciationAndAmortization": 79693000,
    "ebitda": -38926000,
    "ebitdaratio": -0.0933125897,
    "operatingIncome": -118619000,
    "operatingIncomeRatio": -0.2843509758,
    "totalOtherIncomeExpensesNet": -32633000,
    "incomeBeforeTax": -151252000,
    "incomeBeforeTaxRatio": -0.3625781181,
    "incomeTaxExpense": -51959000,
    "netIncome": -99316000,
    "netIncomeRatio": -0.2380782295,
    "eps": -1.38,
    "epsdiluted": -1.38,
    "weightedAverageShsOut": 71731580,
    "weightedAverageShsOutDil": 71731580,
    "link": "",
    "finalLink": ""
  },
  {
    "date": "2002-09-30",
    "symbol": "EVRG",
    "reportedCurrency": "USD",
    "cik": "0001711269",
    "fillingDate": "2002-09-30",
    "acceptedDate": "2002-09-30 00:00:00",
    "calendarYear": "2002",
    "period": "Q3",
    "revenue": 442145000,
    "costOfRevenue": 114628000,
    "grossProfit": 327517000,
    "grossProfitRatio": 0.740745683,
    "researchAndDevelopmentExpenses": 0,
    "generalAndAdministrativeExpenses": 0,
    "sellingAndMarketingExpenses": 0,
    "sellingGeneralAndAdministrativeExpenses": 37315000,
    "otherExpenses": 134105000,
    "operatingExpenses": 171420000,
    "costAndExpenses": 286048000,
    "interestIncome": 0,
    "interestExpense": 0,
    "depreciationAndAmortization": 69958000,
    "ebitda": 197102000,
    "ebitdaratio": 0.4457858847,
    "operatingIncome": 153527000,
    "operatingIncomeRatio": 0.3472322428,
    "totalOtherIncomeExpensesNet": -84069000,
    "incomeBeforeTax": 67125000,
    "incomeBeforeTaxRatio": 0.1518167117,
    "incomeTaxExpense": 23350000,
    "netIncome": 43567000,
    "netIncomeRatio": 0.0985355483,
    "eps": 0.61,
    "epsdiluted": 0.6,
    "weightedAverageShsOut": 71442585,
    "weightedAverageShsOutDil": 72058784,
    "link": null,
    "finalLink": null
  },
  {
    "date": "2002-06-30",
    "symbol": "EVRG",
    "reportedCurrency": "USD",
    "cik": "0001711269",
    "fillingDate": "2002-06-30",
    "acceptedDate": "2002-06-30 00:00:00",
    "calendarYear": "2002",
    "period": "Q2",
    "revenue": 505126000,
    "costOfRevenue": 205234000,
    "grossProfit": 299892000,
    "grossProfitRatio": 0.5936974141,
    "researchAndDevelopmentExpenses": 0,
    "generalAndAdministrativeExpenses": 0,
    "sellingAndMarketingExpenses": 0,
    "sellingGeneralAndAdministrativeExpenses": 78194000,
    "otherExpenses": 164834000,
    "operatingExpenses": 243028000,
    "costAndExpenses": 448262000,
    "interestIncome": 0,
    "interestExpense": 0,
    "depreciationAndAmortization": 66601000,
    "ebitda": 151069000,
    "ebitdaratio": 0.2990719147,
    "operatingIncome": 56864000,
    "operatingIncomeRatio": 0.1125738925,
    "totalOtherIncomeExpensesNet": -58610000,
    "incomeBeforeTax": -1746000,
    "incomeBeforeTaxRatio": -0.0034565633,
    "incomeTaxExpense": -6779000,
    "netIncome": 9275000,
    "netIncomeRatio": 0.0183617553,
    "eps": 0.18,
    "epsdiluted": 0.18,
    "weightedAverageShsOut": 71645655,
    "weightedAverageShsOutDil": 71645655,
    "link": null,
    "finalLink": null
  },
  {
    "date": "2002-03-31",
    "symbol": "EVRG",
    "reportedCurrency": "USD",
    "cik": "0001711269",
    "fillingDate": "2002-03-31",
    "acceptedDate": "2002-03-31 00:00:00",
    "calendarYear": "2002",
    "period": "Q1",
    "revenue": 317239000,
    "costOfRevenue": 88490000,
    "grossProfit": 228749000,
    "grossProfitRatio": 0.7210620384,
    "researchAndDevelopmentExpenses": 0,
    "generalAndAdministrativeExpenses": 0,
    "sellingAndMarketingExpenses": 0,
    "sellingGeneralAndAdministrativeExpenses": 64991000,
    "otherExpenses": 141489000,
    "operatingExpenses": 206480000,
    "costAndExpenses": 294970000,
    "interestIncome": 0,
    "interestExpense": 0,
    "depreciationAndAmortization": 74587000,
    "ebitda": 70369000,
    "ebitdaratio": 0.2218169897,
    "operatingIncome": -318255000,
    "operatingIncomeRatio": -1.0032026327,
    "totalOtherIncomeExpensesNet": -22897000,
    "incomeBeforeTax": -254047000,
    "incomeBeforeTaxRatio": -0.8008063321,
    "incomeTaxExpense": -127290000,
    "netIncome": -746526000,
    "netIncomeRatio": -2.3531974316,
    "eps": -10.46,
    "epsdiluted": -10.46,
    "weightedAverageShsOut": 71368922,
    "weightedAverageShsOutDil": 71368922,
    "link": null,
    "finalLink": null
  },
  {
    "date": "2001-12-31",
    "symbol": "EVRG",
    "reportedCurrency": "USD",
    "cik": "0001711269",
    "fillingDate": "2001-12-31",
    "acceptedDate": "2001-12-31 00:00:00",
    "calendarYear": "2001",
    "period": "Q4",
    "revenue": 435554000,
    "costOfRevenue": 182651000,
    "grossProfit": 252903000,
    "grossProfitRatio": 0.5806467166,
    "researchAndDevelopmentExpenses": 0,
    "generalAndAdministrativeExpenses": 0,
    "sellingAndMarketingExpenses": 0,
    "sellingGeneralAndAdministrativeExpenses": 89304000,
    "otherExpenses": 207362000,
    "operatingExpenses": 296666000,
    "costAndExpenses": 479317000,
    "interestIncome": 0,
    "interestExpense": 0,
    "depreciationAndAmortization": 113194000,
    "ebitda": 69431000,
    "ebitdaratio": 0.1594084775,
    "operatingIncome": -43763000,
    "operatingIncomeRatio": -0.1004766344,
    "totalOtherIncomeExpensesNet": -26910000,
    "incomeBeforeTax": -70673000,
    "incomeBeforeTaxRatio": -0.1622600183,
    "incomeTaxExpense": -36425000,
    "netIncome": -31115000,
    "netIncomeRatio": -0.0714377551,
    "eps": -0.44,
    "epsdiluted": -0.44,
    "weightedAverageShsOut": 70649969,
    "weightedAverageShsOutDil": 70649969,
    "link": null,
    "finalLink": null
  },
  {
    "date": "2001-09-30",
    "symbol": "EVRG",
    "reportedCurrency": "USD",
    "cik": "0001711269",
    "fillingDate": "2001-09-30",
    "acceptedDate": "2001-09-30 00:00:00",
    "calendarYear": "2001",
    "period": "Q3",
    "revenue": 513490000,
    "costOfRevenue": 157688000,
    "grossProfit": 355802000,
    "grossProfitRatio": 0.6929093069,
    "researchAndDevelopmentExpenses": 0,
    "generalAndAdministrativeExpenses": 0,
    "sellingAndMarketingExpenses": 0,
    "sellingGeneralAndAdministrativeExpenses": 82409000,
    "otherExpenses": 182931000,
    "operatingExpenses": 265340000,
    "costAndExpenses": 423028000,
    "interestIncome": 0,
    "interestExpense": 0,
    "depreciationAndAmortization": 100847000,
    "ebitda": 193437000,
    "ebitdaratio": 0.3767103546,
    "operatingIncome": 90351000,
    "operatingIncomeRatio": 0.1759547411,
    "totalOtherIncomeExpensesNet": -40456000,
    "incomeBeforeTax": 35664000,
    "incomeBeforeTaxRatio": 0.0694541276,
    "incomeTaxExpense": 8942000,
    "netIncome": 35976000,
    "netIncomeRatio": 0.0700617344,
    "eps": 0.51,
    "epsdiluted": 0.5,
    "weightedAverageShsOut": 70735702,
    "weightedAverageShsOutDil": 70735702,
    "link": null,
    "finalLink": null
  },
  {
    "date": "2001-06-30",
    "symbol": "EVRG",
    "reportedCurrency": "USD",
    "cik": "0001711269",
    "fillingDate": "2001-06-30",
    "acceptedDate": "2001-06-30 00:00:00",
    "calendarYear": "2001",
    "period": "Q2",
    "revenue": 520826000,
    "costOfRevenue": 236664000,
    "grossProfit": 284162000,
    "grossProfitRatio": 0.545598722,
    "researchAndDevelopmentExpenses": 0,
    "generalAndAdministrativeExpenses": 0,
    "sellingAndMarketingExpenses": 0,
    "sellingGeneralAndAdministrativeExpenses": 83106000,
    "otherExpenses": 208709000,
    "operatingExpenses": 291815000,
    "costAndExpenses": 528479000,
    "interestIncome": 0,
    "interestExpense": 0,
    "depreciationAndAmortization": 100072000,
    "ebitda": 94581000,
    "ebitdaratio": 0.1815980769,
    "operatingIncome": -7710000,
    "operatingIncomeRatio": -0.0148034084,
    "totalOtherIncomeExpensesNet": -62661000,
    "incomeBeforeTax": -70367000,
    "incomeBeforeTaxRatio": -0.1351065423,
    "incomeTaxExpense": -34353000,
    "netIncome": -30188000,
    "netIncomeRatio": -0.0579617761,
    "eps": -0.43,
    "epsdiluted": -0.43,
    "weightedAverageShsOut": 70409093,
    "weightedAverageShsOutDil": 70409093,
    "link": null,
    "finalLink": null
  },
  {
    "date": "2001-03-31",
    "symbol": "EVRG",
    "reportedCurrency": "USD",
    "cik": "0001711269",
    "fillingDate": "2001-03-31",
    "acceptedDate": "2001-03-31 00:00:00",
    "calendarYear": "2001",
    "period": "Q1",
    "revenue": 560741000,
    "costOfRevenue": 269604000,
    "grossProfit": 291137000,
    "grossProfitRatio": 0.5192004865,
    "researchAndDevelopmentExpenses": 0,
    "generalAndAdministrativeExpenses": 0,
    "sellingAndMarketingExpenses": 0,
    "sellingGeneralAndAdministrativeExpenses": 78874000,
    "otherExpenses": 195169000,
    "operatingExpenses": 274043000,
    "costAndExpenses": 543647000,
    "interestIncome": 0,
    "interestExpense": 0,
    "depreciationAndAmortization": 99529000,
    "ebitda": 119580000,
    "ebitdaratio": 0.2132535342,
    "operatingIncome": 16119000,
    "operatingIncomeRatio": 0.0287458916,
    "totalOtherIncomeExpensesNet": -55320000,
    "incomeBeforeTax": -38226000,
    "incomeBeforeTaxRatio": -0.0681705101,
    "incomeTaxExpense": -19039000,
    "netIncome": 4450000,
    "netIncomeRatio": 0.0079359276,
    "eps": 0.06,
    "epsdiluted": 0.06,
    "weightedAverageShsOut": 70359298,
    "weightedAverageShsOutDil": 70359298,
    "link": null,
    "finalLink": null
  },
  {
    "date": "2000-12-31",
    "symbol": "EVRG",
    "reportedCurrency": "USD",
    "cik": "0001711269",
    "fillingDate": "2000-12-31",
    "acceptedDate": "2000-12-31 00:00:00",
    "calendarYear": "2000",
    "period": "Q4",
    "revenue": 572480000,
    "costOfRevenue": 277781000,
    "grossProfit": 294699000,
    "grossProfitRatio": 0.514776062,
    "researchAndDevelopmentExpenses": 0,
    "generalAndAdministrativeExpenses": 0,
    "sellingAndMarketingExpenses": 0,
    "sellingGeneralAndAdministrativeExpenses": 96123000,
    "otherExpenses": 193577000,
    "operatingExpenses": 289700000,
    "costAndExpenses": 567481000,
    "interestIncome": 0,
    "interestExpense": 0,
    "depreciationAndAmortization": 100138000,
    "ebitda": 114330000,
    "ebitdaratio": 0.1997100335,
    "operatingIncome": 4999000,
    "operatingIncomeRatio": 0.0087321828,
    "totalOtherIncomeExpensesNet": -44224000,
    "incomeBeforeTax": -39225000,
    "incomeBeforeTaxRatio": -0.0685176775,
    "incomeTaxExpense": -8109000,
    "netIncome": -28240000,
    "netIncomeRatio": -0.0493292342,
    "eps": -0.41,
    "epsdiluted": -0.41,
    "weightedAverageShsOut": 68962245,
    "weightedAverageShsOutDil": 68962245,
    "link": null,
    "finalLink": null
  },
  {
    "date": "2000-09-30",
    "symbol": "EVRG",
    "reportedCurrency": "USD",
    "cik": "0001711269",
    "fillingDate": "2000-09-30",
    "acceptedDate": "2000-09-30 00:00:00",
    "calendarYear": "2000",
    "period": "Q3",
    "revenue": 759562000,
    "costOfRevenue": 364028000,
    "grossProfit": 395534000,
    "grossProfitRatio": 0.5207395841,
    "researchAndDevelopmentExpenses": 0,
    "generalAndAdministrativeExpenses": 0,
    "sellingAndMarketingExpenses": 0,
    "sellingGeneralAndAdministrativeExpenses": 84198000,
    "otherExpenses": 190336000,
    "operatingExpenses": 274534000,
    "costAndExpenses": 638562000,
    "interestIncome": 0,
    "interestExpense": 0,
    "depreciationAndAmortization": 101025000,
    "ebitda": 226393000,
    "ebitdaratio": 0.2980573014,
    "operatingIncome": 123539000,
    "operatingIncomeRatio": 0.1626450507,
    "totalOtherIncomeExpensesNet": -57002000,
    "incomeBeforeTax": 68937000,
    "incomeBeforeTaxRatio": 0.0907588847,
    "incomeTaxExpense": 13288000,
    "netIncome": 62365000,
    "netIncomeRatio": 0.0821065298,
    "eps": 0.96,
    "epsdiluted": 0.95,
    "weightedAverageShsOut": 69382338,
    "weightedAverageShsOutDil": 69382338,
    "link": null,
    "finalLink": null
  },
  {
    "date": "2000-06-30",
    "symbol": "EVRG",
    "reportedCurrency": "USD",
    "cik": "0001711269",
    "fillingDate": "2000-06-30",
    "acceptedDate": "2000-06-30 00:00:00",
    "calendarYear": "2000",
    "period": "Q2",
    "revenue": 546607000,
    "costOfRevenue": 214718000,
    "grossProfit": 331889000,
    "grossProfitRatio": 0.6071802959,
    "researchAndDevelopmentExpenses": 0,
    "generalAndAdministrativeExpenses": 0,
    "sellingAndMarketingExpenses": 0,
    "sellingGeneralAndAdministrativeExpenses": 76916000,
    "otherExpenses": 190750000,
    "operatingExpenses": 267666000,
    "costAndExpenses": 482384000,
    "interestIncome": 0,
    "interestExpense": 0,
    "depreciationAndAmortization": 103730000,
    "ebitda": 172322000,
    "ebitdaratio": 0.3152575799,
    "operatingIncome": 66741000,
    "operatingIncomeRatio": 0.1221005219,
    "totalOtherIncomeExpensesNet": -40018000,
    "incomeBeforeTax": 29101000,
    "incomeBeforeTaxRatio": 0.0532393475,
    "incomeTaxExpense": 3909000,
    "netIncome": 42539000,
    "netIncomeRatio": 0.0778237381,
    "eps": 0.59,
    "epsdiluted": 0.59,
    "weightedAverageShsOut": 68731435,
    "weightedAverageShsOutDil": 68731435,
    "link": null,
    "finalLink": null
  },
  {
    "date": "2000-03-31",
    "symbol": "EVRG",
    "reportedCurrency": "USD",
    "cik": "0001711269",
    "fillingDate": "2000-03-31",
    "acceptedDate": "2000-03-31 00:00:00",
    "calendarYear": "2000",
    "period": "Q1",
    "revenue": 481699000,
    "costOfRevenue": 174939000,
    "grossProfit": 306760000,
    "grossProfitRatio": 0.6368292232,
    "researchAndDevelopmentExpenses": 0,
    "generalAndAdministrativeExpenses": 0,
    "sellingAndMarketingExpenses": 0,
    "sellingGeneralAndAdministrativeExpenses": 84915000,
    "otherExpenses": 193988000,
    "operatingExpenses": 278903000,
    "costAndExpenses": 453842000,
    "interestIncome": 0,
    "interestExpense": 0,
    "depreciationAndAmortization": 103411000,
    "ebitda": 135637000,
    "ebitdaratio": 0.281580406,
    "operatingIncome": 30350000,
    "operatingIncomeRatio": 0.0630061511,
    "totalOtherIncomeExpensesNet": 45682000,
    "incomeBeforeTax": 78297000,
    "incomeBeforeTaxRatio": 0.162543414,
    "incomeTaxExpense": 36973000,
    "netIncome": 59816000,
    "netIncomeRatio": 0.1241771314,
    "eps": 0.88,
    "epsdiluted": 0.88,
    "weightedAverageShsOut": 67734125,
    "weightedAverageShsOutDil": 67734125,
    "link": null,
    "finalLink": null
  },
  {
    "date": "1999-12-31",
    "symbol": "EVRG",
    "reportedCurrency": "USD",
    "cik": "0001711269",
    "fillingDate": "1999-12-31",
    "acceptedDate": "1999-12-31 00:00:00",
    "calendarYear": "1999",
    "period": "Q4",
    "revenue": 450500000,
    "costOfRevenue": 130400000,
    "grossProfit": 320100000,
    "grossProfitRatio": 0.7105438402,
    "researchAndDevelopmentExpenses": 0,
    "generalAndAdministrativeExpenses": 0,
    "sellingAndMarketingExpenses": 0,
    "sellingGeneralAndAdministrativeExpenses": 95200000,
    "otherExpenses": 224400000,
    "operatingExpenses": 319600000,
    "costAndExpenses": 450000000,
    "interestIncome": 0,
    "interestExpense": 0,
    "depreciationAndAmortization": 180800000,
    "ebitda": 106900000,
    "ebitdaratio": 0.2372918979,
    "operatingIncome": 500000,
    "operatingIncomeRatio": 0.0011098779,
    "totalOtherIncomeExpensesNet": -143800000,
    "incomeBeforeTax": -143300000,
    "incomeBeforeTaxRatio": -0.31809101,
    "incomeTaxExpense": -55800000,
    "netIncome": -75800000,
    "netIncomeRatio": -0.1682574917,
    "eps": -1.13,
    "epsdiluted": -1.13,
    "weightedAverageShsOut": 67080281,
    "weightedAverageShsOutDil": 67328244,
    "link": null,
    "finalLink": null
  },
  {
    "date": "1999-09-30",
    "symbol": "EVRG",
    "reportedCurrency": "USD",
    "cik": "0001711269",
    "fillingDate": "1999-09-30",
    "acceptedDate": "1999-09-30 00:00:00",
    "calendarYear": "1999",
    "period": "Q3",
    "revenue": 649000000,
    "costOfRevenue": 232800000,
    "grossProfit": 416200000,
    "grossProfitRatio": 0.6412942989,
    "researchAndDevelopmentExpenses": 0,
    "generalAndAdministrativeExpenses": 0,
    "sellingAndMarketingExpenses": 0,
    "sellingGeneralAndAdministrativeExpenses": 100600000,
    "otherExpenses": 197600000,
    "operatingExpenses": 298200000,
    "costAndExpenses": 531000000,
    "interestIncome": 0,
    "interestExpense": 0,
    "depreciationAndAmortization": 119800000,
    "ebitda": 248100000,
    "ebitdaratio": 0.3822804314,
    "operatingIncome": 118000000,
    "operatingIncomeRatio": 0.1818181818,
    "totalOtherIncomeExpensesNet": -59000000,
    "incomeBeforeTax": 59000000,
    "incomeBeforeTaxRatio": 0.0909090909,
    "incomeTaxExpense": 10000000,
    "netIncome": 49000000,
    "netIncomeRatio": 0.0755007704,
    "eps": 0.72,
    "epsdiluted": 0.72,
    "weightedAverageShsOut": 68055556,
    "weightedAverageShsOutDil": 68055556,
    "link": null,
    "finalLink": null
  },
  {
    "date": "1999-06-30",
    "symbol": "EVRG",
    "reportedCurrency": "USD",
    "cik": "0001711269",
    "fillingDate": "1999-06-30",
    "acceptedDate": "1999-06-30 00:00:00",
    "calendarYear": "1999",
    "period": "Q2",
    "revenue": 476100000,
    "costOfRevenue": 151700000,
    "grossProfit": 324400000,
    "grossProfitRatio": 0.6813694602,
    "researchAndDevelopmentExpenses": 0,
    "generalAndAdministrativeExpenses": 0,
    "sellingAndMarketingExpenses": 0,
    "sellingGeneralAndAdministrativeExpenses": 75000000,
    "otherExpenses": 171300000,
    "operatingExpenses": 246300000,
    "costAndExpenses": 398000000,
    "interestIncome": 0,
    "interestExpense": 0,
    "depreciationAndAmortization": 71300000,
    "ebitda": 164900000,
    "ebitdaratio": 0.3463558076,
    "operatingIncome": 78100000,
    "operatingIncomeRatio": 0.1640411678,
    "totalOtherIncomeExpensesNet": -56800000,
    "incomeBeforeTax": 21300000,
    "incomeBeforeTaxRatio": 0.0447385003,
    "incomeTaxExpense": 2800000,
    "netIncome": 18500000,
    "netIncomeRatio": 0.0388573829,
    "eps": 0.27,
    "epsdiluted": 0.27,
    "weightedAverageShsOut": 68518519,
    "weightedAverageShsOutDil": 68518519,
    "link": null,
    "finalLink": null
  },
  {
    "date": "1999-03-31",
    "symbol": "EVRG",
    "reportedCurrency": "USD",
    "cik": "0001711269",
    "fillingDate": "1999-03-31",
    "acceptedDate": "1999-03-31 00:00:00",
    "calendarYear": "1999",
    "period": "Q1",
    "revenue": 460600000,
    "costOfRevenue": 147900000,
    "grossProfit": 312700000,
    "grossProfitRatio": 0.6788970908,
    "researchAndDevelopmentExpenses": 0,
    "generalAndAdministrativeExpenses": 0,
    "sellingAndMarketingExpenses": 0,
    "sellingGeneralAndAdministrativeExpenses": 71900000,
    "otherExpenses": 162900000,
    "operatingExpenses": 234800000,
    "costAndExpenses": 382700000,
    "interestIncome": 0,
    "interestExpense": 0,
    "depreciationAndAmortization": 61300000,
    "ebitda": 161700000,
    "ebitdaratio": 0.3510638298,
    "operatingIncome": 77900000,
    "operatingIncomeRatio": 0.1691272254,
    "totalOtherIncomeExpensesNet": -47600000,
    "incomeBeforeTax": 30300000,
    "incomeBeforeTaxRatio": 0.0657837603,
    "incomeTaxExpense": 9600000,
    "netIncome": 20700000,
    "netIncomeRatio": 0.0449413808,
    "eps": 0.31,
    "epsdiluted": 0.31,
    "weightedAverageShsOut": 66774194,
    "weightedAverageShsOutDil": 66774194,
    "link": null,
    "finalLink": null
  },
  {
    "date": "1998-12-31",
    "symbol": "EVRG",
    "reportedCurrency": "USD",
    "cik": "0001711269",
    "fillingDate": "1998-12-31",
    "acceptedDate": "1998-12-31 00:00:00",
    "calendarYear": "1998",
    "period": "Q4",
    "revenue": 487100000,
    "costOfRevenue": 185000000,
    "grossProfit": 302100000,
    "grossProfitRatio": 0.6202011907,
    "researchAndDevelopmentExpenses": 0,
    "generalAndAdministrativeExpenses": 0,
    "sellingAndMarketingExpenses": 0,
    "sellingGeneralAndAdministrativeExpenses": 100200000,
    "otherExpenses": 277700000,
    "operatingExpenses": 377900000,
    "costAndExpenses": 562900000,
    "interestIncome": 0,
    "interestExpense": 0,
    "depreciationAndAmortization": 88500000,
    "ebitda": 300000,
    "ebitdaratio": 0.00061589,
    "operatingIncome": -75800000,
    "operatingIncomeRatio": -0.1556148635,
    "totalOtherIncomeExpensesNet": -72000000,
    "incomeBeforeTax": -147800000,
    "incomeBeforeTaxRatio": -0.3034284541,
    "incomeTaxExpense": -57500000,
    "netIncome": -90300000,
    "netIncomeRatio": -0.1853828783,
    "eps": -1.38,
    "epsdiluted": -1.34,
    "weightedAverageShsOut": 65633743,
    "weightedAverageShsOutDil": 67365854,
    "link": null,
    "finalLink": null
  },
  {
    "date": "1998-09-30",
    "symbol": "EVRG",
    "reportedCurrency": "USD",
    "cik": "0001711269",
    "fillingDate": "1998-09-30",
    "acceptedDate": "1998-09-30 00:00:00",
    "calendarYear": "1998",
    "period": "Q3",
    "revenue": 701400000,
    "costOfRevenue": 336000000,
    "grossProfit": 365400000,
    "grossProfitRatio": 0.5209580838,
    "researchAndDevelopmentExpenses": 0,
    "generalAndAdministrativeExpenses": 0,
    "sellingAndMarketingExpenses": 0,
    "sellingGeneralAndAdministrativeExpenses": 54500000,
    "otherExpenses": 154600000,
    "operatingExpenses": 209100000,
    "costAndExpenses": 545100000,
    "interestIncome": 0,
    "interestExpense": 0,
    "depreciationAndAmortization": 57300000,
    "ebitda": 228500000,
    "ebitdaratio": 0.3257770174,
    "operatingIncome": 159200000,
    "operatingIncomeRatio": 0.2269746222,
    "totalOtherIncomeExpensesNet": -44100000,
    "incomeBeforeTax": 115300000,
    "incomeBeforeTaxRatio": 0.1643855147,
    "incomeTaxExpense": 42500000,
    "netIncome": 72800000,
    "netIncomeRatio": 0.1037924152,
    "eps": 1.1,
    "epsdiluted": 1.1,
    "weightedAverageShsOut": 64909091,
    "weightedAverageShsOutDil": 64909091,
    "link": null,
    "finalLink": null
  },
  {
    "date": "1998-06-30",
    "symbol": "EVRG",
    "reportedCurrency": "USD",
    "cik": "0001711269",
    "fillingDate": "1998-06-30",
    "acceptedDate": "1998-06-30 00:00:00",
    "calendarYear": "1998",
    "period": "Q2",
    "revenue": 463300000,
    "costOfRevenue": 172000000,
    "grossProfit": 291300000,
    "grossProfitRatio": 0.6287502698,
    "researchAndDevelopmentExpenses": 0,
    "generalAndAdministrativeExpenses": 0,
    "sellingAndMarketingExpenses": 0,
    "sellingGeneralAndAdministrativeExpenses": 68600000,
    "otherExpenses": 150400000,
    "operatingExpenses": 219000000,
    "costAndExpenses": 391000000,
    "interestIncome": 0,
    "interestExpense": 0,
    "depreciationAndAmortization": 40700000,
    "ebitda": 140900000,
    "ebitdaratio": 0.3041225987,
    "operatingIncome": 80700000,
    "operatingIncomeRatio": 0.1741851932,
    "totalOtherIncomeExpensesNet": -26200000,
    "incomeBeforeTax": 53700000,
    "incomeBeforeTaxRatio": 0.1159076193,
    "incomeTaxExpense": 20500000,
    "netIncome": 34800000,
    "netIncomeRatio": 0.0751133175,
    "eps": 0.5,
    "epsdiluted": 0.5,
    "weightedAverageShsOut": 62000000,
    "weightedAverageShsOutDil": 62000000,
    "link": null,
    "finalLink": null
  },
  {
    "date": "1998-03-31",
    "symbol": "EVRG",
    "reportedCurrency": "USD",
    "cik": "0001711269",
    "fillingDate": "1998-03-31",
    "acceptedDate": "1998-03-31 00:00:00",
    "calendarYear": "1998",
    "period": "Q1",
    "revenue": 382300000,
    "costOfRevenue": 130300000,
    "grossProfit": 252000000,
    "grossProfitRatio": 0.6591681925,
    "researchAndDevelopmentExpenses": 0,
    "generalAndAdministrativeExpenses": 0,
    "sellingAndMarketingExpenses": 0,
    "sellingGeneralAndAdministrativeExpenses": 48600000,
    "otherExpenses": 138600000,
    "operatingExpenses": 187200000,
    "costAndExpenses": 317500000,
    "interestIncome": 0,
    "interestExpense": 0,
    "depreciationAndAmortization": 38000000,
    "ebitda": 125700000,
    "ebitdaratio": 0.3287993722,
    "operatingIncome": 66600000,
    "operatingIncomeRatio": 0.1742087366,
    "totalOtherIncomeExpensesNet": -26900000,
    "incomeBeforeTax": 39500000,
    "incomeBeforeTaxRatio": 0.1033219984,
    "incomeTaxExpense": 9100000,
    "netIncome": 30400000,
    "netIncomeRatio": 0.0795187026,
    "eps": 0.45,
    "epsdiluted": 0.45,
    "weightedAverageShsOut": 66222222,
    "weightedAverageShsOutDil": 66222222,
    "link": null,
    "finalLink": null
  },
  {
    "date": "1997-12-31",
    "symbol": "EVRG",
    "reportedCurrency": "USD",
    "cik": "0001711269",
    "fillingDate": "1997-12-31",
    "acceptedDate": "1997-12-31 00:00:00",
    "calendarYear": "1997",
    "period": "Q4",
    "revenue": 511600000,
    "costOfRevenue": 484400000,
    "grossProfit": 27200000,
    "grossProfitRatio": 0.0531665364,
    "researchAndDevelopmentExpenses": 0,
    "generalAndAdministrativeExpenses": 0,
    "sellingAndMarketingExpenses": 0,
    "sellingGeneralAndAdministrativeExpenses": 0,
    "otherExpenses": -689400000,
    "operatingExpenses": -689400000,
    "costAndExpenses": -205000000,
    "interestIncome": 0,
    "interestExpense": 0,
    "depreciationAndAmortization": 505500000,
    "ebitda": 779000000,
    "ebitdaratio": 1.522673964,
    "operatingIncome": 716600000,
    "operatingIncomeRatio": 1.4007036747,
    "totalOtherIncomeExpensesNet": -484000000,
    "incomeBeforeTax": 232600000,
    "incomeBeforeTaxRatio": 0.4546520719,
    "incomeTaxExpense": 312300000,
    "netIncome": -79700000,
    "netIncomeRatio": -0.1557857701,
    "eps": -1.22,
    "epsdiluted": -1.21,
    "weightedAverageShsOut": 65127803,
    "weightedAverageShsOutDil": 65652174,
    "link": null,
    "finalLink": null
  },
  {
    "date": "1997-09-30",
    "symbol": "EVRG",
    "reportedCurrency": "USD",
    "cik": "0001711269",
    "fillingDate": "1997-09-30",
    "acceptedDate": "1997-09-30 00:00:00",
    "calendarYear": "1997",
    "period": "Q3",
    "revenue": 560000000,
    "costOfRevenue": 221300000,
    "grossProfit": 338700000,
    "grossProfitRatio": 0.6048214286,
    "researchAndDevelopmentExpenses": 0,
    "generalAndAdministrativeExpenses": 0,
    "sellingAndMarketingExpenses": 0,
    "sellingGeneralAndAdministrativeExpenses": 71000000,
    "otherExpenses": 157400000,
    "operatingExpenses": 228400000,
    "costAndExpenses": 449700000,
    "interestIncome": 0,
    "interestExpense": 0,
    "depreciationAndAmortization": -406600000,
    "ebitda": 171700000,
    "ebitdaratio": 0.3066071429,
    "operatingIncome": 118900000,
    "operatingIncomeRatio": 0.2123214286,
    "totalOtherIncomeExpensesNet": 430300000,
    "incomeBeforeTax": 540600000,
    "incomeBeforeTaxRatio": 0.9653571429,
    "incomeTaxExpense": 32200000,
    "netIncome": 508400000,
    "netIncomeRatio": 0.9078571429,
    "eps": 7.77,
    "epsdiluted": 7.77,
    "weightedAverageShsOut": 65431145,
    "weightedAverageShsOutDil": 65431145,
    "link": null,
    "finalLink": null
  },
  {
    "date": "1997-06-30",
    "symbol": "EVRG",
    "reportedCurrency": "USD",
    "cik": "0001711269",
    "fillingDate": "1997-06-30",
    "acceptedDate": "1997-06-30 00:00:00",
    "calendarYear": "1997",
    "period": "Q2",
    "revenue": 454000000,
    "costOfRevenue": 188500000,
    "grossProfit": 265500000,
    "grossProfitRatio": 0.5848017621,
    "researchAndDevelopmentExpenses": 0,
    "generalAndAdministrativeExpenses": 0,
    "sellingAndMarketingExpenses": 0,
    "sellingGeneralAndAdministrativeExpenses": 49100000,
    "otherExpenses": 158900000,
    "operatingExpenses": 208000000,
    "costAndExpenses": 396500000,
    "interestIncome": 0,
    "interestExpense": 0,
    "depreciationAndAmortization": 51500000,
    "ebitda": 118300000,
    "ebitdaratio": 0.2605726872,
    "operatingIncome": 64000000,
    "operatingIncomeRatio": 0.140969163,
    "totalOtherIncomeExpensesNet": -23900000,
    "incomeBeforeTax": 32300000,
    "incomeBeforeTaxRatio": 0.0711453744,
    "incomeTaxExpense": 8000000,
    "netIncome": 24300000,
    "netIncomeRatio": 0.0535242291,
    "eps": 0.36,
    "epsdiluted": 0.36,
    "weightedAverageShsOut": 67500000,
    "weightedAverageShsOutDil": 67500000,
    "link": null,
    "finalLink": null
  },
  {
    "date": "1997-03-31",
    "symbol": "EVRG",
    "reportedCurrency": "USD",
    "cik": "0001711269",
    "fillingDate": "1997-03-31",
    "acceptedDate": "1997-03-31 00:00:00",
    "calendarYear": "1997",
    "period": "Q1",
    "revenue": 626200000,
    "costOfRevenue": 315800000,
    "grossProfit": 310400000,
    "grossProfitRatio": 0.4956882785,
    "researchAndDevelopmentExpenses": 0,
    "generalAndAdministrativeExpenses": 0,
    "sellingAndMarketingExpenses": 0,
    "sellingGeneralAndAdministrativeExpenses": 53100000,
    "otherExpenses": 154000000,
    "operatingExpenses": 207100000,
    "costAndExpenses": 522900000,
    "interestIncome": 0,
    "interestExpense": 0,
    "depreciationAndAmortization": 52200000,
    "ebitda": 164000000,
    "ebitdaratio": 0.2618971575,
    "operatingIncome": 103300000,
    "operatingIncomeRatio": 0.1649632705,
    "totalOtherIncomeExpensesNet": -39400000,
    "incomeBeforeTax": 62500000,
    "incomeBeforeTaxRatio": 0.0998083679,
    "incomeTaxExpense": 21500000,
    "netIncome": 41000000,
    "netIncomeRatio": 0.0654742894,
    "eps": 0.61,
    "epsdiluted": 0.61,
    "weightedAverageShsOut": 67213115,
    "weightedAverageShsOutDil": 67213115,
    "link": null,
    "finalLink": null
  },
  {
    "date": "1996-12-31",
    "symbol": "EVRG",
    "reportedCurrency": "USD",
    "cik": "0001711269",
    "fillingDate": "1996-12-31",
    "acceptedDate": "1996-12-31 00:00:00",
    "calendarYear": "1996",
    "period": "Q4",
    "revenue": 564900000,
    "costOfRevenue": 185300000,
    "grossProfit": 379600000,
    "grossProfitRatio": 0.6719773411,
    "researchAndDevelopmentExpenses": 0,
    "generalAndAdministrativeExpenses": 0,
    "sellingAndMarketingExpenses": 0,
    "sellingGeneralAndAdministrativeExpenses": 0,
    "otherExpenses": 287000000,
    "operatingExpenses": 287000000,
    "costAndExpenses": 472300000,
    "interestIncome": 0,
    "interestExpense": 0,
    "depreciationAndAmortization": 60100000,
    "ebitda": 149900000,
    "ebitdaratio": 0.2653567003,
    "operatingIncome": 92600000,
    "operatingIncomeRatio": 0.1639228182,
    "totalOtherIncomeExpensesNet": -43400000,
    "incomeBeforeTax": 49200000,
    "incomeBeforeTaxRatio": 0.0870950611,
    "incomeTaxExpense": 16600000,
    "netIncome": 32600000,
    "netIncomeRatio": 0.0577093291,
    "eps": 0.51,
    "epsdiluted": 0.46,
    "weightedAverageShsOut": 63833783,
    "weightedAverageShsOutDil": 70673575,
    "link": null,
    "finalLink": null
  },
  {
    "date": "1996-09-30",
    "symbol": "EVRG",
    "reportedCurrency": "USD",
    "cik": "0001711269",
    "fillingDate": "1996-09-30",
    "acceptedDate": "1996-09-30 00:00:00",
    "calendarYear": "1996",
    "period": "Q3",
    "revenue": 490200000,
    "costOfRevenue": 119100000,
    "grossProfit": 371100000,
    "grossProfitRatio": 0.7570379437,
    "researchAndDevelopmentExpenses": 0,
    "generalAndAdministrativeExpenses": 0,
    "sellingAndMarketingExpenses": 0,
    "sellingGeneralAndAdministrativeExpenses": 0,
    "otherExpenses": 239500000,
    "operatingExpenses": 239500000,
    "costAndExpenses": 358600000,
    "interestIncome": 0,
    "interestExpense": 0,
    "depreciationAndAmortization": 47800000,
    "ebitda": 188200000,
    "ebitdaratio": 0.3839249286,
    "operatingIncome": 131600000,
    "operatingIncomeRatio": 0.2684618523,
    "totalOtherIncomeExpensesNet": -30800000,
    "incomeBeforeTax": 100800000,
    "incomeBeforeTaxRatio": 0.205630355,
    "incomeTaxExpense": 37900000,
    "netIncome": 62900000,
    "netIncomeRatio": 0.1283149735,
    "eps": 0.87,
    "epsdiluted": 0.87,
    "weightedAverageShsOut": 72298851,
    "weightedAverageShsOutDil": 72298851,
    "link": null,
    "finalLink": null
  },
  {
    "date": "1996-06-30",
    "symbol": "EVRG",
    "reportedCurrency": "USD",
    "cik": "0001711269",
    "fillingDate": "1996-06-30",
    "acceptedDate": "1996-06-30 00:00:00",
    "calendarYear": "1996",
    "period": "Q2",
    "revenue": 436100000,
    "costOfRevenue": 122700000,
    "grossProfit": 313400000,
    "grossProfitRatio": 0.7186425132,
    "researchAndDevelopmentExpenses": 0,
    "generalAndAdministrativeExpenses": 0,
    "sellingAndMarketingExpenses": 0,
    "sellingGeneralAndAdministrativeExpenses": 0,
    "otherExpenses": 239600000,
    "operatingExpenses": 239600000,
    "costAndExpenses": 362300000,
    "interestIncome": 0,
    "interestExpense": 0,
    "depreciationAndAmortization": 46000000,
    "ebitda": 125900000,
    "ebitdaratio": 0.2886952534,
    "operatingIncome": 73800000,
    "operatingIncomeRatio": 0.1692272415,
    "totalOtherIncomeExpensesNet": -30100000,
    "incomeBeforeTax": 43700000,
    "incomeBeforeTaxRatio": 0.1002063747,
    "incomeTaxExpense": 15000000,
    "netIncome": 28700000,
    "netIncomeRatio": 0.0658105939,
    "eps": 0.4,
    "epsdiluted": 0.4,
    "weightedAverageShsOut": 71750000,
    "weightedAverageShsOutDil": 71750000,
    "link": null,
    "finalLink": null
  },
  {
    "date": "1996-03-31",
    "symbol": "EVRG",
    "reportedCurrency": "USD",
    "cik": "0001711269",
    "fillingDate": "1996-03-31",
    "acceptedDate": "1996-03-31 00:00:00",
    "calendarYear": "1996",
    "period": "Q1",
    "revenue": 555600000,
    "costOfRevenue": 221300000,
    "grossProfit": 334300000,
    "grossProfitRatio": 0.6016918647,
    "researchAndDevelopmentExpenses": 0,
    "generalAndAdministrativeExpenses": 0,
    "sellingAndMarketingExpenses": 0,
    "sellingGeneralAndAdministrativeExpenses": 0,
    "otherExpenses": 239400000,
    "operatingExpenses": 239400000,
    "costAndExpenses": 460700000,
    "interestIncome": 0,
    "interestExpense": 0,
    "depreciationAndAmortization": 46000000,
    "ebitda": 143100000,
    "ebitdaratio": 0.2575593952,
    "operatingIncome": 94900000,
    "operatingIncomeRatio": 0.1708063355,
    "totalOtherIncomeExpensesNet": -28500000,
    "incomeBeforeTax": 64400000,
    "incomeBeforeTaxRatio": 0.1159107271,
    "incomeTaxExpense": 19600000,
    "netIncome": 44800000,
    "netIncomeRatio": 0.0806335493,
    "eps": 0.66,
    "epsdiluted": 0.66,
    "weightedAverageShsOut": 67878788,
    "weightedAverageShsOutDil": 67878788,
    "link": null,
    "finalLink": null
  },
  {
    "date": "1995-12-31",
    "symbol": "EVRG",
    "reportedCurrency": "USD",
    "cik": "0001711269",
    "fillingDate": "1995-12-31",
    "acceptedDate": "1995-12-31 00:00:00",
    "calendarYear": "1995",
    "period": "Q4",
    "revenue": 397300000,
    "costOfRevenue": 148900000,
    "grossProfit": 248400000,
    "grossProfitRatio": 0.6252202366,
    "researchAndDevelopmentExpenses": 0,
    "generalAndAdministrativeExpenses": 0,
    "sellingAndMarketingExpenses": 0,
    "sellingGeneralAndAdministrativeExpenses": 0,
    "otherExpenses": 176200000,
    "operatingExpenses": 176200000,
    "costAndExpenses": 325100000,
    "interestIncome": 0,
    "interestExpense": 0,
    "depreciationAndAmortization": 29600000,
    "ebitda": 118600000,
    "ebitdaratio": 0.2985149761,
    "operatingIncome": 72200000,
    "operatingIncomeRatio": 0.1817266549,
    "totalOtherIncomeExpensesNet": -13000000,
    "incomeBeforeTax": 59200000,
    "incomeBeforeTaxRatio": 0.1490057891,
    "incomeTaxExpense": 12700000,
    "netIncome": 46500000,
    "netIncomeRatio": 0.1170400201,
    "eps": 0.75,
    "epsdiluted": 0.69,
    "weightedAverageShsOut": 62157125,
    "weightedAverageShsOutDil": 66930693,
    "link": null,
    "finalLink": null
  },
  {
    "date": "1995-09-30",
    "symbol": "EVRG",
    "reportedCurrency": "USD",
    "cik": "0001711269",
    "fillingDate": "1995-09-30",
    "acceptedDate": "1995-09-30 00:00:00",
    "calendarYear": "1995",
    "period": "Q3",
    "revenue": 470300000,
    "costOfRevenue": 110200000,
    "grossProfit": 360100000,
    "grossProfitRatio": 0.7656814799,
    "researchAndDevelopmentExpenses": 0,
    "generalAndAdministrativeExpenses": 0,
    "sellingAndMarketingExpenses": 0,
    "sellingGeneralAndAdministrativeExpenses": 0,
    "otherExpenses": 216500000,
    "operatingExpenses": 216500000,
    "costAndExpenses": 326700000,
    "interestIncome": 0,
    "interestExpense": 0,
    "depreciationAndAmortization": 42400000,
    "ebitda": 186900000,
    "ebitdaratio": 0.3974059111,
    "operatingIncome": 143600000,
    "operatingIncomeRatio": 0.3053370189,
    "totalOtherIncomeExpensesNet": -27600000,
    "incomeBeforeTax": 116000000,
    "incomeBeforeTaxRatio": 0.2466510738,
    "incomeTaxExpense": 44100000,
    "netIncome": 71900000,
    "netIncomeRatio": 0.1528811397,
    "eps": 1.1,
    "epsdiluted": 1.1,
    "weightedAverageShsOut": 65363636,
    "weightedAverageShsOutDil": 65363636,
    "link": null,
    "finalLink": null
  }
]