[
  {
    "date": "2024-12-31",
    "symbol": "EW",
    "reportedCurrency": "USD",
    "cik": "0001099800",
    "fillingDate": "2025-02-28",
    "acceptedDate": "2025-02-28 16:50:53",
    "calendarYear": "2024",
    "period": "FY",
    "revenue": 5439500000,
    "costOfRevenue": 1117500000,
    "grossProfit": 4322000000,
    "grossProfitRatio": 0.7945583234,
    "researchAndDevelopmentExpenses": 1053000000,
    "generalAndAdministrativeExpenses": 0,
    "sellingAndMarketingExpenses": 0,
    "sellingGeneralAndAdministrativeExpenses": 1789200000,
    "otherExpenses": 101100000,
    "operatingExpenses": 2943300000,
    "costAndExpenses": 4060800000,
    "interestIncome": 120300000,
    "interestExpense": 19800000,
    "depreciationAndAmortization": 155200000,
    "ebitda": 1723100000,
    "ebitdaratio": 0.3167754389,
    "operatingIncome": 1378700000,
    "operatingIncomeRatio": 0.253460796,
    "totalOtherIncomeExpensesNet": 169400000,
    "incomeBeforeTax": 1548100000,
    "incomeBeforeTaxRatio": 0.2846033643,
    "incomeTaxExpense": 152100000,
    "netIncome": 4174600000,
    "netIncomeRatio": 0.7674602445,
    "eps": 6.98,
    "epsdiluted": 6.97,
    "weightedAverageShsOut": 597700000,
    "weightedAverageShsOutDil": 599300000,
    "link": "https://www.sec.gov/Archives/edgar/data/1099800/000109980025000005/0001099800-25-000005-index.htm",
    "finalLink": "https://www.sec.gov/Archives/edgar/data/1099800/000109980025000005/ew-20241231.htm"
  },
  {
    "date": "2023-12-31",
    "symbol": "EW",
    "reportedCurrency": "USD",
    "cik": "0001099800",
    "fillingDate": "2024-02-12",
    "acceptedDate": "2024-02-12 16:47:29",
    "calendarYear": "2023",
    "period": "FY",
    "revenue": 5010000000,
    "costOfRevenue": 1037300000,
    "grossProfit": 3972700000,
    "grossProfitRatio": 0.7929540918,
    "researchAndDevelopmentExpenses": 962900000,
    "generalAndAdministrativeExpenses": 0,
    "sellingAndMarketingExpenses": 0,
    "sellingGeneralAndAdministrativeExpenses": 1582500000,
    "otherExpenses": 0,
    "operatingExpenses": 2545400000,
    "costAndExpenses": 3582700000,
    "interestIncome": 67200000,
    "interestExpense": 17600000,
    "depreciationAndAmortization": 144900000,
    "ebitda": 1534900000,
    "ebitdaratio": 0.3063672655,
    "operatingIncome": 1427300000,
    "operatingIncomeRatio": 0.2848902196,
    "totalOtherIncomeExpensesNet": -54900000,
    "incomeBeforeTax": 1372400000,
    "incomeBeforeTaxRatio": 0.2739321357,
    "incomeTaxExpense": 152400000,
    "netIncome": 1402400000,
    "netIncomeRatio": 0.2799201597,
    "eps": 2.31,
    "epsdiluted": 2.3,
    "weightedAverageShsOut": 606700000,
    "weightedAverageShsOutDil": 609400000,
    "link": "https://www.sec.gov/Archives/edgar/data/1099800/000109980024000004/0001099800-24-000004-index.htm",
    "finalLink": "https://www.sec.gov/Archives/edgar/data/1099800/000109980024000004/ew-20231231.htm"
  },
  {
    "date": "2022-12-31",
    "symbol": "EW",
    "reportedCurrency": "USD",
    "cik": "0001099800",
    "fillingDate": "2023-02-13",
    "acceptedDate": "2023-02-13 16:32:19",
    "calendarYear": "2022",
    "period": "FY",
    "revenue": 5382400000,
    "costOfRevenue": 1167200000,
    "grossProfit": 4215200000,
    "grossProfitRatio": 0.7831450654,
    "researchAndDevelopmentExpenses": 945200000,
    "generalAndAdministrativeExpenses": 0,
    "sellingAndMarketingExpenses": 0,
    "sellingGeneralAndAdministrativeExpenses": 1567600000,
    "otherExpenses": 0,
    "operatingExpenses": 2512800000,
    "costAndExpenses": 3680000000,
    "interestIncome": 35500000,
    "interestExpense": 26200000,
    "depreciationAndAmortization": 166800000,
    "ebitda": 1960400000,
    "ebitdaratio": 0.3642241379,
    "operatingIncome": 1702400000,
    "operatingIncomeRatio": 0.3162901308,
    "totalOtherIncomeExpensesNet": 65000000,
    "incomeBeforeTax": 1767400000,
    "incomeBeforeTaxRatio": 0.3283665279,
    "incomeTaxExpense": 245500000,
    "netIncome": 1521900000,
    "netIncomeRatio": 0.2827549049,
    "eps": 2.46,
    "epsdiluted": 2.44,
    "weightedAverageShsOut": 619000000,
    "weightedAverageShsOutDil": 624200000,
    "link": "https://www.sec.gov/Archives/edgar/data/1099800/000109980023000005/0001099800-23-000005-index.htm",
    "finalLink": "https://www.sec.gov/Archives/edgar/data/1099800/000109980023000005/ew-20221231.htm"
  },
  {
    "date": "2021-12-31",
    "symbol": "EW",
    "reportedCurrency": "USD",
    "cik": "0001099800",
    "fillingDate": "2022-02-14",
    "acceptedDate": "2022-02-14 16:15:49",
    "calendarYear": "2021",
    "period": "FY",
    "revenue": 5232500000,
    "costOfRevenue": 1225900000,
    "grossProfit": 4006600000,
    "grossProfitRatio": 0.7657142857,
    "researchAndDevelopmentExpenses": 903100000,
    "generalAndAdministrativeExpenses": 0,
    "sellingAndMarketingExpenses": 0,
    "sellingGeneralAndAdministrativeExpenses": 1493100000,
    "otherExpenses": 0,
    "operatingExpenses": 2396200000,
    "costAndExpenses": 3622100000,
    "interestIncome": 17400000,
    "interestExpense": 24800000,
    "depreciationAndAmortization": 163300000,
    "ebitda": 1890100000,
    "ebitdaratio": 0.3612231247,
    "operatingIncome": 1610400000,
    "operatingIncomeRatio": 0.307768753,
    "totalOtherIncomeExpensesNet": 91600000,
    "incomeBeforeTax": 1702000000,
    "incomeBeforeTaxRatio": 0.3252747253,
    "incomeTaxExpense": 198900000,
    "netIncome": 1503100000,
    "netIncomeRatio": 0.2872623029,
    "eps": 2.41,
    "epsdiluted": 2.38,
    "weightedAverageShsOut": 623300000,
    "weightedAverageShsOutDil": 631200000,
    "link": "https://www.sec.gov/Archives/edgar/data/1099800/000109980022000005/0001099800-22-000005-index.htm",
    "finalLink": "https://www.sec.gov/Archives/edgar/data/1099800/000109980022000005/ew-20211231.htm"
  },
  {
    "date": "2020-12-31",
    "symbol": "EW",
    "reportedCurrency": "USD",
    "cik": "0001099800",
    "fillingDate": "2021-02-12",
    "acceptedDate": "2021-02-12 16:58:56",
    "calendarYear": "2020",
    "period": "FY",
    "revenue": 4386300000,
    "costOfRevenue": 1099000000,
    "grossProfit": 3287300000,
    "grossProfitRatio": 0.7494471422,
    "researchAndDevelopmentExpenses": 760700000,
    "generalAndAdministrativeExpenses": 0,
    "sellingAndMarketingExpenses": 0,
    "sellingGeneralAndAdministrativeExpenses": 1230600000,
    "otherExpenses": 0,
    "operatingExpenses": 1991300000,
    "costAndExpenses": 3090300000,
    "interestIncome": 23400000,
    "interestExpense": 22200000,
    "depreciationAndAmortization": 135400000,
    "ebitda": 1074300000,
    "ebitdaratio": 0.244921688,
    "operatingIncome": 1296000000,
    "operatingIncomeRatio": 0.2954654264,
    "totalOtherIncomeExpensesNet": -379300000,
    "incomeBeforeTax": 916700000,
    "incomeBeforeTaxRatio": 0.208991633,
    "incomeTaxExpense": 93300000,
    "netIncome": 823400000,
    "netIncomeRatio": 0.1877208581,
    "eps": 1.32,
    "epsdiluted": 1.3,
    "weightedAverageShsOut": 622600000,
    "weightedAverageShsOutDil": 631900000,
    "link": "https://www.sec.gov/Archives/edgar/data/1099800/000109980021000007/0001099800-21-000007-index.htm",
    "finalLink": "https://www.sec.gov/Archives/edgar/data/1099800/000109980021000007/ew-20201231.htm"
  },
  {
    "date": "2019-12-31",
    "symbol": "EW",
    "reportedCurrency": "USD",
    "cik": "0001099800",
    "fillingDate": "2020-02-14",
    "acceptedDate": "2020-02-14 16:13:26",
    "calendarYear": "2019",
    "period": "FY",
    "revenue": 4348000000,
    "costOfRevenue": 1155300000,
    "grossProfit": 3192700000,
    "grossProfitRatio": 0.7342916283,
    "researchAndDevelopmentExpenses": 752700000,
    "generalAndAdministrativeExpenses": 0,
    "sellingAndMarketingExpenses": 0,
    "sellingGeneralAndAdministrativeExpenses": 1242100000,
    "otherExpenses": 0,
    "operatingExpenses": 1994800000,
    "costAndExpenses": 3150100000,
    "interestIncome": 32200000,
    "interestExpense": 27300000,
    "depreciationAndAmortization": 114600000,
    "ebitda": 1308400000,
    "ebitdaratio": 0.3009199632,
    "operatingIncome": 1197900000,
    "operatingIncomeRatio": 0.2755059798,
    "totalOtherIncomeExpensesNet": -31400000,
    "incomeBeforeTax": 1166500000,
    "incomeBeforeTaxRatio": 0.2682842686,
    "incomeTaxExpense": 119600000,
    "netIncome": 1046900000,
    "netIncomeRatio": 0.2407773689,
    "eps": 1.68,
    "epsdiluted": 1.64,
    "weightedAverageShsOut": 624899987,
    "weightedAverageShsOutDil": 636599987,
    "link": "https://www.sec.gov/Archives/edgar/data/1099800/000109980020000005/0001099800-20-000005-index.htm",
    "finalLink": "https://www.sec.gov/Archives/edgar/data/1099800/000109980020000005/ew10-kq42019.htm"
  },
  {
    "date": "2018-12-31",
    "symbol": "EW",
    "reportedCurrency": "USD",
    "cik": "0001099800",
    "fillingDate": "2019-02-15",
    "acceptedDate": "2019-02-15 16:22:49",
    "calendarYear": "2018",
    "period": "FY",
    "revenue": 3722800000,
    "costOfRevenue": 922100000,
    "grossProfit": 2800700000,
    "grossProfitRatio": 0.7523100892,
    "researchAndDevelopmentExpenses": 622200000,
    "generalAndAdministrativeExpenses": 0,
    "sellingAndMarketingExpenses": 0,
    "sellingGeneralAndAdministrativeExpenses": 1086200000,
    "otherExpenses": 0,
    "operatingExpenses": 1708400000,
    "costAndExpenses": 2630500000,
    "interestIncome": 32000000,
    "interestExpense": 33400000,
    "depreciationAndAmortization": 77400000,
    "ebitda": 872200000,
    "ebitdaratio": 0.2342860213,
    "operatingIncome": 1092300000,
    "operatingIncomeRatio": 0.2934081874,
    "totalOtherIncomeExpensesNet": -330900000,
    "incomeBeforeTax": 761400000,
    "incomeBeforeTaxRatio": 0.204523477,
    "incomeTaxExpense": 39200000,
    "netIncome": 722200000,
    "netIncomeRatio": 0.1939937681,
    "eps": 1.15,
    "epsdiluted": 1.13,
    "weightedAverageShsOut": 627600000,
    "weightedAverageShsOutDil": 640800000,
    "link": "https://www.sec.gov/Archives/edgar/data/1099800/000109980019000004/0001099800-19-000004-index.htm",
    "finalLink": "https://www.sec.gov/Archives/edgar/data/1099800/000109980019000004/ew10-kq42018.htm"
  },
  {
    "date": "2017-12-31",
    "symbol": "EW",
    "reportedCurrency": "USD",
    "cik": "0001099800",
    "fillingDate": "2018-02-16",
    "acceptedDate": "2018-02-16 16:10:41",
    "calendarYear": "2017",
    "period": "FY",
    "revenue": 3435300000,
    "costOfRevenue": 882900000,
    "grossProfit": 2552400000,
    "grossProfitRatio": 0.7429918784,
    "researchAndDevelopmentExpenses": 552600000,
    "generalAndAdministrativeExpenses": 0,
    "sellingAndMarketingExpenses": 0,
    "sellingGeneralAndAdministrativeExpenses": 989700000,
    "otherExpenses": 0,
    "operatingExpenses": 1542300000,
    "costAndExpenses": 2425200000,
    "interestIncome": 20300000,
    "interestExpense": 23200000,
    "depreciationAndAmortization": 81900000,
    "ebitda": 1140000000,
    "ebitdaratio": 0.3318487468,
    "operatingIncome": 1010100000,
    "operatingIncomeRatio": 0.2940354554,
    "totalOtherIncomeExpensesNet": 24800000,
    "incomeBeforeTax": 1034900000,
    "incomeBeforeTaxRatio": 0.3012546211,
    "incomeTaxExpense": 451300000,
    "netIncome": 622100000,
    "netIncomeRatio": 0.1810904433,
    "eps": 0.98,
    "epsdiluted": 0.96,
    "weightedAverageShsOut": 632700000,
    "weightedAverageShsOutDil": 647700000,
    "link": "https://www.sec.gov/Archives/edgar/data/1099800/000109980018000007/0001099800-18-000007-index.htm",
    "finalLink": "https://www.sec.gov/Archives/edgar/data/1099800/000109980018000007/ew10-kq42017.htm"
  },
  {
    "date": "2016-12-31",
    "symbol": "EW",
    "reportedCurrency": "USD",
    "cik": "0001099800",
    "fillingDate": "2017-02-17",
    "acceptedDate": "2017-02-17 17:01:03",
    "calendarYear": "2016",
    "period": "FY",
    "revenue": 2963700000,
    "costOfRevenue": 805800000,
    "grossProfit": 2157900000,
    "grossProfitRatio": 0.7281101326,
    "researchAndDevelopmentExpenses": 442200000,
    "generalAndAdministrativeExpenses": 0,
    "sellingAndMarketingExpenses": 0,
    "sellingGeneralAndAdministrativeExpenses": 900200000,
    "otherExpenses": 0,
    "operatingExpenses": 1342400000,
    "costAndExpenses": 2148200000,
    "interestIncome": 10800000,
    "interestExpense": 18000000,
    "depreciationAndAmortization": 71200000,
    "ebitda": 827100000,
    "ebitdaratio": 0.2790768296,
    "operatingIncome": 815500000,
    "operatingIncomeRatio": 0.2751628033,
    "totalOtherIncomeExpensesNet": -77600000,
    "incomeBeforeTax": 737900000,
    "incomeBeforeTaxRatio": 0.2489793164,
    "incomeTaxExpense": 168400000,
    "netIncome": 569500000,
    "netIncomeRatio": 0.1921584506,
    "eps": 0.89,
    "epsdiluted": 0.87,
    "weightedAverageShsOut": 639000000,
    "weightedAverageShsOutDil": 653400000,
    "link": "https://www.sec.gov/Archives/edgar/data/1099800/000109980017000008/0001099800-17-000008-index.htm",
    "finalLink": "https://www.sec.gov/Archives/edgar/data/1099800/000109980017000008/ew10-kq42016.htm"
  },
  {
    "date": "2015-12-31",
    "symbol": "EW",
    "reportedCurrency": "USD",
    "cik": "0001099800",
    "fillingDate": "2016-02-19",
    "acceptedDate": "2016-02-19 16:17:10",
    "calendarYear": "2015",
    "period": "FY",
    "revenue": 2493700000,
    "costOfRevenue": 684300000,
    "grossProfit": 1809400000,
    "grossProfitRatio": 0.725588483,
    "researchAndDevelopmentExpenses": 383100000,
    "generalAndAdministrativeExpenses": 0,
    "sellingAndMarketingExpenses": 0,
    "sellingGeneralAndAdministrativeExpenses": 850400000,
    "otherExpenses": 0,
    "operatingExpenses": 1233500000,
    "costAndExpenses": 1917800000,
    "interestIncome": 7900000,
    "interestExpense": 18400000,
    "depreciationAndAmortization": 65800000,
    "ebitda": 706600000,
    "ebitdaratio": 0.2833540522,
    "operatingIncome": 575900000,
    "operatingIncomeRatio": 0.2309419738,
    "totalOtherIncomeExpensesNet": 46500000,
    "incomeBeforeTax": 622400000,
    "incomeBeforeTaxRatio": 0.2495889642,
    "incomeTaxExpense": 127500000,
    "netIncome": 494900000,
    "netIncomeRatio": 0.1984601195,
    "eps": 0.77,
    "epsdiluted": 0.75,
    "weightedAverageShsOut": 646500000,
    "weightedAverageShsOutDil": 660900000,
    "link": "https://www.sec.gov/Archives/edgar/data/1099800/000109980016000044/0001099800-16-000044-index.htm",
    "finalLink": "https://www.sec.gov/Archives/edgar/data/1099800/000109980016000044/ew10-k2015.htm"
  },
  {
    "date": "2014-12-31",
    "symbol": "EW",
    "reportedCurrency": "USD",
    "cik": "0001099800",
    "fillingDate": "2015-02-20",
    "acceptedDate": "2015-02-20 16:03:43",
    "calendarYear": "2014",
    "period": "FY",
    "revenue": 2322900000,
    "costOfRevenue": 631200000,
    "grossProfit": 1691700000,
    "grossProfitRatio": 0.7282706961,
    "researchAndDevelopmentExpenses": 346500000,
    "generalAndAdministrativeExpenses": 0,
    "sellingAndMarketingExpenses": 0,
    "sellingGeneralAndAdministrativeExpenses": 858000000,
    "otherExpenses": 0,
    "operatingExpenses": 1204500000,
    "costAndExpenses": 1835700000,
    "interestIncome": 6400000,
    "interestExpense": 21600000,
    "depreciationAndAmortization": 68600000,
    "ebitda": 1234200000,
    "ebitdaratio": 0.5313186104,
    "operatingIncome": 487200000,
    "operatingIncomeRatio": 0.2097378277,
    "totalOtherIncomeExpensesNet": 656800000,
    "incomeBeforeTax": 1144000000,
    "incomeBeforeTaxRatio": 0.4924878385,
    "incomeTaxExpense": 332900000,
    "netIncome": 811100000,
    "netIncomeRatio": 0.3491755995,
    "eps": 1.27,
    "epsdiluted": 1.25,
    "weightedAverageShsOut": 639000000,
    "weightedAverageShsOutDil": 651000000,
    "link": "https://www.sec.gov/Archives/edgar/data/1099800/000104746915000998/0001047469-15-000998-index.htm",
    "finalLink": "https://www.sec.gov/Archives/edgar/data/1099800/000104746915000998/a2223057z10-k.htm"
  },
  {
    "date": "2013-12-31",
    "symbol": "EW",
    "reportedCurrency": "USD",
    "cik": "0001099800",
    "fillingDate": "2014-02-28",
    "acceptedDate": "2014-02-28 16:35:10",
    "calendarYear": "2013",
    "period": "FY",
    "revenue": 2045500000,
    "costOfRevenue": 543900000,
    "grossProfit": 1501600000,
    "grossProfitRatio": 0.7340992422,
    "researchAndDevelopmentExpenses": 323000000,
    "generalAndAdministrativeExpenses": 0,
    "sellingAndMarketingExpenses": 0,
    "sellingGeneralAndAdministrativeExpenses": 745600000,
    "otherExpenses": 0,
    "operatingExpenses": 1068599999,
    "costAndExpenses": 1612500000,
    "interestIncome": 4600000,
    "interestExpense": 5800000,
    "depreciationAndAmortization": 68700000,
    "ebitda": 589800000,
    "ebitdaratio": 0.2883402591,
    "operatingIncome": 433000000,
    "operatingIncomeRatio": 0.2116841848,
    "totalOtherIncomeExpensesNet": 82299999,
    "incomeBeforeTax": 515299999,
    "incomeBeforeTaxRatio": 0.2519188458,
    "incomeTaxExpense": 123600000,
    "netIncome": 391700000,
    "netIncomeRatio": 0.1914935224,
    "eps": 0.59,
    "epsdiluted": 0.57,
    "weightedAverageShsOut": 670200000,
    "weightedAverageShsOutDil": 682800000,
    "link": "https://www.sec.gov/Archives/edgar/data/1099800/000104746914001583/0001047469-14-001583-index.htm",
    "finalLink": "https://www.sec.gov/Archives/edgar/data/1099800/000104746914001583/a2218406z10-k.htm"
  },
  {
    "date": "2012-12-31",
    "symbol": "EW",
    "reportedCurrency": "USD",
    "cik": "0001099800",
    "fillingDate": "2013-02-28",
    "acceptedDate": "2013-02-28 16:41:02",
    "calendarYear": "2012",
    "period": "FY",
    "revenue": 1899600000,
    "costOfRevenue": 506800000,
    "grossProfit": 1392800000,
    "grossProfitRatio": 0.7332069909,
    "researchAndDevelopmentExpenses": 291300000,
    "generalAndAdministrativeExpenses": 0,
    "sellingAndMarketingExpenses": 0,
    "sellingGeneralAndAdministrativeExpenses": 704800000,
    "otherExpenses": 0,
    "operatingExpenses": 996100000,
    "costAndExpenses": 1502900000,
    "interestIncome": 4800000,
    "interestExpense": 4400000,
    "depreciationAndAmortization": 57300000,
    "ebitda": 452800000,
    "ebitdaratio": 0.2383659718,
    "operatingIncome": 396700000,
    "operatingIncomeRatio": 0.2088334386,
    "totalOtherIncomeExpensesNet": -5600000,
    "incomeBeforeTax": 391100000,
    "incomeBeforeTaxRatio": 0.2058854496,
    "incomeTaxExpense": 97900000,
    "netIncome": 293200000,
    "netIncomeRatio": 0.1543482838,
    "eps": 0.43,
    "epsdiluted": 0.41,
    "weightedAverageShsOut": 689400000,
    "weightedAverageShsOutDil": 709800000,
    "link": "https://www.sec.gov/Archives/edgar/data/1099800/000104746913001954/0001047469-13-001954-index.htm",
    "finalLink": "https://www.sec.gov/Archives/edgar/data/1099800/000104746913001954/a2213019z10-k.htm"
  },
  {
    "date": "2011-12-31",
    "symbol": "EW",
    "reportedCurrency": "USD",
    "cik": "0001099800",
    "fillingDate": "2012-02-27",
    "acceptedDate": "2012-02-27 16:28:20",
    "calendarYear": "2011",
    "period": "FY",
    "revenue": 1678600000,
    "costOfRevenue": 460800000,
    "grossProfit": 1217800000,
    "grossProfitRatio": 0.7254855237,
    "researchAndDevelopmentExpenses": 246300000,
    "generalAndAdministrativeExpenses": 0,
    "sellingAndMarketingExpenses": 0,
    "sellingGeneralAndAdministrativeExpenses": 642400000,
    "otherExpenses": 0,
    "operatingExpenses": 888700000,
    "costAndExpenses": 1349500000,
    "interestIncome": 3400000,
    "interestExpense": 3100000,
    "depreciationAndAmortization": 58000000,
    "ebitda": 344700000,
    "ebitdaratio": 0.2053496962,
    "operatingIncome": 329100000,
    "operatingIncomeRatio": 0.1960562373,
    "totalOtherIncomeExpensesNet": -45500000,
    "incomeBeforeTax": 283600000,
    "incomeBeforeTaxRatio": 0.1689503157,
    "incomeTaxExpense": 46900000,
    "netIncome": 236700000,
    "netIncomeRatio": 0.1410103658,
    "eps": 0.35,
    "epsdiluted": 0.33,
    "weightedAverageShsOut": 687600000,
    "weightedAverageShsOutDil": 716400000,
    "link": "https://www.sec.gov/Archives/edgar/data/1099800/000104746912001617/0001047469-12-001617-index.htm",
    "finalLink": "https://www.sec.gov/Archives/edgar/data/1099800/000104746912001617/a2207417z10-k.htm"
  },
  {
    "date": "2010-12-31",
    "symbol": "EW",
    "reportedCurrency": "USD",
    "cik": "0001099800",
    "fillingDate": "2011-02-28",
    "acceptedDate": "2011-02-28 17:01:48",
    "calendarYear": "2010",
    "period": "FY",
    "revenue": 1447000000,
    "costOfRevenue": 410100000,
    "grossProfit": 1036900000,
    "grossProfitRatio": 0.7165860401,
    "researchAndDevelopmentExpenses": 204400000,
    "generalAndAdministrativeExpenses": 0,
    "sellingAndMarketingExpenses": 0,
    "sellingGeneralAndAdministrativeExpenses": 550000000,
    "otherExpenses": 0,
    "operatingExpenses": 754400000,
    "costAndExpenses": 1164500000,
    "interestIncome": 900000,
    "interestExpense": 2400000,
    "depreciationAndAmortization": 56500000,
    "ebitda": 327100000,
    "ebitdaratio": 0.2260539046,
    "operatingIncome": 282500000,
    "operatingIncomeRatio": 0.1952315135,
    "totalOtherIncomeExpensesNet": -14300000,
    "incomeBeforeTax": 268200000,
    "incomeBeforeTaxRatio": 0.1853489979,
    "incomeTaxExpense": 50200000,
    "netIncome": 218000000,
    "netIncomeRatio": 0.1506565308,
    "eps": 0.32,
    "epsdiluted": 0.31,
    "weightedAverageShsOut": 682200000,
    "weightedAverageShsOutDil": 715200000,
    "link": "https://www.sec.gov/Archives/edgar/data/1099800/000104746911001550/0001047469-11-001550-index.htm",
    "finalLink": "https://www.sec.gov/Archives/edgar/data/1099800/000104746911001550/a2202139z10-k.htm"
  },
  {
    "date": "2009-12-31",
    "symbol": "EW",
    "reportedCurrency": "USD",
    "cik": "0001099800",
    "fillingDate": "2010-02-26",
    "acceptedDate": "2010-02-26 16:29:24",
    "calendarYear": "2009",
    "period": "FY",
    "revenue": 1321400000,
    "costOfRevenue": 404100000,
    "grossProfit": 917300000,
    "grossProfitRatio": 0.6941879824,
    "researchAndDevelopmentExpenses": 175500000,
    "generalAndAdministrativeExpenses": 0,
    "sellingAndMarketingExpenses": 0,
    "sellingGeneralAndAdministrativeExpenses": 508800000,
    "otherExpenses": 0,
    "operatingExpenses": 684300000,
    "costAndExpenses": 1088400000,
    "interestIncome": 1600000,
    "interestExpense": 2700000,
    "depreciationAndAmortization": 58700000,
    "ebitda": 365800000,
    "ebitdaratio": 0.2768276071,
    "operatingIncome": 233000000,
    "operatingIncomeRatio": 0.1763281368,
    "totalOtherIncomeExpensesNet": 71400000,
    "incomeBeforeTax": 304400000,
    "incomeBeforeTaxRatio": 0.2303617376,
    "incomeTaxExpense": 75300000,
    "netIncome": 229100000,
    "netIncomeRatio": 0.1733767217,
    "eps": 0.34,
    "epsdiluted": 0.33,
    "weightedAverageShsOut": 675600000,
    "weightedAverageShsOutDil": 704400000,
    "link": "https://www.sec.gov/Archives/edgar/data/1099800/000104746910001539/0001047469-10-001539-index.htm",
    "finalLink": "https://www.sec.gov/Archives/edgar/data/1099800/000104746910001539/a2196662z10-k.htm"
  },
  {
    "date": "2008-12-31",
    "symbol": "EW",
    "reportedCurrency": "USD",
    "cik": "0001099800",
    "fillingDate": "2009-03-02",
    "acceptedDate": "2009-02-27 21:08:50",
    "calendarYear": "2008",
    "period": "FY",
    "revenue": 1237700000,
    "costOfRevenue": 408900000,
    "grossProfit": 828800000,
    "grossProfitRatio": 0.6696291508,
    "researchAndDevelopmentExpenses": 139200000,
    "generalAndAdministrativeExpenses": 0,
    "sellingAndMarketingExpenses": 0,
    "sellingGeneralAndAdministrativeExpenses": 480600000,
    "otherExpenses": 0,
    "operatingExpenses": 619800000,
    "costAndExpenses": 1028700000,
    "interestIncome": 6100000,
    "interestExpense": 7200000,
    "depreciationAndAmortization": 55600000,
    "ebitda": 227200000,
    "ebitdaratio": 0.1835662923,
    "operatingIncome": 209000000,
    "operatingIncomeRatio": 0.1688615981,
    "totalOtherIncomeExpensesNet": -44600000,
    "incomeBeforeTax": 164400000,
    "incomeBeforeTaxRatio": 0.1328270179,
    "incomeTaxExpense": 35500000,
    "netIncome": 128900000,
    "netIncomeRatio": 0.1041447847,
    "eps": 0.19,
    "epsdiluted": 0.18,
    "weightedAverageShsOut": 669600000,
    "weightedAverageShsOutDil": 715200000,
    "link": "https://www.sec.gov/Archives/edgar/data/1099800/000104746909002037/0001047469-09-002037-index.htm",
    "finalLink": "https://www.sec.gov/Archives/edgar/data/1099800/000104746909002037/a2190912z10-k.htm"
  },
  {
    "date": "2007-12-31",
    "symbol": "EW",
    "reportedCurrency": "USD",
    "cik": "0001099800",
    "fillingDate": "2008-02-29",
    "acceptedDate": "2008-02-28 20:20:37",
    "calendarYear": "2007",
    "period": "FY",
    "revenue": 1091100000,
    "costOfRevenue": 381300000,
    "grossProfit": 709800000,
    "grossProfitRatio": 0.6505361562,
    "researchAndDevelopmentExpenses": 122300000,
    "generalAndAdministrativeExpenses": 0,
    "sellingAndMarketingExpenses": 0,
    "sellingGeneralAndAdministrativeExpenses": 418000000,
    "otherExpenses": 0,
    "operatingExpenses": 540300000,
    "costAndExpenses": 921600000,
    "interestIncome": 7700000,
    "interestExpense": 9100000,
    "depreciationAndAmortization": 54800000,
    "ebitda": 213700000,
    "ebitdaratio": 0.1958573916,
    "operatingIncome": 169500000,
    "operatingIncomeRatio": 0.1553478141,
    "totalOtherIncomeExpensesNet": -19700000,
    "incomeBeforeTax": 149800000,
    "incomeBeforeTaxRatio": 0.1372926405,
    "incomeTaxExpense": 36800000,
    "netIncome": 113000000,
    "netIncomeRatio": 0.1035652094,
    "eps": 0.16,
    "epsdiluted": 0.16,
    "weightedAverageShsOut": 687600000,
    "weightedAverageShsOutDil": 752400000,
    "link": "https://www.sec.gov/Archives/edgar/data/1099800/000104746908001956/0001047469-08-001956-index.htm",
    "finalLink": "https://www.sec.gov/Archives/edgar/data/1099800/000104746908001956/a2183020z10-k.htm"
  },
  {
    "date": "2006-12-31",
    "symbol": "EW",
    "reportedCurrency": "USD",
    "cik": "0001099800",
    "fillingDate": "2007-03-01",
    "acceptedDate": "2007-02-28 21:49:32",
    "calendarYear": "2006",
    "period": "FY",
    "revenue": 1037000000,
    "costOfRevenue": 383300000,
    "grossProfit": 653700000,
    "grossProfitRatio": 0.6303760849,
    "researchAndDevelopmentExpenses": 114200000,
    "generalAndAdministrativeExpenses": 0,
    "sellingAndMarketingExpenses": 0,
    "sellingGeneralAndAdministrativeExpenses": 376000000,
    "otherExpenses": 0,
    "operatingExpenses": 490200000,
    "costAndExpenses": 873500000,
    "interestIncome": 7800000,
    "interestExpense": 10500000,
    "depreciationAndAmortization": 56800000,
    "ebitda": 239600000,
    "ebitdaratio": 0.231051109,
    "operatingIncome": 163500000,
    "operatingIncomeRatio": 0.1576663452,
    "totalOtherIncomeExpensesNet": 8800000,
    "incomeBeforeTax": 172300000,
    "incomeBeforeTaxRatio": 0.1661523626,
    "incomeTaxExpense": 41800000,
    "netIncome": 130500000,
    "netIncomeRatio": 0.1258437801,
    "eps": 0.19,
    "epsdiluted": 0.18,
    "weightedAverageShsOut": 702000000,
    "weightedAverageShsOutDil": 766800000,
    "link": "https://www.sec.gov/Archives/edgar/data/1099800/000104746907001507/0001047469-07-001507-index.htm",
    "finalLink": "https://www.sec.gov/Archives/edgar/data/1099800/000104746907001507/a2176362z10-k.htm"
  },
  {
    "date": "2005-12-31",
    "symbol": "EW",
    "reportedCurrency": "USD",
    "cik": "0001099800",
    "fillingDate": "2006-03-09",
    "acceptedDate": "2006-03-09 17:19:26",
    "calendarYear": "2005",
    "period": "FY",
    "revenue": 997900000,
    "costOfRevenue": 374600000,
    "grossProfit": 623300000,
    "grossProfitRatio": 0.6246116845,
    "researchAndDevelopmentExpenses": 99000000,
    "generalAndAdministrativeExpenses": 0,
    "sellingAndMarketingExpenses": 0,
    "sellingGeneralAndAdministrativeExpenses": 348700000,
    "otherExpenses": 0,
    "operatingExpenses": 447700000,
    "costAndExpenses": 822300000,
    "interestIncome": 2600000,
    "interestExpense": 12300000,
    "depreciationAndAmortization": 56200000,
    "ebitda": 185200000,
    "ebitdaratio": 0.1855897385,
    "operatingIncome": 175600000,
    "operatingIncomeRatio": 0.175969536,
    "totalOtherIncomeExpensesNet": -58900000,
    "incomeBeforeTax": 116700000,
    "incomeBeforeTaxRatio": 0.1169455857,
    "incomeTaxExpense": 37400000,
    "netIncome": 79300000,
    "netIncomeRatio": 0.0794668804,
    "eps": 0.11,
    "epsdiluted": 0.11,
    "weightedAverageShsOut": 715200000,
    "weightedAverageShsOutDil": 747600000,
    "link": "https://www.sec.gov/Archives/edgar/data/1099800/000104746906003132/0001047469-06-003132-index.htm",
    "finalLink": "https://www.sec.gov/Archives/edgar/data/1099800/000104746906003132/a2168124z10-k.htm"
  },
  {
    "date": "2004-12-31",
    "symbol": "EW",
    "reportedCurrency": "USD",
    "cik": "0001099800",
    "fillingDate": "2005-03-07",
    "acceptedDate": "2005-03-07 16:28:52",
    "calendarYear": "2004",
    "period": "FY",
    "revenue": 931500000,
    "costOfRevenue": 370200000,
    "grossProfit": 561300000,
    "grossProfitRatio": 0.6025764895,
    "researchAndDevelopmentExpenses": 87000000,
    "generalAndAdministrativeExpenses": 0,
    "sellingAndMarketingExpenses": 0,
    "sellingGeneralAndAdministrativeExpenses": 319900000,
    "otherExpenses": 0,
    "operatingExpenses": 406900000,
    "costAndExpenses": 777100000,
    "interestIncome": 0,
    "interestExpense": 14200000,
    "depreciationAndAmortization": 55700000,
    "ebitda": 100000000,
    "ebitdaratio": 0.1073537305,
    "operatingIncome": 154400000,
    "operatingIncomeRatio": 0.16575416,
    "totalOtherIncomeExpensesNet": -124300000,
    "incomeBeforeTax": 30100000,
    "incomeBeforeTaxRatio": 0.0323134729,
    "incomeTaxExpense": 28400000,
    "netIncome": 1700000,
    "netIncomeRatio": 0.0018250134,
    "eps": 0.0025,
    "epsdiluted": 0.0025,
    "weightedAverageShsOut": 715200000,
    "weightedAverageShsOutDil": 744000000,
    "link": "https://www.sec.gov/Archives/edgar/data/1099800/000104746905005556/0001047469-05-005556-index.htm",
    "finalLink": "https://www.sec.gov/Archives/edgar/data/1099800/000104746905005556/a2152327z10-k.htm"
  },
  {
    "date": "2003-12-31",
    "symbol": "EW",
    "reportedCurrency": "USD",
    "cik": "0001099800",
    "fillingDate": "2004-03-12",
    "acceptedDate": "2004-03-12 16:59:11",
    "calendarYear": "2003",
    "period": "FY",
    "revenue": 860500000,
    "costOfRevenue": 359400000,
    "grossProfit": 501100000,
    "grossProfitRatio": 0.5823358512,
    "researchAndDevelopmentExpenses": 72800000,
    "generalAndAdministrativeExpenses": 289900000,
    "sellingAndMarketingExpenses": 0,
    "sellingGeneralAndAdministrativeExpenses": 289900000,
    "otherExpenses": 0,
    "operatingExpenses": 362700000,
    "costAndExpenses": 722100000,
    "interestIncome": 0,
    "interestExpense": 13200000,
    "depreciationAndAmortization": 45600000,
    "ebitda": 184000000,
    "ebitdaratio": 0.2138291691,
    "operatingIncome": 138400000,
    "operatingIncomeRatio": 0.1608367228,
    "totalOtherIncomeExpensesNet": -45600000,
    "incomeBeforeTax": 92800000,
    "incomeBeforeTaxRatio": 0.1078442766,
    "incomeTaxExpense": 13800000,
    "netIncome": 79000000,
    "netIncomeRatio": 0.0918070889,
    "eps": 0.11,
    "epsdiluted": 0.11,
    "weightedAverageShsOut": 709200000,
    "weightedAverageShsOutDil": 733200000,
    "link": "https://www.sec.gov/Archives/edgar/data/1099800/000104746904007726/0001047469-04-007726-index.htm",
    "finalLink": "https://www.sec.gov/Archives/edgar/data/1099800/000104746904007726/a2130472z10-k.htm"
  },
  {
    "date": "2002-12-31",
    "symbol": "EW",
    "reportedCurrency": "USD",
    "cik": "0001099800",
    "fillingDate": "2003-03-14",
    "acceptedDate": "2003-03-14 17:15:05",
    "calendarYear": "2002",
    "period": "FY",
    "revenue": 704000000,
    "costOfRevenue": 299100000,
    "grossProfit": 404900000,
    "grossProfitRatio": 0.5751420455,
    "researchAndDevelopmentExpenses": 65200000,
    "generalAndAdministrativeExpenses": 227900000,
    "sellingAndMarketingExpenses": 0,
    "sellingGeneralAndAdministrativeExpenses": 227900000,
    "otherExpenses": 59700000,
    "operatingExpenses": 352800000,
    "costAndExpenses": 651900000,
    "interestIncome": 0,
    "interestExpense": 11500000,
    "depreciationAndAmortization": 40400000,
    "ebitda": 92500000,
    "ebitdaratio": 0.1313920455,
    "operatingIncome": 52100000,
    "operatingIncomeRatio": 0.0740056818,
    "totalOtherIncomeExpensesNet": 3900000,
    "incomeBeforeTax": 56000000,
    "incomeBeforeTaxRatio": 0.0795454545,
    "incomeTaxExpense": 300000,
    "netIncome": 55700000,
    "netIncomeRatio": 0.0791193182,
    "eps": 0.0783,
    "epsdiluted": 0.0758,
    "weightedAverageShsOut": 708000000,
    "weightedAverageShsOutDil": 735600000,
    "link": "https://www.sec.gov/Archives/edgar/data/1099800/000104746903008802/0001047469-03-008802-index.htm",
    "finalLink": "https://www.sec.gov/Archives/edgar/data/1099800/000104746903008802/a2105469z10-k.htm"
  },
  {
    "date": "2001-12-31",
    "symbol": "EW",
    "reportedCurrency": "USD",
    "cik": "0001099800",
    "fillingDate": "2002-03-22",
    "acceptedDate": "2002-03-22 00:00:00",
    "calendarYear": "2001",
    "period": "FY",
    "revenue": 692000000,
    "costOfRevenue": 324000000,
    "grossProfit": 368000000,
    "grossProfitRatio": 0.5317919075,
    "researchAndDevelopmentExpenses": 55000000,
    "generalAndAdministrativeExpenses": 203000000,
    "sellingAndMarketingExpenses": 0,
    "sellingGeneralAndAdministrativeExpenses": 203000000,
    "otherExpenses": 86000000,
    "operatingExpenses": 344000000,
    "costAndExpenses": 668000000,
    "interestIncome": 0,
    "interestExpense": 23000000,
    "depreciationAndAmortization": 57000000,
    "ebitda": 81100000,
    "ebitdaratio": 0.1171965318,
    "operatingIncome": 24000000,
    "operatingIncomeRatio": 0.0346820809,
    "totalOtherIncomeExpensesNet": -33100000,
    "incomeBeforeTax": -9000000,
    "incomeBeforeTaxRatio": -0.0130057803,
    "incomeTaxExpense": 1000000,
    "netIncome": -12000000,
    "netIncomeRatio": -0.0173410405,
    "eps": -0.017,
    "epsdiluted": -0.017,
    "weightedAverageShsOut": 706800000,
    "weightedAverageShsOutDil": 706800000,
    "link": "https://www.sec.gov/Archives/edgar/data/1099800/000091205702011188/0000912057-02-011188-index.htm",
    "finalLink": "https://www.sec.gov/Archives/edgar/data/1099800/000091205702011188/a2073215z10-k405.htm"
  },
  {
    "date": "2000-12-31",
    "symbol": "EW",
    "reportedCurrency": "USD",
    "cik": "0001099800",
    "fillingDate": "2001-03-27",
    "acceptedDate": "2001-03-27 00:00:00",
    "calendarYear": "2000",
    "period": "FY",
    "revenue": 804000000,
    "costOfRevenue": 423000000,
    "grossProfit": 381000000,
    "grossProfitRatio": 0.473880597,
    "researchAndDevelopmentExpenses": 55000000,
    "generalAndAdministrativeExpenses": 216000000,
    "sellingAndMarketingExpenses": 0,
    "sellingGeneralAndAdministrativeExpenses": 216000000,
    "otherExpenses": 15000000,
    "operatingExpenses": 286000000,
    "costAndExpenses": 709000000,
    "interestIncome": 0,
    "interestExpense": 0,
    "depreciationAndAmortization": 74000000,
    "ebitda": 169000000,
    "ebitdaratio": 0.210199005,
    "operatingIncome": 95000000,
    "operatingIncomeRatio": 0.118159204,
    "totalOtherIncomeExpensesNet": -354000000,
    "incomeBeforeTax": -259000000,
    "incomeBeforeTaxRatio": -0.3221393035,
    "incomeTaxExpense": 13000000,
    "netIncome": -272000000,
    "netIncomeRatio": -0.3383084577,
    "eps": -0.39,
    "epsdiluted": -0.39,
    "weightedAverageShsOut": 697068000,
    "weightedAverageShsOutDil": 697068000,
    "link": "https://www.sec.gov/Archives/edgar/data/1099800/000091205701008463/0000912057-01-008463-index.htm",
    "finalLink": "https://www.sec.gov/Archives/edgar/data/1099800/000091205701008463/a2041482z10-k.txt"
  },
  {
    "date": "1999-12-31",
    "symbol": "EW",
    "reportedCurrency": "USD",
    "cik": "0001099800",
    "fillingDate": "1999-12-31",
    "acceptedDate": "1999-12-30 19:00:00",
    "calendarYear": "1999",
    "period": "FY",
    "revenue": 905000000,
    "costOfRevenue": 466000000,
    "grossProfit": 439000000,
    "grossProfitRatio": 0.4850828729,
    "researchAndDevelopmentExpenses": 55000000,
    "generalAndAdministrativeExpenses": 233000000,
    "sellingAndMarketingExpenses": 0,
    "sellingGeneralAndAdministrativeExpenses": 233000000,
    "otherExpenses": 34000000,
    "operatingExpenses": 322000000,
    "costAndExpenses": 788000000,
    "interestIncome": 0,
    "interestExpense": 0,
    "depreciationAndAmortization": 84000000,
    "ebitda": 201000000,
    "ebitdaratio": 0.2220994475,
    "operatingIncome": 117000000,
    "operatingIncomeRatio": 0.129281768,
    "totalOtherIncomeExpensesNet": -4000000,
    "incomeBeforeTax": 113000000,
    "incomeBeforeTaxRatio": 0.1248618785,
    "incomeTaxExpense": 31000000,
    "netIncome": 82000000,
    "netIncomeRatio": 0.0906077348,
    "eps": 0.12,
    "epsdiluted": 0.12,
    "weightedAverageShsOut": 697068000,
    "weightedAverageShsOutDil": 697068000,
    "link": "",
    "finalLink": ""
  }
]