[
  {
    "date": "2025-06-30",
    "symbol": "EXC",
    "reportedCurrency": "USD",
    "cik": "0001109357",
    "fillingDate": "2025-07-31",
    "acceptedDate": "2025-07-31 13:58:31",
    "calendarYear": "2025",
    "period": "Q2",
    "revenue": 5427000000,
    "costOfRevenue": 3217000000,
    "grossProfit": 2210000000,
    "grossProfitRatio": 0.4072231435,
    "researchAndDevelopmentExpenses": 0,
    "generalAndAdministrativeExpenses": 0,
    "sellingAndMarketingExpenses": 0,
    "sellingGeneralAndAdministrativeExpenses": 0,
    "otherExpenses": 1283000000,
    "operatingExpenses": 1283000000,
    "costAndExpenses": 4500000000,
    "interestIncome": 0,
    "interestExpense": 531000000,
    "depreciationAndAmortization": 902000000,
    "ebitda": 1894000000,
    "ebitdaratio": 0.3489957619,
    "operatingIncome": 927000000,
    "operatingIncomeRatio": 0.1708126036,
    "totalOtherIncomeExpensesNet": -466000000,
    "incomeBeforeTax": 461000000,
    "incomeBeforeTaxRatio": 0.0849456422,
    "incomeTaxExpense": 70000000,
    "netIncome": 391000000,
    "netIncomeRatio": 0.0720471715,
    "eps": 0.39,
    "epsdiluted": 0.39,
    "weightedAverageShsOut": 1002564102,
    "weightedAverageShsOutDil": 1002564102,
    "link": "https://www.sec.gov/Archives/edgar/data/1109357/000110935725000170/0001109357-25-000170-index.htm",
    "finalLink": "https://www.sec.gov/Archives/edgar/data/9466/000110935725000170/exc-20250630.htm"
  },
  {
    "date": "2025-03-31",
    "symbol": "EXC",
    "reportedCurrency": "USD",
    "cik": "0001109357",
    "fillingDate": "2025-05-01",
    "acceptedDate": "2025-05-01 16:19:50",
    "calendarYear": "2025",
    "period": "Q1",
    "revenue": 6714000000,
    "costOfRevenue": 3869000000,
    "grossProfit": 2845000000,
    "grossProfitRatio": 0.4237414358,
    "researchAndDevelopmentExpenses": 0,
    "generalAndAdministrativeExpenses": 0,
    "sellingAndMarketingExpenses": 0,
    "sellingGeneralAndAdministrativeExpenses": 0,
    "otherExpenses": 1309000000,
    "operatingExpenses": 1309000000,
    "costAndExpenses": 5178000000,
    "interestIncome": 0,
    "interestExpense": 510000000,
    "depreciationAndAmortization": 905000000,
    "ebitda": 2493000000,
    "ebitdaratio": 0.3713136729,
    "operatingIncome": 1536000000,
    "operatingIncomeRatio": 0.2287756926,
    "totalOtherIncomeExpensesNet": -458000000,
    "incomeBeforeTax": 1078000000,
    "incomeBeforeTaxRatio": 0.1605600238,
    "incomeTaxExpense": 170000000,
    "netIncome": 908000000,
    "netIncomeRatio": 0.1352397974,
    "eps": 0.9,
    "epsdiluted": 0.9,
    "weightedAverageShsOut": 1008000000,
    "weightedAverageShsOutDil": 1009000000,
    "link": "https://www.sec.gov/Archives/edgar/data/1109357/000110935725000113/0001109357-25-000113-index.htm",
    "finalLink": "https://www.sec.gov/Archives/edgar/data/8192/000110935725000113/exc-20250331.htm"
  },
  {
    "date": "2024-12-31",
    "symbol": "EXC",
    "reportedCurrency": "USD",
    "cik": "0001109357",
    "fillingDate": "2025-02-12",
    "acceptedDate": "2025-02-12 14:17:01",
    "calendarYear": "2024",
    "period": "Q4",
    "revenue": 5471000000,
    "costOfRevenue": 3083000000,
    "grossProfit": 2388000000,
    "grossProfitRatio": 0.4364832755,
    "researchAndDevelopmentExpenses": 0,
    "generalAndAdministrativeExpenses": 0,
    "sellingAndMarketingExpenses": 0,
    "sellingGeneralAndAdministrativeExpenses": 0,
    "otherExpenses": 1290000000,
    "operatingExpenses": 1290000000,
    "costAndExpenses": 4373000000,
    "interestIncome": 0,
    "interestExpense": 468000000,
    "depreciationAndAmortization": 913000000,
    "ebitda": 2077000000,
    "ebitdaratio": 0.3796380918,
    "operatingIncome": 1098000000,
    "operatingIncomeRatio": 0.2006945714,
    "totalOtherIncomeExpensesNet": -402000000,
    "incomeBeforeTax": 696000000,
    "incomeBeforeTaxRatio": 0.127216231,
    "incomeTaxExpense": 49000000,
    "netIncome": 647000000,
    "netIncomeRatio": 0.1182599159,
    "eps": 0.64,
    "epsdiluted": 0.64,
    "weightedAverageShsOut": 1005000000,
    "weightedAverageShsOutDil": 1005000000,
    "link": "https://www.sec.gov/Archives/edgar/data/1109357/000110935725000043/0001109357-25-000043-index.htm",
    "finalLink": "https://www.sec.gov/Archives/edgar/data/1109357/000110935725000043/exc-20241231.htm"
  },
  {
    "date": "2024-09-30",
    "symbol": "EXC",
    "reportedCurrency": "USD",
    "cik": "0001109357",
    "fillingDate": "2024-10-30",
    "acceptedDate": "2024-10-30 15:19:28",
    "calendarYear": "2024",
    "period": "Q3",
    "revenue": 6154000000,
    "costOfRevenue": 3658000000,
    "grossProfit": 2496000000,
    "grossProfitRatio": 0.4055898603,
    "researchAndDevelopmentExpenses": 0,
    "generalAndAdministrativeExpenses": 0,
    "sellingAndMarketingExpenses": 0,
    "sellingGeneralAndAdministrativeExpenses": 0,
    "otherExpenses": 1300000000,
    "operatingExpenses": 1300000000,
    "costAndExpenses": 4958000000,
    "interestIncome": 0,
    "interestExpense": 496000000,
    "depreciationAndAmortization": 908000000,
    "ebitda": 2161000000,
    "ebitdaratio": 0.3511537212,
    "operatingIncome": 1196000000,
    "operatingIncomeRatio": 0.1943451414,
    "totalOtherIncomeExpensesNet": -439000000,
    "incomeBeforeTax": 757000000,
    "incomeBeforeTaxRatio": 0.1230094248,
    "incomeTaxExpense": 50000000,
    "netIncome": 707000000,
    "netIncomeRatio": 0.1148846279,
    "eps": 0.7,
    "epsdiluted": 0.7,
    "weightedAverageShsOut": 1003000000,
    "weightedAverageShsOutDil": 1004000000,
    "link": "https://www.sec.gov/Archives/edgar/data/1109357/000110935724000187/0001109357-24-000187-index.htm",
    "finalLink": "https://www.sec.gov/Archives/edgar/data/8192/000110935724000187/exc-20240930.htm"
  },
  {
    "date": "2024-06-30",
    "symbol": "EXC",
    "reportedCurrency": "USD",
    "cik": "0001109357",
    "fillingDate": "2024-08-01",
    "acceptedDate": "2024-08-01 13:12:47",
    "calendarYear": "2024",
    "period": "Q2",
    "revenue": 5361000000,
    "costOfRevenue": 3201000000,
    "grossProfit": 2160000000,
    "grossProfitRatio": 0.4029099049,
    "researchAndDevelopmentExpenses": 0,
    "generalAndAdministrativeExpenses": 0,
    "sellingAndMarketingExpenses": 0,
    "sellingGeneralAndAdministrativeExpenses": 0,
    "otherExpenses": 1247000000,
    "operatingExpenses": 1247000000,
    "costAndExpenses": 4448000000,
    "interestIncome": 0,
    "interestExpense": 483000000,
    "depreciationAndAmortization": 894000000,
    "ebitda": 1871000000,
    "ebitdaratio": 0.3490020519,
    "operatingIncome": 913000000,
    "operatingIncomeRatio": 0.1703040478,
    "totalOtherIncomeExpensesNet": -419000000,
    "incomeBeforeTax": 494000000,
    "incomeBeforeTaxRatio": 0.0921469875,
    "incomeTaxExpense": 46000000,
    "netIncome": 448000000,
    "netIncomeRatio": 0.0835664988,
    "eps": 0.45,
    "epsdiluted": 0.45,
    "weightedAverageShsOut": 1001000000,
    "weightedAverageShsOutDil": 1001000000,
    "link": "https://www.sec.gov/Archives/edgar/data/1109357/000110935724000156/0001109357-24-000156-index.htm",
    "finalLink": "https://www.sec.gov/Archives/edgar/data/8192/000110935724000156/exc-20240630.htm"
  },
  {
    "date": "2024-03-31",
    "symbol": "EXC",
    "reportedCurrency": "USD",
    "cik": "0001109357",
    "fillingDate": "2024-05-02",
    "acceptedDate": "2024-05-02 15:00:15",
    "calendarYear": "2024",
    "period": "Q1",
    "revenue": 6043000000,
    "costOfRevenue": 3681000000,
    "grossProfit": 2362000000,
    "grossProfitRatio": 0.3908654642,
    "researchAndDevelopmentExpenses": 0,
    "generalAndAdministrativeExpenses": 0,
    "sellingAndMarketingExpenses": 0,
    "sellingGeneralAndAdministrativeExpenses": 0,
    "otherExpenses": 1248000000,
    "operatingExpenses": 1248000000,
    "costAndExpenses": 4929000000,
    "interestIncome": 0,
    "interestExpense": 468000000,
    "depreciationAndAmortization": 880000000,
    "ebitda": 2069000000,
    "ebitdaratio": 0.3423796128,
    "operatingIncome": 1114000000,
    "operatingIncomeRatio": 0.1843455237,
    "totalOtherIncomeExpensesNet": -393000000,
    "incomeBeforeTax": 721000000,
    "incomeBeforeTaxRatio": 0.1193116002,
    "incomeTaxExpense": 63000000,
    "netIncome": 658000000,
    "netIncomeRatio": 0.1088863147,
    "eps": 0.66,
    "epsdiluted": 0.66,
    "weightedAverageShsOut": 1000000000,
    "weightedAverageShsOutDil": 1001000000,
    "link": "https://www.sec.gov/Archives/edgar/data/1109357/000110935724000120/0001109357-24-000120-index.htm",
    "finalLink": "https://www.sec.gov/Archives/edgar/data/8192/000110935724000120/exc-20240331.htm"
  },
  {
    "date": "2023-12-31",
    "symbol": "EXC",
    "reportedCurrency": "USD",
    "cik": "0001109357",
    "fillingDate": "2024-02-21",
    "acceptedDate": "2024-02-21 15:46:13",
    "calendarYear": "2023",
    "period": "Q4",
    "revenue": 5367000000,
    "costOfRevenue": 3050000000,
    "grossProfit": 2317000000,
    "grossProfitRatio": 0.431712316,
    "researchAndDevelopmentExpenses": 0,
    "generalAndAdministrativeExpenses": 0,
    "sellingAndMarketingExpenses": 0,
    "sellingGeneralAndAdministrativeExpenses": 0,
    "otherExpenses": 1225000000,
    "operatingExpenses": 1225000000,
    "costAndExpenses": 4275000000,
    "interestIncome": 0,
    "interestExpense": 452000000,
    "depreciationAndAmortization": 707000000,
    "ebitda": 1876000000,
    "ebitdaratio": 0.3495435066,
    "operatingIncome": 1092000000,
    "operatingIncomeRatio": 0.2034656233,
    "totalOtherIncomeExpensesNet": -375000000,
    "incomeBeforeTax": 717000000,
    "incomeBeforeTaxRatio": 0.1335941867,
    "incomeTaxExpense": 100000000,
    "netIncome": 617000000,
    "netIncomeRatio": 0.1149618036,
    "eps": 0.62,
    "epsdiluted": 0.62,
    "weightedAverageShsOut": 999000000,
    "weightedAverageShsOutDil": 999000000,
    "link": "https://www.sec.gov/Archives/edgar/data/1109357/000110935724000053/0001109357-24-000053-index.htm",
    "finalLink": "https://www.sec.gov/Archives/edgar/data/8192/000110935724000053/exc-20231231.htm"
  },
  {
    "date": "2023-09-30",
    "symbol": "EXC",
    "reportedCurrency": "USD",
    "cik": "0001109357",
    "fillingDate": "2023-11-02",
    "acceptedDate": "2023-11-02 14:36:06",
    "calendarYear": "2023",
    "period": "Q3",
    "revenue": 5980000000,
    "costOfRevenue": 3584000000,
    "grossProfit": 2396000000,
    "grossProfitRatio": 0.4006688963,
    "researchAndDevelopmentExpenses": 0,
    "generalAndAdministrativeExpenses": 0,
    "sellingAndMarketingExpenses": 0,
    "sellingGeneralAndAdministrativeExpenses": 0,
    "otherExpenses": 1273000000,
    "operatingExpenses": 1273000000,
    "costAndExpenses": 4857000000,
    "interestIncome": 0,
    "interestExpense": 437000000,
    "depreciationAndAmortization": 889000000,
    "ebitda": 2094000000,
    "ebitdaratio": 0.3501672241,
    "operatingIncome": 1123000000,
    "operatingIncomeRatio": 0.1877926421,
    "totalOtherIncomeExpensesNet": -356000000,
    "incomeBeforeTax": 767000000,
    "incomeBeforeTaxRatio": 0.1282608696,
    "incomeTaxExpense": 67000000,
    "netIncome": 700000000,
    "netIncomeRatio": 0.1170568562,
    "eps": 0.7,
    "epsdiluted": 0.7,
    "weightedAverageShsOut": 996000000,
    "weightedAverageShsOutDil": 997000000,
    "link": "https://www.sec.gov/Archives/edgar/data/1109357/000110935723000097/0001109357-23-000097-index.htm",
    "finalLink": "https://www.sec.gov/Archives/edgar/data/8192/000110935723000097/exc-20230930.htm"
  },
  {
    "date": "2023-06-30",
    "symbol": "EXC",
    "reportedCurrency": "USD",
    "cik": "0001109357",
    "fillingDate": "2023-08-02",
    "acceptedDate": "2023-08-02 14:35:06",
    "calendarYear": "2023",
    "period": "Q2",
    "revenue": 4818000000,
    "costOfRevenue": 2924000000,
    "grossProfit": 1894000000,
    "grossProfitRatio": 0.3931091739,
    "researchAndDevelopmentExpenses": 0,
    "generalAndAdministrativeExpenses": 0,
    "sellingAndMarketingExpenses": 0,
    "sellingGeneralAndAdministrativeExpenses": 0,
    "otherExpenses": 1190000000,
    "operatingExpenses": 1190000000,
    "costAndExpenses": 4114000000,
    "interestIncome": 0,
    "interestExpense": 427000000,
    "depreciationAndAmortization": 867000000,
    "ebitda": 1710000000,
    "ebitdaratio": 0.3549190535,
    "operatingIncome": 704000000,
    "operatingIncomeRatio": 0.1461187215,
    "totalOtherIncomeExpensesNet": -288000000,
    "incomeBeforeTax": 416000000,
    "incomeBeforeTaxRatio": 0.0863428809,
    "incomeTaxExpense": 73000000,
    "netIncome": 343000000,
    "netIncomeRatio": 0.0711913657,
    "eps": 0.34,
    "epsdiluted": 0.34,
    "weightedAverageShsOut": 995000000,
    "weightedAverageShsOutDil": 996000000,
    "link": "https://www.sec.gov/Archives/edgar/data/1109357/000110935723000067/0001109357-23-000067-index.htm",
    "finalLink": "https://www.sec.gov/Archives/edgar/data/8192/000110935723000067/exc-20230630.htm"
  },
  {
    "date": "2023-03-31",
    "symbol": "EXC",
    "reportedCurrency": "USD",
    "cik": "0001109357",
    "fillingDate": "2023-05-03",
    "acceptedDate": "2023-05-03 14:39:29",
    "calendarYear": "2023",
    "period": "Q1",
    "revenue": 5563000000,
    "costOfRevenue": 3242000000,
    "grossProfit": 2321000000,
    "grossProfitRatio": 0.417220924,
    "researchAndDevelopmentExpenses": 0,
    "generalAndAdministrativeExpenses": 0,
    "sellingAndMarketingExpenses": 0,
    "sellingGeneralAndAdministrativeExpenses": 0,
    "otherExpenses": 1215000000,
    "operatingExpenses": 1215000000,
    "costAndExpenses": 4457000000,
    "interestIncome": 0,
    "interestExpense": 412000000,
    "depreciationAndAmortization": 860000000,
    "ebitda": 2075000000,
    "ebitdaratio": 0.3730001798,
    "operatingIncome": 1106000000,
    "operatingIncomeRatio": 0.1988135898,
    "totalOtherIncomeExpensesNet": -303000000,
    "incomeBeforeTax": 803000000,
    "incomeBeforeTaxRatio": 0.1443465756,
    "incomeTaxExpense": 134000000,
    "netIncome": 669000000,
    "netIncomeRatio": 0.1202588531,
    "eps": 0.67,
    "epsdiluted": 0.67,
    "weightedAverageShsOut": 996000000,
    "weightedAverageShsOutDil": 996000000,
    "link": "https://www.sec.gov/Archives/edgar/data/1109357/000110935723000040/0001109357-23-000040-index.htm",
    "finalLink": "https://www.sec.gov/Archives/edgar/data/8192/000110935723000040/exc-20230331.htm"
  },
  {
    "date": "2022-12-31",
    "symbol": "EXC",
    "reportedCurrency": "USD",
    "cik": "0001109357",
    "fillingDate": "2023-02-14",
    "acceptedDate": "2023-02-14 17:09:56",
    "calendarYear": "2022",
    "period": "Q4",
    "revenue": 4667000000,
    "costOfRevenue": 2775000000,
    "grossProfit": 1892000000,
    "grossProfitRatio": 0.4053996143,
    "researchAndDevelopmentExpenses": 0,
    "generalAndAdministrativeExpenses": 0,
    "sellingAndMarketingExpenses": 0,
    "sellingGeneralAndAdministrativeExpenses": 0,
    "otherExpenses": 1182000000,
    "operatingExpenses": 1182000000,
    "costAndExpenses": 3957000000,
    "interestIncome": 0,
    "interestExpense": 384000000,
    "depreciationAndAmortization": 1433000000,
    "ebitda": 2242000000,
    "ebitdaratio": 0.4803942576,
    "operatingIncome": 709000000,
    "operatingIncomeRatio": 0.1519177202,
    "totalOtherIncomeExpensesNet": -284000000,
    "incomeBeforeTax": 425000000,
    "incomeBeforeTaxRatio": 0.0910649239,
    "incomeTaxExpense": -7000000,
    "netIncome": 432000000,
    "netIncomeRatio": 0.0925648168,
    "eps": 0.43,
    "epsdiluted": 0.43,
    "weightedAverageShsOut": 994000000,
    "weightedAverageShsOutDil": 999256576,
    "link": "https://www.sec.gov/Archives/edgar/data/1109357/000110935723000018/0001109357-23-000018-index.htm",
    "finalLink": "https://www.sec.gov/Archives/edgar/data/8192/000110935723000018/exc-20221231.htm"
  },
  {
    "date": "2022-09-30",
    "symbol": "EXC",
    "reportedCurrency": "USD",
    "cik": "0001109357",
    "fillingDate": "2022-11-03",
    "acceptedDate": "2022-11-03 17:06:13",
    "calendarYear": "2022",
    "period": "Q3",
    "revenue": 4845000000,
    "costOfRevenue": 2632000000,
    "grossProfit": 2213000000,
    "grossProfitRatio": 0.4567595459,
    "researchAndDevelopmentExpenses": 0,
    "generalAndAdministrativeExpenses": 0,
    "sellingAndMarketingExpenses": 0,
    "sellingGeneralAndAdministrativeExpenses": 0,
    "otherExpenses": 1202000000,
    "operatingExpenses": 1202000000,
    "costAndExpenses": 3834000000,
    "interestIncome": 0,
    "interestExpense": 365000000,
    "depreciationAndAmortization": 246000000,
    "ebitda": 1379000000,
    "ebitdaratio": 0.284623323,
    "operatingIncome": 1011000000,
    "operatingIncomeRatio": 0.2086687307,
    "totalOtherIncomeExpensesNet": -243000000,
    "incomeBeforeTax": 768000000,
    "incomeBeforeTaxRatio": 0.1585139319,
    "incomeTaxExpense": 92000000,
    "netIncome": 676000000,
    "netIncomeRatio": 0.1395252838,
    "eps": 0.68,
    "epsdiluted": 0.68,
    "weightedAverageShsOut": 988000000,
    "weightedAverageShsOutDil": 989000000,
    "link": "https://www.sec.gov/Archives/edgar/data/1109357/000110935722000113/0001109357-22-000113-index.htm",
    "finalLink": "https://www.sec.gov/Archives/edgar/data/9466/000110935722000113/exc-20220930.htm"
  },
  {
    "date": "2022-06-30",
    "symbol": "EXC",
    "reportedCurrency": "USD",
    "cik": "0001109357",
    "fillingDate": "2022-08-03",
    "acceptedDate": "2022-08-03 14:16:32",
    "calendarYear": "2022",
    "period": "Q2",
    "revenue": 4239000000,
    "costOfRevenue": 2383000000,
    "grossProfit": 1856000000,
    "grossProfitRatio": 0.437839113,
    "researchAndDevelopmentExpenses": 0,
    "generalAndAdministrativeExpenses": 0,
    "sellingAndMarketingExpenses": 0,
    "sellingGeneralAndAdministrativeExpenses": 0,
    "otherExpenses": 1162000000,
    "operatingExpenses": 1162000000,
    "costAndExpenses": 3545000000,
    "interestIncome": 0,
    "interestExpense": 358000000,
    "depreciationAndAmortization": 830000000,
    "ebitda": 1699000000,
    "ebitdaratio": 0.400802076,
    "operatingIncome": 694000000,
    "operatingIncomeRatio": 0.163717858,
    "totalOtherIncomeExpensesNet": -183000000,
    "incomeBeforeTax": 511000000,
    "incomeBeforeTaxRatio": 0.1205472989,
    "incomeTaxExpense": 46000000,
    "netIncome": 465000000,
    "netIncomeRatio": 0.1096956829,
    "eps": 0.47,
    "epsdiluted": 0.47,
    "weightedAverageShsOut": 981000000,
    "weightedAverageShsOutDil": 982000000,
    "link": "https://www.sec.gov/Archives/edgar/data/1109357/000110935722000092/0001109357-22-000092-index.htm",
    "finalLink": "https://www.sec.gov/Archives/edgar/data/8192/000110935722000092/exc-20220630.htm"
  },
  {
    "date": "2022-03-31",
    "symbol": "EXC",
    "reportedCurrency": "USD",
    "cik": "0001109357",
    "fillingDate": "2022-05-09",
    "acceptedDate": "2022-05-09 13:47:22",
    "calendarYear": "2022",
    "period": "Q1",
    "revenue": 5327000000,
    "costOfRevenue": 3256000000,
    "grossProfit": 2071000000,
    "grossProfitRatio": 0.3887741693,
    "researchAndDevelopmentExpenses": 0,
    "generalAndAdministrativeExpenses": 0,
    "sellingAndMarketingExpenses": 0,
    "sellingGeneralAndAdministrativeExpenses": 0,
    "otherExpenses": 1171000000,
    "operatingExpenses": 1171000000,
    "costAndExpenses": 4427000000,
    "interestIncome": 0,
    "interestExpense": 338000000,
    "depreciationAndAmortization": 1024000000,
    "ebitda": 2061000000,
    "ebitdaratio": 0.3868969401,
    "operatingIncome": 900000000,
    "operatingIncomeRatio": 0.1689506289,
    "totalOtherIncomeExpensesNet": -201000000,
    "incomeBeforeTax": 699000000,
    "incomeBeforeTaxRatio": 0.1312183218,
    "incomeTaxExpense": 218000000,
    "netIncome": 597000000,
    "netIncomeRatio": 0.1120705838,
    "eps": 0.61,
    "epsdiluted": 0.61,
    "weightedAverageShsOut": 981000000,
    "weightedAverageShsOutDil": 981000000,
    "link": "https://www.sec.gov/Archives/edgar/data/1109357/000110935722000059/0001109357-22-000059-index.htm",
    "finalLink": "https://www.sec.gov/Archives/edgar/data/8192/000110935722000059/exc-20220331.htm"
  },
  {
    "date": "2021-12-31",
    "symbol": "EXC",
    "reportedCurrency": "USD",
    "cik": "0001109357",
    "fillingDate": "2022-02-25",
    "acceptedDate": "2022-02-25 15:02:27",
    "calendarYear": "2021",
    "period": "Q4",
    "revenue": 9632000000,
    "costOfRevenue": 7590000000,
    "grossProfit": 2042000000,
    "grossProfitRatio": 0.2120016611,
    "researchAndDevelopmentExpenses": 0,
    "generalAndAdministrativeExpenses": 0,
    "sellingAndMarketingExpenses": 0,
    "sellingGeneralAndAdministrativeExpenses": 0,
    "otherExpenses": 1423000000,
    "operatingExpenses": 1423000000,
    "costAndExpenses": 9013000000,
    "interestIncome": 0,
    "interestExpense": 391000000,
    "depreciationAndAmortization": 1369000000,
    "ebitda": 2293000000,
    "ebitdaratio": 0.2380606312,
    "operatingIncome": 619000000,
    "operatingIncomeRatio": 0.0642649502,
    "totalOtherIncomeExpensesNet": -86000000,
    "incomeBeforeTax": 533000000,
    "incomeBeforeTaxRatio": 0.0553363787,
    "incomeTaxExpense": 145000000,
    "netIncome": 391000000,
    "netIncomeRatio": 0.0405938538,
    "eps": 0.4,
    "epsdiluted": 0.4,
    "weightedAverageShsOut": 979000000,
    "weightedAverageShsOutDil": 980000000,
    "link": "https://www.sec.gov/Archives/edgar/data/1109357/000110935722000039/0001109357-22-000039-index.htm",
    "finalLink": "https://www.sec.gov/Archives/edgar/data/8192/000110935722000039/exc-20211231.htm"
  },
  {
    "date": "2021-09-30",
    "symbol": "EXC",
    "reportedCurrency": "USD",
    "cik": "0001109357",
    "fillingDate": "2021-11-03",
    "acceptedDate": "2021-11-03 14:45:03",
    "calendarYear": "2021",
    "period": "Q3",
    "revenue": 4863000000,
    "costOfRevenue": 2996000000,
    "grossProfit": 1867000000,
    "grossProfitRatio": 0.3839193913,
    "researchAndDevelopmentExpenses": 0,
    "generalAndAdministrativeExpenses": 0,
    "sellingAndMarketingExpenses": 0,
    "sellingGeneralAndAdministrativeExpenses": 0,
    "otherExpenses": 1111000000,
    "operatingExpenses": 1111000000,
    "costAndExpenses": 4107000000,
    "interestIncome": 0,
    "interestExpense": 324000000,
    "depreciationAndAmortization": 1179000000,
    "ebitda": 1995000000,
    "ebitdaratio": 0.4102405922,
    "operatingIncome": 756000000,
    "operatingIncomeRatio": 0.1554595928,
    "totalOtherIncomeExpensesNet": -264000000,
    "incomeBeforeTax": 492000000,
    "incomeBeforeTaxRatio": 0.101172116,
    "incomeTaxExpense": 35000000,
    "netIncome": 1203000000,
    "netIncomeRatio": 0.2473781616,
    "eps": 1.23,
    "epsdiluted": 1.23,
    "weightedAverageShsOut": 979000000,
    "weightedAverageShsOutDil": 980000000,
    "link": "https://www.sec.gov/Archives/edgar/data/1109357/000110935721000110/0001109357-21-000110-index.htm",
    "finalLink": "https://www.sec.gov/Archives/edgar/data/8192/000110935721000110/exc-20210930.htm"
  },
  {
    "date": "2021-06-30",
    "symbol": "EXC",
    "reportedCurrency": "USD",
    "cik": "0001109357",
    "fillingDate": "2021-08-04",
    "acceptedDate": "2021-08-04 16:56:32",
    "calendarYear": "2021",
    "period": "Q2",
    "revenue": 4020000000,
    "costOfRevenue": 2394000000,
    "grossProfit": 1626000000,
    "grossProfitRatio": 0.4044776119,
    "researchAndDevelopmentExpenses": 0,
    "generalAndAdministrativeExpenses": 0,
    "sellingAndMarketingExpenses": 0,
    "sellingGeneralAndAdministrativeExpenses": 0,
    "otherExpenses": 1046000000,
    "operatingExpenses": 1046000000,
    "costAndExpenses": 3440000000,
    "interestIncome": 0,
    "interestExpense": 324000000,
    "depreciationAndAmortization": 2076000000,
    "ebitda": 2729000000,
    "ebitdaratio": 0.6788557214,
    "operatingIncome": 580000000,
    "operatingIncomeRatio": 0.144278607,
    "totalOtherIncomeExpensesNet": -251000000,
    "incomeBeforeTax": 329000000,
    "incomeBeforeTaxRatio": 0.081840796,
    "incomeTaxExpense": 3000000,
    "netIncome": 401000000,
    "netIncomeRatio": 0.0997512438,
    "eps": 0.41,
    "epsdiluted": 0.41,
    "weightedAverageShsOut": 978000000,
    "weightedAverageShsOutDil": 979000000,
    "link": "https://www.sec.gov/Archives/edgar/data/1109357/000110935721000079/0001109357-21-000079-index.htm",
    "finalLink": "https://www.sec.gov/Archives/edgar/data/8192/000110935721000079/exc-20210630.htm"
  },
  {
    "date": "2021-03-31",
    "symbol": "EXC",
    "reportedCurrency": "USD",
    "cik": "0001109357",
    "fillingDate": "2021-05-05",
    "acceptedDate": "2021-05-05 13:53:01",
    "calendarYear": "2021",
    "period": "Q1",
    "revenue": 4632000000,
    "costOfRevenue": 2734000000,
    "grossProfit": 1898000000,
    "grossProfitRatio": 0.4097582038,
    "researchAndDevelopmentExpenses": 0,
    "generalAndAdministrativeExpenses": 0,
    "sellingAndMarketingExpenses": 0,
    "sellingGeneralAndAdministrativeExpenses": 0,
    "otherExpenses": 1074000000,
    "operatingExpenses": 1074000000,
    "costAndExpenses": 3808000000,
    "interestIncome": 0,
    "interestExpense": 318000000,
    "depreciationAndAmortization": 2104000000,
    "ebitda": 2986000000,
    "ebitdaratio": 0.6446459413,
    "operatingIncome": 824000000,
    "operatingIncomeRatio": 0.1778929188,
    "totalOtherIncomeExpensesNet": -260000000,
    "incomeBeforeTax": 564000000,
    "incomeBeforeTaxRatio": 0.121761658,
    "incomeTaxExpense": 39000000,
    "netIncome": -289000000,
    "netIncomeRatio": -0.0623920553,
    "eps": -0.3,
    "epsdiluted": -0.3,
    "weightedAverageShsOut": 977000000,
    "weightedAverageShsOutDil": 978000000,
    "link": "https://www.sec.gov/Archives/edgar/data/1109357/000110935721000050/0001109357-21-000050-index.htm",
    "finalLink": "https://www.sec.gov/Archives/edgar/data/8192/000110935721000050/exc-20210331.htm"
  },
  {
    "date": "2020-12-31",
    "symbol": "EXC",
    "reportedCurrency": "USD",
    "cik": "0001109357",
    "fillingDate": "2021-02-24",
    "acceptedDate": "2021-02-24 15:10:10",
    "calendarYear": "2020",
    "period": "Q4",
    "revenue": 8117000000,
    "costOfRevenue": 5737000000,
    "grossProfit": 2380000000,
    "grossProfitRatio": 0.2932117778,
    "researchAndDevelopmentExpenses": 0,
    "generalAndAdministrativeExpenses": 0,
    "sellingAndMarketingExpenses": 0,
    "sellingGeneralAndAdministrativeExpenses": 0,
    "otherExpenses": 2109000000,
    "operatingExpenses": 2109000000,
    "costAndExpenses": 7845000000,
    "interestIncome": 0,
    "interestExpense": 394000000,
    "depreciationAndAmortization": 2108000000,
    "ebitda": 3170000000,
    "ebitdaratio": 0.3905383762,
    "operatingIncome": 269000000,
    "operatingIncomeRatio": 0.0331403228,
    "totalOtherIncomeExpensesNet": 399000000,
    "incomeBeforeTax": 668000000,
    "incomeBeforeTaxRatio": 0.0822964149,
    "incomeTaxExpense": 232000000,
    "netIncome": 360000000,
    "netIncomeRatio": 0.0443513613,
    "eps": 0.37,
    "epsdiluted": 0.37,
    "weightedAverageShsOut": 977000000,
    "weightedAverageShsOutDil": 978000000,
    "link": "https://www.sec.gov/Archives/edgar/data/1109357/000110935721000022/0001109357-21-000022-index.htm",
    "finalLink": "https://www.sec.gov/Archives/edgar/data/8192/000110935721000022/exc-20201231.htm"
  },
  {
    "date": "2020-09-30",
    "symbol": "EXC",
    "reportedCurrency": "USD",
    "cik": "0001109357",
    "fillingDate": "2020-11-03",
    "acceptedDate": "2020-11-03 14:21:15",
    "calendarYear": "2020",
    "period": "Q3",
    "revenue": 8853000000,
    "costOfRevenue": 6346000000,
    "grossProfit": 2507000000,
    "grossProfitRatio": 0.2831808427,
    "researchAndDevelopmentExpenses": 0,
    "generalAndAdministrativeExpenses": 0,
    "sellingAndMarketingExpenses": 0,
    "sellingGeneralAndAdministrativeExpenses": 0,
    "otherExpenses": 1738000000,
    "operatingExpenses": 1738000000,
    "costAndExpenses": 8084000000,
    "interestIncome": 0,
    "interestExpense": 404000000,
    "depreciationAndAmortization": 1678000000,
    "ebitda": 2868000000,
    "ebitdaratio": 0.3239579803,
    "operatingIncome": 769000000,
    "operatingIncomeRatio": 0.0868632102,
    "totalOtherIncomeExpensesNet": 17000000,
    "incomeBeforeTax": 786000000,
    "incomeBeforeTaxRatio": 0.0887834632,
    "incomeTaxExpense": 216000000,
    "netIncome": 501000000,
    "netIncomeRatio": 0.0565909861,
    "eps": 0.51,
    "epsdiluted": 0.51,
    "weightedAverageShsOut": 976000000,
    "weightedAverageShsOutDil": 977000000,
    "link": "https://www.sec.gov/Archives/edgar/data/1109357/000110935720000207/0001109357-20-000207-index.htm",
    "finalLink": "https://www.sec.gov/Archives/edgar/data/8192/000110935720000207/exc-20200930.htm"
  },
  {
    "date": "2020-06-30",
    "symbol": "EXC",
    "reportedCurrency": "USD",
    "cik": "0001109357",
    "fillingDate": "2020-08-04",
    "acceptedDate": "2020-08-04 15:55:08",
    "calendarYear": "2020",
    "period": "Q2",
    "revenue": 7322000000,
    "costOfRevenue": 5357000000,
    "grossProfit": 1965000000,
    "grossProfitRatio": 0.268369298,
    "researchAndDevelopmentExpenses": 0,
    "generalAndAdministrativeExpenses": 0,
    "sellingAndMarketingExpenses": 0,
    "sellingGeneralAndAdministrativeExpenses": 0,
    "otherExpenses": 1400000000,
    "operatingExpenses": 1400000000,
    "costAndExpenses": 6757000000,
    "interestIncome": 0,
    "interestExpense": 427000000,
    "depreciationAndAmortization": 1363000000,
    "ebitda": 2584000000,
    "ebitdaratio": 0.3529090412,
    "operatingIncome": 565000000,
    "operatingIncomeRatio": 0.0771647091,
    "totalOtherIncomeExpensesNet": 229000000,
    "incomeBeforeTax": 794000000,
    "incomeBeforeTaxRatio": 0.1084403169,
    "incomeTaxExpense": 219000000,
    "netIncome": 521000000,
    "netIncomeRatio": 0.071155422,
    "eps": 0.53,
    "epsdiluted": 0.53,
    "weightedAverageShsOut": 976000000,
    "weightedAverageShsOutDil": 976000000,
    "link": "https://www.sec.gov/Archives/edgar/data/1109357/000110935720000165/0001109357-20-000165-index.htm",
    "finalLink": "https://www.sec.gov/Archives/edgar/data/8192/000110935720000165/exc-20200630x10q.htm"
  },
  {
    "date": "2020-03-31",
    "symbol": "EXC",
    "reportedCurrency": "USD",
    "cik": "0001109357",
    "fillingDate": "2020-05-08",
    "acceptedDate": "2020-05-08 15:19:22",
    "calendarYear": "2020",
    "period": "Q1",
    "revenue": 8747000000,
    "costOfRevenue": 6071000000,
    "grossProfit": 2676000000,
    "grossProfitRatio": 0.3059334629,
    "researchAndDevelopmentExpenses": 0,
    "generalAndAdministrativeExpenses": 0,
    "sellingAndMarketingExpenses": 0,
    "sellingGeneralAndAdministrativeExpenses": 0,
    "otherExpenses": 1456000000,
    "operatingExpenses": 1456000000,
    "costAndExpenses": 7527000000,
    "interestIncome": 0,
    "interestExpense": 410000000,
    "depreciationAndAmortization": 1378000000,
    "ebitda": 1873000000,
    "ebitdaratio": 0.214130559,
    "operatingIncome": 1220000000,
    "operatingIncomeRatio": 0.1394763919,
    "totalOtherIncomeExpensesNet": -1135000000,
    "incomeBeforeTax": 85000000,
    "incomeBeforeTaxRatio": 0.0097176175,
    "incomeTaxExpense": -291000000,
    "netIncome": 582000000,
    "netIncomeRatio": 0.0665370984,
    "eps": 0.6,
    "epsdiluted": 0.6,
    "weightedAverageShsOut": 975000000,
    "weightedAverageShsOutDil": 976000000,
    "link": "https://www.sec.gov/Archives/edgar/data/1109357/000110935720000108/0001109357-20-000108-index.htm",
    "finalLink": "https://www.sec.gov/Archives/edgar/data/8192/000110935720000108/exc-20200331x10q.htm"
  },
  {
    "date": "2019-12-31",
    "symbol": "EXC",
    "reportedCurrency": "USD",
    "cik": "0001109357",
    "fillingDate": "2020-02-11",
    "acceptedDate": "2020-02-11 16:02:37",
    "calendarYear": "2019",
    "period": "Q4",
    "revenue": 8343000000,
    "costOfRevenue": 5962000000,
    "grossProfit": 2381000000,
    "grossProfitRatio": 0.2853889488,
    "researchAndDevelopmentExpenses": 0,
    "generalAndAdministrativeExpenses": 0,
    "sellingAndMarketingExpenses": 0,
    "sellingGeneralAndAdministrativeExpenses": 0,
    "otherExpenses": 1418000000,
    "operatingExpenses": 1418000000,
    "costAndExpenses": 7380000000,
    "interestIncome": 0,
    "interestExpense": 395000000,
    "depreciationAndAmortization": 1387000000,
    "ebitda": 2739000000,
    "ebitdaratio": 0.328299173,
    "operatingIncome": 962000000,
    "operatingIncomeRatio": 0.1153062448,
    "totalOtherIncomeExpensesNet": -5000000,
    "incomeBeforeTax": 957000000,
    "incomeBeforeTaxRatio": 0.1147069399,
    "incomeTaxExpense": 148000000,
    "netIncome": 773000000,
    "netIncomeRatio": 0.0926525231,
    "eps": 0.79,
    "epsdiluted": 0.79,
    "weightedAverageShsOut": 974000000,
    "weightedAverageShsOutDil": 975000000,
    "link": "https://www.sec.gov/Archives/edgar/data/1109357/000110935720000053/0001109357-20-000053-index.htm",
    "finalLink": "https://www.sec.gov/Archives/edgar/data/8192/000110935720000053/exc-20191231x10k.htm"
  },
  {
    "date": "2019-09-30",
    "symbol": "EXC",
    "reportedCurrency": "USD",
    "cik": "0001109357",
    "fillingDate": "2019-10-31",
    "acceptedDate": "2019-10-31 12:34:24",
    "calendarYear": "2019",
    "period": "Q3",
    "revenue": 8929000000,
    "costOfRevenue": 6024000000,
    "grossProfit": 2905000000,
    "grossProfitRatio": 0.3253443835,
    "researchAndDevelopmentExpenses": 0,
    "generalAndAdministrativeExpenses": 0,
    "sellingAndMarketingExpenses": 0,
    "sellingGeneralAndAdministrativeExpenses": 0,
    "otherExpenses": 1552000000,
    "operatingExpenses": 1552000000,
    "costAndExpenses": 7576000000,
    "interestIncome": 0,
    "interestExpense": 409000000,
    "depreciationAndAmortization": 1471000000,
    "ebitda": 2982000000,
    "ebitdaratio": 0.3339679695,
    "operatingIncome": 1353000000,
    "operatingIncomeRatio": 0.1515287266,
    "totalOtherIncomeExpensesNet": -251000000,
    "incomeBeforeTax": 1102000000,
    "incomeBeforeTaxRatio": 0.1234180759,
    "incomeTaxExpense": 172000000,
    "netIncome": 772000000,
    "netIncomeRatio": 0.0864598499,
    "eps": 0.79,
    "epsdiluted": 0.79,
    "weightedAverageShsOut": 973000000,
    "weightedAverageShsOutDil": 974000000,
    "link": "https://www.sec.gov/Archives/edgar/data/1109357/000110935719000112/0001109357-19-000112-index.htm",
    "finalLink": "https://www.sec.gov/Archives/edgar/data/8192/000110935719000112/exc-20190930x10q.htm"
  },
  {
    "date": "2019-06-30",
    "symbol": "EXC",
    "reportedCurrency": "USD",
    "cik": "0001109357",
    "fillingDate": "2019-08-01",
    "acceptedDate": "2019-08-01 13:36:56",
    "calendarYear": "2019",
    "period": "Q2",
    "revenue": 7689000000,
    "costOfRevenue": 5384000000,
    "grossProfit": 2305000000,
    "grossProfitRatio": 0.2997789049,
    "researchAndDevelopmentExpenses": 0,
    "generalAndAdministrativeExpenses": 0,
    "sellingAndMarketingExpenses": 0,
    "sellingGeneralAndAdministrativeExpenses": 0,
    "otherExpenses": 1464000000,
    "operatingExpenses": 1464000000,
    "costAndExpenses": 6848000000,
    "interestIncome": 0,
    "interestExpense": 409000000,
    "depreciationAndAmortization": 1462000000,
    "ebitda": 2515000000,
    "ebitdaratio": 0.327090649,
    "operatingIncome": 841000000,
    "operatingIncomeRatio": 0.1093770321,
    "totalOtherIncomeExpensesNet": -197000000,
    "incomeBeforeTax": 644000000,
    "incomeBeforeTaxRatio": 0.0837560151,
    "incomeTaxExpense": 144000000,
    "netIncome": 484000000,
    "netIncomeRatio": 0.0629470672,
    "eps": 0.5,
    "epsdiluted": 0.5,
    "weightedAverageShsOut": 972000000,
    "weightedAverageShsOutDil": 974000000,
    "link": "https://www.sec.gov/Archives/edgar/data/1109357/000162828019009752/0001628280-19-009752-index.htm",
    "finalLink": "https://www.sec.gov/Archives/edgar/data/8192/000162828019009752/exc-20190630x10q.htm"
  },
  {
    "date": "2019-03-31",
    "symbol": "EXC",
    "reportedCurrency": "USD",
    "cik": "0001109357",
    "fillingDate": "2019-05-02",
    "acceptedDate": "2019-05-02 16:29:24",
    "calendarYear": "2019",
    "period": "Q1",
    "revenue": 9477000000,
    "costOfRevenue": 6742000000,
    "grossProfit": 2735000000,
    "grossProfitRatio": 0.2885934367,
    "researchAndDevelopmentExpenses": 0,
    "generalAndAdministrativeExpenses": 0,
    "sellingAndMarketingExpenses": 0,
    "sellingGeneralAndAdministrativeExpenses": 0,
    "otherExpenses": 1517000000,
    "operatingExpenses": 1517000000,
    "costAndExpenses": 8259000000,
    "interestIncome": 0,
    "interestExpense": 403000000,
    "depreciationAndAmortization": 1460000000,
    "ebitda": 3145000000,
    "ebitdaratio": 0.3318560726,
    "operatingIncome": 1218000000,
    "operatingIncomeRatio": 0.1285216841,
    "totalOtherIncomeExpensesNet": 64000000,
    "incomeBeforeTax": 1282000000,
    "incomeBeforeTaxRatio": 0.135274876,
    "incomeTaxExpense": 310000000,
    "netIncome": 907000000,
    "netIncomeRatio": 0.095705392,
    "eps": 0.93,
    "epsdiluted": 0.93,
    "weightedAverageShsOut": 971000000,
    "weightedAverageShsOutDil": 972000000,
    "link": "https://www.sec.gov/Archives/edgar/data/1109357/000162828019005692/0001628280-19-005692-index.htm",
    "finalLink": "https://www.sec.gov/Archives/edgar/data/8192/000162828019005692/exc-20190331x10q.htm"
  },
  {
    "date": "2018-12-31",
    "symbol": "EXC",
    "reportedCurrency": "USD",
    "cik": "0001109357",
    "fillingDate": "2019-02-08",
    "acceptedDate": "2019-02-08 15:11:50",
    "calendarYear": "2018",
    "period": "Q4",
    "revenue": 8814000000,
    "costOfRevenue": 6598000000,
    "grossProfit": 2216000000,
    "grossProfitRatio": 0.2514181983,
    "researchAndDevelopmentExpenses": 0,
    "generalAndAdministrativeExpenses": 0,
    "sellingAndMarketingExpenses": 0,
    "sellingGeneralAndAdministrativeExpenses": 0,
    "otherExpenses": 1509000000,
    "operatingExpenses": 1509000000,
    "costAndExpenses": 8106000000,
    "interestIncome": 0,
    "interestExpense": 416000000,
    "depreciationAndAmortization": 1460000000,
    "ebitda": 1845000000,
    "ebitdaratio": 0.2093260722,
    "operatingIncome": 709000000,
    "operatingIncomeRatio": 0.0804402088,
    "totalOtherIncomeExpensesNet": -740000000,
    "incomeBeforeTax": -31000000,
    "incomeBeforeTaxRatio": -0.0035171318,
    "incomeTaxExpense": -142000000,
    "netIncome": 152000000,
    "netIncomeRatio": 0.0172452916,
    "eps": 0.16,
    "epsdiluted": 0.16,
    "weightedAverageShsOut": 969000000,
    "weightedAverageShsOutDil": 971000000,
    "link": "https://www.sec.gov/Archives/edgar/data/1109357/000162828019001107/0001628280-19-001107-index.htm",
    "finalLink": "https://www.sec.gov/Archives/edgar/data/8192/000162828019001107/exc-20181231x10k.htm"
  },
  {
    "date": "2018-09-30",
    "symbol": "EXC",
    "reportedCurrency": "USD",
    "cik": "0001109357",
    "fillingDate": "2018-11-01",
    "acceptedDate": "2018-11-01 12:14:53",
    "calendarYear": "2018",
    "period": "Q3",
    "revenue": 9403000000,
    "costOfRevenue": 6678000000,
    "grossProfit": 2725000000,
    "grossProfitRatio": 0.2898011273,
    "researchAndDevelopmentExpenses": 0,
    "generalAndAdministrativeExpenses": 0,
    "sellingAndMarketingExpenses": 0,
    "sellingGeneralAndAdministrativeExpenses": 0,
    "otherExpenses": 1579000000,
    "operatingExpenses": 1579000000,
    "costAndExpenses": 8257000000,
    "interestIncome": 0,
    "interestExpense": 393000000,
    "depreciationAndAmortization": 1511000000,
    "ebitda": 2851000000,
    "ebitdaratio": 0.303201106,
    "operatingIncome": 1146000000,
    "operatingIncomeRatio": 0.121875997,
    "totalOtherIncomeExpensesNet": -199000000,
    "incomeBeforeTax": 947000000,
    "incomeBeforeTaxRatio": 0.1007125386,
    "incomeTaxExpense": 137000000,
    "netIncome": 733000000,
    "netIncomeRatio": 0.0779538445,
    "eps": 0.76,
    "epsdiluted": 0.76,
    "weightedAverageShsOut": 968000000,
    "weightedAverageShsOutDil": 970000000,
    "link": "https://www.sec.gov/Archives/edgar/data/1109357/000162828018013257/0001628280-18-013257-index.htm",
    "finalLink": "https://www.sec.gov/Archives/edgar/data/8192/000162828018013257/exc-20180930x10q.htm"
  },
  {
    "date": "2018-06-30",
    "symbol": "EXC",
    "reportedCurrency": "USD",
    "cik": "0001109357",
    "fillingDate": "2018-08-02",
    "acceptedDate": "2018-08-02 12:20:06",
    "calendarYear": "2018",
    "period": "Q2",
    "revenue": 8076000000,
    "costOfRevenue": 5622000000,
    "grossProfit": 2454000000,
    "grossProfitRatio": 0.3038632987,
    "researchAndDevelopmentExpenses": 0,
    "generalAndAdministrativeExpenses": 0,
    "sellingAndMarketingExpenses": 0,
    "sellingGeneralAndAdministrativeExpenses": 0,
    "otherExpenses": 1512000000,
    "operatingExpenses": 1512000000,
    "costAndExpenses": 7134000000,
    "interestIncome": 0,
    "interestExpense": 373000000,
    "depreciationAndAmortization": 1499000000,
    "ebitda": 2485000000,
    "ebitdaratio": 0.3077018326,
    "operatingIncome": 942000000,
    "operatingIncomeRatio": 0.1166419019,
    "totalOtherIncomeExpensesNet": -329000000,
    "incomeBeforeTax": 613000000,
    "incomeBeforeTaxRatio": 0.0759039128,
    "incomeTaxExpense": 66000000,
    "netIncome": 539000000,
    "netIncomeRatio": 0.0667409609,
    "eps": 0.56,
    "epsdiluted": 0.56,
    "weightedAverageShsOut": 967000000,
    "weightedAverageShsOutDil": 969000000,
    "link": "https://www.sec.gov/Archives/edgar/data/1109357/000162828018010287/0001628280-18-010287-index.htm",
    "finalLink": "https://www.sec.gov/Archives/edgar/data/8192/000162828018010287/exc-20180630x10q.htm"
  },
  {
    "date": "2018-03-31",
    "symbol": "EXC",
    "reportedCurrency": "USD",
    "cik": "0001109357",
    "fillingDate": "2018-05-02",
    "acceptedDate": "2018-05-02 13:21:52",
    "calendarYear": "2018",
    "period": "Q1",
    "revenue": 9693000000,
    "costOfRevenue": 7111000000,
    "grossProfit": 2582000000,
    "grossProfitRatio": 0.2663777984,
    "researchAndDevelopmentExpenses": 0,
    "generalAndAdministrativeExpenses": 0,
    "sellingAndMarketingExpenses": 0,
    "sellingGeneralAndAdministrativeExpenses": 0,
    "otherExpenses": 1481000000,
    "operatingExpenses": 1481000000,
    "costAndExpenses": 8592000000,
    "interestIncome": 0,
    "interestExpense": 371000000,
    "depreciationAndAmortization": 1501000000,
    "ebitda": 2574000000,
    "ebitdaratio": 0.2655524605,
    "operatingIncome": 1101000000,
    "operatingIncomeRatio": 0.1135871247,
    "totalOtherIncomeExpensesNet": -399000000,
    "incomeBeforeTax": 702000000,
    "incomeBeforeTaxRatio": 0.0724233983,
    "incomeTaxExpense": 59000000,
    "netIncome": 585000000,
    "netIncomeRatio": 0.0603528319,
    "eps": 0.61,
    "epsdiluted": 0.6,
    "weightedAverageShsOut": 966000000,
    "weightedAverageShsOutDil": 968000000,
    "link": "https://www.sec.gov/Archives/edgar/data/1109357/000162828018005662/0001628280-18-005662-index.htm",
    "finalLink": "https://www.sec.gov/Archives/edgar/data/8192/000162828018005662/exc-2018331x10q.htm"
  },
  {
    "date": "2017-12-31",
    "symbol": "EXC",
    "reportedCurrency": "USD",
    "cik": "0001109357",
    "fillingDate": "2018-02-09",
    "acceptedDate": "2018-02-09 08:40:06",
    "calendarYear": "2017",
    "period": "Q4",
    "revenue": 8381000000,
    "costOfRevenue": 5903000000,
    "grossProfit": 2478000000,
    "grossProfitRatio": 0.2956687746,
    "researchAndDevelopmentExpenses": 0,
    "generalAndAdministrativeExpenses": 0,
    "sellingAndMarketingExpenses": 0,
    "sellingGeneralAndAdministrativeExpenses": 0,
    "otherExpenses": 1220000000,
    "operatingExpenses": 1220000000,
    "costAndExpenses": 7122000000,
    "interestIncome": 0,
    "interestExpense": 365000000,
    "depreciationAndAmortization": 1428000000,
    "ebitda": 3019000000,
    "ebitdaratio": 0.3602195442,
    "operatingIncome": 1260000000,
    "operatingIncomeRatio": 0.1503400549,
    "totalOtherIncomeExpensesNet": -35000000,
    "incomeBeforeTax": 1225000000,
    "incomeBeforeTaxRatio": 0.1461639423,
    "incomeTaxExpense": -720000000,
    "netIncome": 1871000000,
    "netIncomeRatio": 0.2232430498,
    "eps": 1.94,
    "epsdiluted": 1.94,
    "weightedAverageShsOut": 964000000,
    "weightedAverageShsOutDil": 967000000,
    "link": "https://www.sec.gov/Archives/edgar/data/1109357/000162828018001324/0001628280-18-001324-index.htm",
    "finalLink": "https://www.sec.gov/Archives/edgar/data/8192/000162828018001324/exc-20171231x10k.htm"
  },
  {
    "date": "2017-09-30",
    "symbol": "EXC",
    "reportedCurrency": "USD",
    "cik": "0001109357",
    "fillingDate": "2017-11-02",
    "acceptedDate": "2017-11-02 11:12:41",
    "calendarYear": "2017",
    "period": "Q3",
    "revenue": 8769000000,
    "costOfRevenue": 5842000000,
    "grossProfit": 2927000000,
    "grossProfitRatio": 0.3337894857,
    "researchAndDevelopmentExpenses": 0,
    "generalAndAdministrativeExpenses": 0,
    "sellingAndMarketingExpenses": 0,
    "sellingGeneralAndAdministrativeExpenses": 0,
    "otherExpenses": 1452000000,
    "operatingExpenses": 1452000000,
    "costAndExpenses": 7269000000,
    "interestIncome": 0,
    "interestExpense": 386000000,
    "depreciationAndAmortization": 1408000000,
    "ebitda": 3117000000,
    "ebitdaratio": 0.3554567225,
    "operatingIncome": 1499000000,
    "operatingIncomeRatio": 0.170943095,
    "totalOtherIncomeExpensesNet": -176000000,
    "incomeBeforeTax": 1323000000,
    "incomeBeforeTaxRatio": 0.1508723914,
    "incomeTaxExpense": 451000000,
    "netIncome": 824000000,
    "netIncomeRatio": 0.0939673851,
    "eps": 0.86,
    "epsdiluted": 0.85,
    "weightedAverageShsOut": 962000000,
    "weightedAverageShsOutDil": 965000000,
    "link": "https://www.sec.gov/Archives/edgar/data/1109357/000162828017010625/0001628280-17-010625-index.htm",
    "finalLink": "https://www.sec.gov/Archives/edgar/data/8192/000162828017010625/exc-2017930x10q.htm"
  },
  {
    "date": "2017-06-30",
    "symbol": "EXC",
    "reportedCurrency": "USD",
    "cik": "0001109357",
    "fillingDate": "2017-08-02",
    "acceptedDate": "2017-08-02 14:49:37",
    "calendarYear": "2017",
    "period": "Q2",
    "revenue": 7623000000,
    "costOfRevenue": 6057000000,
    "grossProfit": 1566000000,
    "grossProfitRatio": 0.2054309327,
    "researchAndDevelopmentExpenses": 0,
    "generalAndAdministrativeExpenses": 0,
    "sellingAndMarketingExpenses": 0,
    "sellingGeneralAndAdministrativeExpenses": 0,
    "otherExpenses": 1334000000,
    "operatingExpenses": 1334000000,
    "costAndExpenses": 7365000000,
    "interestIncome": 0,
    "interestExpense": 436000000,
    "depreciationAndAmortization": 1317000000,
    "ebitda": 1794000000,
    "ebitdaratio": 0.2353404172,
    "operatingIncome": 300000000,
    "operatingIncomeRatio": 0.0393545848,
    "totalOtherIncomeExpensesNet": -259000000,
    "incomeBeforeTax": 41000000,
    "incomeBeforeTaxRatio": 0.0053784599,
    "incomeTaxExpense": -62000000,
    "netIncome": 80000000,
    "netIncomeRatio": 0.0104945559,
    "eps": 0.1,
    "epsdiluted": 0.1,
    "weightedAverageShsOut": 934000000,
    "weightedAverageShsOutDil": 936000000,
    "link": "https://www.sec.gov/Archives/edgar/data/1109357/000119312517245630/0001193125-17-245630-index.htm",
    "finalLink": "https://www.sec.gov/Archives/edgar/data/8192/000119312517245630/d426698d10q.htm"
  },
  {
    "date": "2017-03-31",
    "symbol": "EXC",
    "reportedCurrency": "USD",
    "cik": "0001109357",
    "fillingDate": "2017-05-03",
    "acceptedDate": "2017-05-03 13:51:53",
    "calendarYear": "2017",
    "period": "Q1",
    "revenue": 8757000000,
    "costOfRevenue": 6359000000,
    "grossProfit": 2398000000,
    "grossProfitRatio": 0.2738380724,
    "researchAndDevelopmentExpenses": 0,
    "generalAndAdministrativeExpenses": 0,
    "sellingAndMarketingExpenses": 0,
    "sellingGeneralAndAdministrativeExpenses": 0,
    "otherExpenses": 1102000000,
    "operatingExpenses": 1102000000,
    "costAndExpenses": 7439000000,
    "interestIncome": 0,
    "interestExpense": 373000000,
    "depreciationAndAmortization": 1274000000,
    "ebitda": 2839000000,
    "ebitdaratio": 0.3241977846,
    "operatingIncome": 1308000000,
    "operatingIncomeRatio": 0.1493662213,
    "totalOtherIncomeExpensesNet": -116000000,
    "incomeBeforeTax": 1192000000,
    "incomeBeforeTaxRatio": 0.1361196757,
    "incomeTaxExpense": 211000000,
    "netIncome": 995000000,
    "netIncomeRatio": 0.113623387,
    "eps": 1.07,
    "epsdiluted": 1.06,
    "weightedAverageShsOut": 928000000,
    "weightedAverageShsOutDil": 930000000,
    "link": "https://www.sec.gov/Archives/edgar/data/1109357/000119312517155836/0001193125-17-155836-index.htm",
    "finalLink": "https://www.sec.gov/Archives/edgar/data/8192/000119312517155836/d376014d10q.htm"
  },
  {
    "date": "2016-12-31",
    "symbol": "EXC",
    "reportedCurrency": "USD",
    "cik": "0001109357",
    "fillingDate": "2017-02-13",
    "acceptedDate": "2017-02-13 10:58:30",
    "calendarYear": "2016",
    "period": "Q4",
    "revenue": 7875000000,
    "costOfRevenue": 5549000000,
    "grossProfit": 2326000000,
    "grossProfitRatio": 0.2953650794,
    "researchAndDevelopmentExpenses": 0,
    "generalAndAdministrativeExpenses": 0,
    "sellingAndMarketingExpenses": 0,
    "sellingGeneralAndAdministrativeExpenses": 0,
    "otherExpenses": 1612000000,
    "operatingExpenses": 1612000000,
    "costAndExpenses": 7161000000,
    "interestIncome": 0,
    "interestExpense": 356000000,
    "depreciationAndAmortization": 1567000000,
    "ebitda": 2316000000,
    "ebitdaratio": 0.2940952381,
    "operatingIncome": 713000000,
    "operatingIncomeRatio": 0.0905396825,
    "totalOtherIncomeExpensesNet": -321000000,
    "incomeBeforeTax": 392000000,
    "incomeBeforeTaxRatio": 0.0497777778,
    "incomeTaxExpense": 136000000,
    "netIncome": 204000000,
    "netIncomeRatio": 0.0259047619,
    "eps": 0.22,
    "epsdiluted": 0.22,
    "weightedAverageShsOut": 925000000,
    "weightedAverageShsOutDil": 928000000,
    "link": "https://www.sec.gov/Archives/edgar/data/1109357/000119312517039639/0001193125-17-039639-index.htm",
    "finalLink": "https://www.sec.gov/Archives/edgar/data/8192/000119312517039639/d339405d10k.htm"
  },
  {
    "date": "2016-09-30",
    "symbol": "EXC",
    "reportedCurrency": "USD",
    "cik": "0001109357",
    "fillingDate": "2016-10-26",
    "acceptedDate": "2016-10-26 15:53:32",
    "calendarYear": "2016",
    "period": "Q3",
    "revenue": 9002000000,
    "costOfRevenue": 6092000000,
    "grossProfit": 2910000000,
    "grossProfitRatio": 0.3232614974,
    "researchAndDevelopmentExpenses": 0,
    "generalAndAdministrativeExpenses": 0,
    "sellingAndMarketingExpenses": 0,
    "sellingGeneralAndAdministrativeExpenses": 0,
    "otherExpenses": 1643000000,
    "operatingExpenses": 1643000000,
    "costAndExpenses": 7735000000,
    "interestIncome": 0,
    "interestExpense": 516000000,
    "depreciationAndAmortization": 1613000000,
    "ebitda": 3000000000,
    "ebitdaratio": 0.3332592757,
    "operatingIncome": 1267000000,
    "operatingIncomeRatio": 0.1407465008,
    "totalOtherIncomeExpensesNet": -396000000,
    "incomeBeforeTax": 871000000,
    "incomeBeforeTaxRatio": 0.0967562764,
    "incomeTaxExpense": 340000000,
    "netIncome": 490000000,
    "netIncomeRatio": 0.0544323484,
    "eps": 0.53,
    "epsdiluted": 0.53,
    "weightedAverageShsOut": 925000000,
    "weightedAverageShsOutDil": 927000000,
    "link": "https://www.sec.gov/Archives/edgar/data/1109357/000119312516747892/0001193125-16-747892-index.htm",
    "finalLink": "https://www.sec.gov/Archives/edgar/data/8192/000119312516747892/d275444d10q.htm"
  },
  {
    "date": "2016-06-30",
    "symbol": "EXC",
    "reportedCurrency": "USD",
    "cik": "0001109357",
    "fillingDate": "2016-08-09",
    "acceptedDate": "2016-08-09 12:46:17",
    "calendarYear": "2016",
    "period": "Q2",
    "revenue": 6910000000,
    "costOfRevenue": 4959000000,
    "grossProfit": 1951000000,
    "grossProfitRatio": 0.2823444284,
    "researchAndDevelopmentExpenses": 0,
    "generalAndAdministrativeExpenses": 0,
    "sellingAndMarketingExpenses": 0,
    "sellingGeneralAndAdministrativeExpenses": 0,
    "otherExpenses": 1304000000,
    "operatingExpenses": 1304000000,
    "costAndExpenses": 6263000000,
    "interestIncome": 0,
    "interestExpense": 376000000,
    "depreciationAndAmortization": 1333000000,
    "ebitda": 2124000000,
    "ebitdaratio": 0.3073806078,
    "operatingIncome": 647000000,
    "operatingIncomeRatio": 0.0936324168,
    "totalOtherIncomeExpensesNet": -232000000,
    "incomeBeforeTax": 415000000,
    "incomeBeforeTaxRatio": 0.0600578871,
    "incomeTaxExpense": 102000000,
    "netIncome": 267000000,
    "netIncomeRatio": 0.0386396527,
    "eps": 0.29,
    "epsdiluted": 0.29,
    "weightedAverageShsOut": 924000000,
    "weightedAverageShsOutDil": 926000000,
    "link": "https://www.sec.gov/Archives/edgar/data/1109357/000119312516676366/0001193125-16-676366-index.htm",
    "finalLink": "https://www.sec.gov/Archives/edgar/data/8192/000119312516676366/d124776d10q.htm"
  },
  {
    "date": "2016-03-31",
    "symbol": "EXC",
    "reportedCurrency": "USD",
    "cik": "0001109357",
    "fillingDate": "2016-05-10",
    "acceptedDate": "2016-05-10 16:52:51",
    "calendarYear": "2016",
    "period": "Q1",
    "revenue": 7573000000,
    "costOfRevenue": 6089000000,
    "grossProfit": 1484000000,
    "grossProfitRatio": 0.1959593292,
    "researchAndDevelopmentExpenses": 0,
    "generalAndAdministrativeExpenses": 0,
    "sellingAndMarketingExpenses": 0,
    "sellingGeneralAndAdministrativeExpenses": 0,
    "otherExpenses": 1001000000,
    "operatingExpenses": 1001000000,
    "costAndExpenses": 7090000000,
    "interestIncome": 0,
    "interestExpense": 292000000,
    "depreciationAndAmortization": 1063000000,
    "ebitda": 1660000000,
    "ebitdaratio": 0.2191997887,
    "operatingIncome": 483000000,
    "operatingIncomeRatio": 0.0637792156,
    "totalOtherIncomeExpensesNet": -173000000,
    "incomeBeforeTax": 310000000,
    "incomeBeforeTaxRatio": 0.0409349003,
    "incomeTaxExpense": 184000000,
    "netIncome": 173000000,
    "netIncomeRatio": 0.0228443153,
    "eps": 0.19,
    "epsdiluted": 0.19,
    "weightedAverageShsOut": 887313966,
    "weightedAverageShsOutDil": 910526316,
    "link": "https://www.sec.gov/Archives/edgar/data/1109357/000119312516585702/0001193125-16-585702-index.htm",
    "finalLink": "https://www.sec.gov/Archives/edgar/data/8192/000119312516585702/d193978d10q.htm"
  },
  {
    "date": "2015-12-31",
    "symbol": "EXC",
    "reportedCurrency": "USD",
    "cik": "0001109357",
    "fillingDate": "2016-02-10",
    "acceptedDate": "2016-02-10 16:36:37",
    "calendarYear": "2015",
    "period": "Q4",
    "revenue": 6702000000,
    "costOfRevenue": 5078000000,
    "grossProfit": 1624000000,
    "grossProfitRatio": 0.2423157266,
    "researchAndDevelopmentExpenses": 0,
    "generalAndAdministrativeExpenses": 0,
    "sellingAndMarketingExpenses": 0,
    "sellingGeneralAndAdministrativeExpenses": 0,
    "otherExpenses": 916000000,
    "operatingExpenses": 916000000,
    "costAndExpenses": 5993000000,
    "interestIncome": 0,
    "interestExpense": 316000000,
    "depreciationAndAmortization": 1057000000,
    "ebitda": 1898000000,
    "ebitdaratio": 0.2831990451,
    "operatingIncome": 708000000,
    "operatingIncomeRatio": 0.1056401074,
    "totalOtherIncomeExpensesNet": -145000000,
    "incomeBeforeTax": 563000000,
    "incomeBeforeTaxRatio": 0.0840047747,
    "incomeTaxExpense": 268000000,
    "netIncome": 309000000,
    "netIncomeRatio": 0.0461056401,
    "eps": 0.34,
    "epsdiluted": 0.33,
    "weightedAverageShsOut": 921000000,
    "weightedAverageShsOutDil": 924000000,
    "link": "https://www.sec.gov/Archives/edgar/data/1109357/000119312516457652/0001193125-16-457652-index.htm",
    "finalLink": "https://www.sec.gov/Archives/edgar/data/9466/000119312516457652/d129102d10k.htm"
  },
  {
    "date": "2015-09-30",
    "symbol": "EXC",
    "reportedCurrency": "USD",
    "cik": "0001109357",
    "fillingDate": "2015-10-30",
    "acceptedDate": "2015-10-30 15:32:21",
    "calendarYear": "2015",
    "period": "Q3",
    "revenue": 7401000000,
    "costOfRevenue": 5287000000,
    "grossProfit": 2114000000,
    "grossProfitRatio": 0.2856370761,
    "researchAndDevelopmentExpenses": 0,
    "generalAndAdministrativeExpenses": 0,
    "sellingAndMarketingExpenses": 0,
    "sellingGeneralAndAdministrativeExpenses": 0,
    "otherExpenses": 914000000,
    "operatingExpenses": 914000000,
    "costAndExpenses": 6201000000,
    "interestIncome": 0,
    "interestExpense": 253000000,
    "depreciationAndAmortization": 973000000,
    "ebitda": 1929000000,
    "ebitdaratio": 0.260640454,
    "operatingIncome": 1200000000,
    "operatingIncomeRatio": 0.1621402513,
    "totalOtherIncomeExpensesNet": -497000000,
    "incomeBeforeTax": 703000000,
    "incomeBeforeTaxRatio": 0.0949871639,
    "incomeTaxExpense": 115000000,
    "netIncome": 629000000,
    "netIncomeRatio": 0.0849885151,
    "eps": 0.69,
    "epsdiluted": 0.69,
    "weightedAverageShsOut": 913000000,
    "weightedAverageShsOutDil": 915000000,
    "link": "https://www.sec.gov/Archives/edgar/data/1109357/000119312515360115/0001193125-15-360115-index.htm",
    "finalLink": "https://www.sec.gov/Archives/edgar/data/9466/000119312515360115/d59376d10q.htm"
  },
  {
    "date": "2015-06-30",
    "symbol": "EXC",
    "reportedCurrency": "USD",
    "cik": "0001109357",
    "fillingDate": "2015-07-29",
    "acceptedDate": "2015-07-29 14:29:26",
    "calendarYear": "2015",
    "period": "Q2",
    "revenue": 6514000000,
    "costOfRevenue": 4491000000,
    "grossProfit": 2023000000,
    "grossProfitRatio": 0.3105618667,
    "researchAndDevelopmentExpenses": 0,
    "generalAndAdministrativeExpenses": 0,
    "sellingAndMarketingExpenses": 0,
    "sellingGeneralAndAdministrativeExpenses": 0,
    "otherExpenses": 889000000,
    "operatingExpenses": 889000000,
    "costAndExpenses": 5380000000,
    "interestIncome": 0,
    "interestExpense": 155000000,
    "depreciationAndAmortization": 1009000000,
    "ebitda": 2126000000,
    "ebitdaratio": 0.3263739638,
    "operatingIncome": 1134000000,
    "operatingIncomeRatio": 0.1740865827,
    "totalOtherIncomeExpensesNet": -172000000,
    "incomeBeforeTax": 962000000,
    "incomeBeforeTaxRatio": 0.1476819159,
    "incomeTaxExpense": 327000000,
    "netIncome": 638000000,
    "netIncomeRatio": 0.0979428922,
    "eps": 0.74,
    "epsdiluted": 0.74,
    "weightedAverageShsOut": 863000000,
    "weightedAverageShsOutDil": 866000000,
    "link": "https://www.sec.gov/Archives/edgar/data/1109357/000119312515267928/0001193125-15-267928-index.htm",
    "finalLink": "https://www.sec.gov/Archives/edgar/data/9466/000119312515267928/d28225d10q.htm"
  },
  {
    "date": "2015-03-31",
    "symbol": "EXC",
    "reportedCurrency": "USD",
    "cik": "0001109357",
    "fillingDate": "2015-04-29",
    "acceptedDate": "2015-04-29 15:03:10",
    "calendarYear": "2015",
    "period": "Q1",
    "revenue": 8830000000,
    "costOfRevenue": 6551000000,
    "grossProfit": 2279000000,
    "grossProfitRatio": 0.2580973952,
    "researchAndDevelopmentExpenses": 0,
    "generalAndAdministrativeExpenses": 0,
    "sellingAndMarketingExpenses": 0,
    "sellingGeneralAndAdministrativeExpenses": 0,
    "otherExpenses": 913000000,
    "operatingExpenses": 913000000,
    "costAndExpenses": 7464000000,
    "interestIncome": 0,
    "interestExpense": 345000000,
    "depreciationAndAmortization": 948000000,
    "ebitda": 2394000000,
    "ebitdaratio": 0.2711211778,
    "operatingIncome": 1366000000,
    "operatingIncomeRatio": 0.1546998867,
    "totalOtherIncomeExpensesNet": -265000000,
    "incomeBeforeTax": 1101000000,
    "incomeBeforeTaxRatio": 0.1246885617,
    "incomeTaxExpense": 363000000,
    "netIncome": 693000000,
    "netIncomeRatio": 0.0784824462,
    "eps": 0.8,
    "epsdiluted": 0.8,
    "weightedAverageShsOut": 862000000,
    "weightedAverageShsOutDil": 867000000,
    "link": "https://www.sec.gov/Archives/edgar/data/1109357/000119312515156143/0001193125-15-156143-index.htm",
    "finalLink": "https://www.sec.gov/Archives/edgar/data/9466/000119312515156143/d913988d10q.htm"
  },
  {
    "date": "2014-12-31",
    "symbol": "EXC",
    "reportedCurrency": "USD",
    "cik": "0001109357",
    "fillingDate": "2015-02-13",
    "acceptedDate": "2015-02-13 16:15:37",
    "calendarYear": "2014",
    "period": "Q4",
    "revenue": 7255000000,
    "costOfRevenue": 6166000000,
    "grossProfit": 1089000000,
    "grossProfitRatio": 0.150103377,
    "researchAndDevelopmentExpenses": 0,
    "generalAndAdministrativeExpenses": 0,
    "sellingAndMarketingExpenses": 0,
    "sellingGeneralAndAdministrativeExpenses": 0,
    "otherExpenses": 384000000,
    "operatingExpenses": 384000000,
    "costAndExpenses": 6551000000,
    "interestIncome": 0,
    "interestExpense": 343000000,
    "depreciationAndAmortization": 1012000000,
    "ebitda": 1470000000,
    "ebitdaratio": 0.2026188835,
    "operatingIncome": 705000000,
    "operatingIncomeRatio": 0.0971743625,
    "totalOtherIncomeExpensesNet": -590000000,
    "incomeBeforeTax": 115000000,
    "incomeBeforeTaxRatio": 0.0158511371,
    "incomeTaxExpense": 20000000,
    "netIncome": 18000000,
    "netIncomeRatio": 0.0024810476,
    "eps": 0.02,
    "epsdiluted": 0.02,
    "weightedAverageShsOut": 861000000,
    "weightedAverageShsOutDil": 868000000,
    "link": "https://www.sec.gov/Archives/edgar/data/1109357/000119312515049964/0001193125-15-049964-index.htm",
    "finalLink": "https://www.sec.gov/Archives/edgar/data/9466/000119312515049964/d858551d10k.htm"
  },
  {
    "date": "2014-09-30",
    "symbol": "EXC",
    "reportedCurrency": "USD",
    "cik": "0001109357",
    "fillingDate": "2014-10-29",
    "acceptedDate": "2014-10-29 15:39:25",
    "calendarYear": "2014",
    "period": "Q3",
    "revenue": 6912000000,
    "costOfRevenue": 4630000000,
    "grossProfit": 2282000000,
    "grossProfitRatio": 0.330150463,
    "researchAndDevelopmentExpenses": 0,
    "generalAndAdministrativeExpenses": 0,
    "sellingAndMarketingExpenses": 0,
    "sellingGeneralAndAdministrativeExpenses": 0,
    "otherExpenses": 544000000,
    "operatingExpenses": 544000000,
    "costAndExpenses": 5174000000,
    "interestIncome": 0,
    "interestExpense": 258000000,
    "depreciationAndAmortization": 931000000,
    "ebitda": 2685000000,
    "ebitdaratio": 0.3884548611,
    "operatingIncome": 1738000000,
    "operatingIncomeRatio": 0.2514467593,
    "totalOtherIncomeExpensesNet": -242000000,
    "incomeBeforeTax": 1496000000,
    "incomeBeforeTaxRatio": 0.2164351852,
    "incomeTaxExpense": 422000000,
    "netIncome": 993000000,
    "netIncomeRatio": 0.1436631944,
    "eps": 1.15,
    "epsdiluted": 1.15,
    "weightedAverageShsOut": 861000000,
    "weightedAverageShsOutDil": 863000000,
    "link": "https://www.sec.gov/Archives/edgar/data/1109357/000119312514387050/0001193125-14-387050-index.htm",
    "finalLink": "https://www.sec.gov/Archives/edgar/data/9466/000119312514387050/d809507d10q.htm"
  },
  {
    "date": "2014-06-30",
    "symbol": "EXC",
    "reportedCurrency": "USD",
    "cik": "0001109357",
    "fillingDate": "2014-07-31",
    "acceptedDate": "2014-07-31 15:45:52",
    "calendarYear": "2014",
    "period": "Q2",
    "revenue": 6024000000,
    "costOfRevenue": 4578000000,
    "grossProfit": 1446000000,
    "grossProfitRatio": 0.2400398406,
    "researchAndDevelopmentExpenses": 0,
    "generalAndAdministrativeExpenses": 0,
    "sellingAndMarketingExpenses": 0,
    "sellingGeneralAndAdministrativeExpenses": 0,
    "otherExpenses": 604000000,
    "operatingExpenses": 604000000,
    "costAndExpenses": 5182000000,
    "interestIncome": 0,
    "interestExpense": 238000000,
    "depreciationAndAmortization": 1017000000,
    "ebitda": 2089000000,
    "ebitdaratio": 0.3467795485,
    "operatingIncome": 842000000,
    "operatingIncomeRatio": 0.1397742364,
    "totalOtherIncomeExpensesNet": -8000000,
    "incomeBeforeTax": 834000000,
    "incomeBeforeTaxRatio": 0.1384462151,
    "incomeTaxExpense": 277000000,
    "netIncome": 522000000,
    "netIncomeRatio": 0.0866533865,
    "eps": 0.61,
    "epsdiluted": 0.6,
    "weightedAverageShsOut": 860000000,
    "weightedAverageShsOutDil": 864000000,
    "link": "https://www.sec.gov/Archives/edgar/data/1109357/000119312514289535/0001193125-14-289535-index.htm",
    "finalLink": "https://www.sec.gov/Archives/edgar/data/9466/000119312514289535/d762226d10q.htm"
  },
  {
    "date": "2014-03-31",
    "symbol": "EXC",
    "reportedCurrency": "USD",
    "cik": "0001109357",
    "fillingDate": "2014-04-30",
    "acceptedDate": "2014-04-30 15:49:52",
    "calendarYear": "2014",
    "period": "Q1",
    "revenue": 7237000000,
    "costOfRevenue": 6198000000,
    "grossProfit": 1039000000,
    "grossProfitRatio": 0.1435677767,
    "researchAndDevelopmentExpenses": 0,
    "generalAndAdministrativeExpenses": 0,
    "sellingAndMarketingExpenses": 0,
    "sellingGeneralAndAdministrativeExpenses": 0,
    "otherExpenses": 871000000,
    "operatingExpenses": 871000000,
    "costAndExpenses": 7069000000,
    "interestIncome": 0,
    "interestExpense": 227000000,
    "depreciationAndAmortization": 908000000,
    "ebitda": 1174000000,
    "ebitdaratio": 0.1622219152,
    "operatingIncome": 168000000,
    "operatingIncomeRatio": 0.023214039,
    "totalOtherIncomeExpensesNet": -129000000,
    "incomeBeforeTax": 39000000,
    "incomeBeforeTaxRatio": 0.0053889733,
    "incomeTaxExpense": -54000000,
    "netIncome": 90000000,
    "netIncomeRatio": 0.0124360923,
    "eps": 0.1,
    "epsdiluted": 0.1,
    "weightedAverageShsOut": 858000000,
    "weightedAverageShsOutDil": 861000000,
    "link": "https://www.sec.gov/Archives/edgar/data/1109357/000119312514171878/0001193125-14-171878-index.htm",
    "finalLink": "https://www.sec.gov/Archives/edgar/data/9466/000119312514171878/d714454d10q.htm"
  },
  {
    "date": "2013-12-31",
    "symbol": "EXC",
    "reportedCurrency": "USD",
    "cik": "0001109357",
    "fillingDate": "2014-02-14",
    "acceptedDate": "2014-02-13 19:23:41",
    "calendarYear": "2013",
    "period": "Q4",
    "revenue": 6175000000,
    "costOfRevenue": 4472000000,
    "grossProfit": 1703000000,
    "grossProfitRatio": 0.2757894737,
    "researchAndDevelopmentExpenses": 0,
    "generalAndAdministrativeExpenses": 0,
    "sellingAndMarketingExpenses": 0,
    "sellingGeneralAndAdministrativeExpenses": 0,
    "otherExpenses": 814000000,
    "operatingExpenses": 814000000,
    "costAndExpenses": 5274000000,
    "interestIncome": 0,
    "interestExpense": 246000000,
    "depreciationAndAmortization": 935000000,
    "ebitda": 1986000000,
    "ebitdaratio": 0.3216194332,
    "operatingIncome": 889000000,
    "operatingIncomeRatio": 0.1439676113,
    "totalOtherIncomeExpensesNet": -84000000,
    "incomeBeforeTax": 805000000,
    "incomeBeforeTaxRatio": 0.1303643725,
    "incomeTaxExpense": 311000000,
    "netIncome": 495000000,
    "netIncomeRatio": 0.0801619433,
    "eps": 0.58,
    "epsdiluted": 0.58,
    "weightedAverageShsOut": 857000000,
    "weightedAverageShsOutDil": 861000000,
    "link": "https://www.sec.gov/Archives/edgar/data/1109357/000119312514051838/0001193125-14-051838-index.htm",
    "finalLink": "https://www.sec.gov/Archives/edgar/data/9466/000119312514051838/d666092d10k.htm"
  },
  {
    "date": "2013-09-30",
    "symbol": "EXC",
    "reportedCurrency": "USD",
    "cik": "0001109357",
    "fillingDate": "2013-11-07",
    "acceptedDate": "2013-11-06 18:40:29",
    "calendarYear": "2013",
    "period": "Q3",
    "revenue": 6502000000,
    "costOfRevenue": 4478000000,
    "grossProfit": 2024000000,
    "grossProfitRatio": 0.3112888342,
    "researchAndDevelopmentExpenses": 0,
    "generalAndAdministrativeExpenses": 0,
    "sellingAndMarketingExpenses": 0,
    "sellingGeneralAndAdministrativeExpenses": 0,
    "otherExpenses": 770000000,
    "operatingExpenses": 770000000,
    "costAndExpenses": 5248000000,
    "interestIncome": 0,
    "interestExpense": 234000000,
    "depreciationAndAmortization": 872000000,
    "ebitda": 2281000000,
    "ebitdaratio": 0.3508151338,
    "operatingIncome": 1254000000,
    "operatingIncomeRatio": 0.1928637342,
    "totalOtherIncomeExpensesNet": -79000000,
    "incomeBeforeTax": 1175000000,
    "incomeBeforeTaxRatio": 0.1807136266,
    "incomeTaxExpense": 439000000,
    "netIncome": 738000000,
    "netIncomeRatio": 0.1135035374,
    "eps": 0.86,
    "epsdiluted": 0.86,
    "weightedAverageShsOut": 857000000,
    "weightedAverageShsOutDil": 860000000,
    "link": "https://www.sec.gov/Archives/edgar/data/1109357/000119312513430592/0001193125-13-430592-index.htm",
    "finalLink": "https://www.sec.gov/Archives/edgar/data/9466/000119312513430592/d623182d10q.htm"
  },
  {
    "date": "2013-06-30",
    "symbol": "EXC",
    "reportedCurrency": "USD",
    "cik": "0001109357",
    "fillingDate": "2013-08-08",
    "acceptedDate": "2013-08-07 20:36:49",
    "calendarYear": "2013",
    "period": "Q2",
    "revenue": 6141000000,
    "costOfRevenue": 4311000000,
    "grossProfit": 1830000000,
    "grossProfitRatio": 0.2979970689,
    "researchAndDevelopmentExpenses": 0,
    "generalAndAdministrativeExpenses": 0,
    "sellingAndMarketingExpenses": 0,
    "sellingGeneralAndAdministrativeExpenses": 0,
    "otherExpenses": 825000000,
    "operatingExpenses": 825000000,
    "costAndExpenses": 5136000000,
    "interestIncome": 0,
    "interestExpense": 252000000,
    "depreciationAndAmortization": 955000000,
    "ebitda": 1943000000,
    "ebitdaratio": 0.3163979808,
    "operatingIncome": 1005000000,
    "operatingIncomeRatio": 0.163654128,
    "totalOtherIncomeExpensesNet": -269000000,
    "incomeBeforeTax": 736000000,
    "incomeBeforeTaxRatio": 0.1198501873,
    "incomeTaxExpense": 239000000,
    "netIncome": 490000000,
    "netIncomeRatio": 0.0797915649,
    "eps": 0.57,
    "epsdiluted": 0.57,
    "weightedAverageShsOut": 856000000,
    "weightedAverageShsOutDil": 860000000,
    "link": "https://www.sec.gov/Archives/edgar/data/1109357/000119312513324857/0001193125-13-324857-index.htm",
    "finalLink": "https://www.sec.gov/Archives/edgar/data/9466/000119312513324857/d578590d10q.htm"
  },
  {
    "date": "2013-03-31",
    "symbol": "EXC",
    "reportedCurrency": "USD",
    "cik": "0001109357",
    "fillingDate": "2013-05-10",
    "acceptedDate": "2013-05-09 17:48:29",
    "calendarYear": "2013",
    "period": "Q1",
    "revenue": 6082000000,
    "costOfRevenue": 4745000000,
    "grossProfit": 1337000000,
    "grossProfitRatio": 0.2198290036,
    "researchAndDevelopmentExpenses": 0,
    "generalAndAdministrativeExpenses": 0,
    "sellingAndMarketingExpenses": 0,
    "sellingGeneralAndAdministrativeExpenses": 0,
    "otherExpenses": 829000000,
    "operatingExpenses": 829000000,
    "costAndExpenses": 5574000000,
    "interestIncome": 0,
    "interestExpense": 623000000,
    "depreciationAndAmortization": 1017000000,
    "ebitda": 1697000000,
    "ebitdaratio": 0.2790200592,
    "operatingIncome": 508000000,
    "operatingIncomeRatio": 0.0835251562,
    "totalOtherIncomeExpensesNet": -451000000,
    "incomeBeforeTax": 57000000,
    "incomeBeforeTaxRatio": 0.0093719171,
    "incomeTaxExpense": 56000000,
    "netIncome": -4000000,
    "netIncomeRatio": -0.0006576784,
    "eps": -0.0047,
    "epsdiluted": -0.0047,
    "weightedAverageShsOut": 855000000,
    "weightedAverageShsOutDil": 859000000,
    "link": "https://www.sec.gov/Archives/edgar/data/1109357/000119312513211545/0001193125-13-211545-index.htm",
    "finalLink": "https://www.sec.gov/Archives/edgar/data/9466/000119312513211545/d525646d10q.htm"
  },
  {
    "date": "2012-12-31",
    "symbol": "EXC",
    "reportedCurrency": "USD",
    "cik": "0001109357",
    "fillingDate": "2013-02-22",
    "acceptedDate": "2013-02-21 18:53:50",
    "calendarYear": "2012",
    "period": "Q4",
    "revenue": 6284000000,
    "costOfRevenue": 10720000000,
    "grossProfit": -4436000000,
    "grossProfitRatio": -0.7059197963,
    "researchAndDevelopmentExpenses": 0,
    "generalAndAdministrativeExpenses": 0,
    "sellingAndMarketingExpenses": 0,
    "sellingGeneralAndAdministrativeExpenses": 0,
    "otherExpenses": -5140000000,
    "operatingExpenses": -5140000000,
    "costAndExpenses": 5580000000,
    "interestIncome": 0,
    "interestExpense": 231000000,
    "depreciationAndAmortization": 1170000000,
    "ebitda": 1967000000,
    "ebitdaratio": 0.3130171865,
    "operatingIncome": 704000000,
    "operatingIncomeRatio": 0.1120305538,
    "totalOtherIncomeExpensesNet": -138000000,
    "incomeBeforeTax": 566000000,
    "incomeBeforeTaxRatio": 0.0900700191,
    "incomeTaxExpense": 182000000,
    "netIncome": 378000000,
    "netIncomeRatio": 0.0601527689,
    "eps": 0.44,
    "epsdiluted": 0.44,
    "weightedAverageShsOut": 852000000,
    "weightedAverageShsOutDil": 854000000,
    "link": "https://www.sec.gov/Archives/edgar/data/1109357/000119312513069749/0001193125-13-069749-index.htm",
    "finalLink": "https://www.sec.gov/Archives/edgar/data/9466/000119312513069749/d474199d10k.htm"
  },
  {
    "date": "2012-09-30",
    "symbol": "EXC",
    "reportedCurrency": "USD",
    "cik": "0001109357",
    "fillingDate": "2012-11-07",
    "acceptedDate": "2012-11-07 17:19:30",
    "calendarYear": "2012",
    "period": "Q3",
    "revenue": 6565000000,
    "costOfRevenue": 3026000000,
    "grossProfit": 3539000000,
    "grossProfitRatio": 0.5390708302,
    "researchAndDevelopmentExpenses": 0,
    "generalAndAdministrativeExpenses": 0,
    "sellingAndMarketingExpenses": 0,
    "sellingGeneralAndAdministrativeExpenses": 0,
    "otherExpenses": 780000000,
    "operatingExpenses": 780000000,
    "costAndExpenses": 5976000000,
    "interestIncome": 0,
    "interestExpense": 246000000,
    "depreciationAndAmortization": 1014000000,
    "ebitda": 1718000000,
    "ebitdaratio": 0.2616907845,
    "operatingIncome": 603000000,
    "operatingIncomeRatio": 0.0918507235,
    "totalOtherIncomeExpensesNet": -145000000,
    "incomeBeforeTax": 458000000,
    "incomeBeforeTaxRatio": 0.0697638995,
    "incomeTaxExpense": 161000000,
    "netIncome": 297000000,
    "netIncomeRatio": 0.0452399086,
    "eps": 0.35,
    "epsdiluted": 0.35,
    "weightedAverageShsOut": 854000000,
    "weightedAverageShsOutDil": 854000000,
    "link": "https://www.sec.gov/Archives/edgar/data/1109357/000119312512457787/0001193125-12-457787-index.htm",
    "finalLink": "https://www.sec.gov/Archives/edgar/data/9466/000119312512457787/d433523d10q.htm"
  },
  {
    "date": "2012-06-30",
    "symbol": "EXC",
    "reportedCurrency": "USD",
    "cik": "0001109357",
    "fillingDate": "2012-08-09",
    "acceptedDate": "2012-08-09 13:44:24",
    "calendarYear": "2012",
    "period": "Q2",
    "revenue": 5954000000,
    "costOfRevenue": 2606000000,
    "grossProfit": 3348000000,
    "grossProfitRatio": 0.5623110514,
    "researchAndDevelopmentExpenses": 0,
    "generalAndAdministrativeExpenses": 0,
    "sellingAndMarketingExpenses": 0,
    "sellingGeneralAndAdministrativeExpenses": 0,
    "otherExpenses": 805000000,
    "operatingExpenses": 805000000,
    "costAndExpenses": 5252000000,
    "interestIncome": 0,
    "interestExpense": 256000000,
    "depreciationAndAmortization": 1119000000,
    "ebitda": 1790000000,
    "ebitdaratio": 0.3006382264,
    "operatingIncome": 714000000,
    "operatingIncomeRatio": 0.1199193819,
    "totalOtherIncomeExpensesNet": -299000000,
    "incomeBeforeTax": 415000000,
    "incomeBeforeTaxRatio": 0.0697010413,
    "incomeTaxExpense": 126000000,
    "netIncome": 286000000,
    "netIncomeRatio": 0.0480349345,
    "eps": 0.34,
    "epsdiluted": 0.33,
    "weightedAverageShsOut": 853000000,
    "weightedAverageShsOutDil": 856000000,
    "link": "https://www.sec.gov/Archives/edgar/data/1109357/000119312512346805/0001193125-12-346805-index.htm",
    "finalLink": "https://www.sec.gov/Archives/edgar/data/9466/000119312512346805/d391374d10q.htm"
  },
  {
    "date": "2012-03-31",
    "symbol": "EXC",
    "reportedCurrency": "USD",
    "cik": "0001109357",
    "fillingDate": "2012-05-10",
    "acceptedDate": "2012-05-09 19:56:05",
    "calendarYear": "2012",
    "period": "Q1",
    "revenue": 4686000000,
    "costOfRevenue": 1765000000,
    "grossProfit": 2921000000,
    "grossProfitRatio": 0.6233461374,
    "researchAndDevelopmentExpenses": 0,
    "generalAndAdministrativeExpenses": 0,
    "sellingAndMarketingExpenses": 0,
    "sellingGeneralAndAdministrativeExpenses": 0,
    "otherExpenses": 598000000,
    "operatingExpenses": 598000000,
    "costAndExpenses": 4331000000,
    "interestIncome": 0,
    "interestExpense": 195000000,
    "depreciationAndAmortization": 776000000,
    "ebitda": 1329000000,
    "ebitdaratio": 0.2836107554,
    "operatingIncome": 359000000,
    "operatingIncomeRatio": 0.0766111822,
    "totalOtherIncomeExpensesNet": -1000000,
    "incomeBeforeTax": 358000000,
    "incomeBeforeTaxRatio": 0.0763977806,
    "incomeTaxExpense": 158000000,
    "netIncome": 200000000,
    "netIncomeRatio": 0.0426803244,
    "eps": 0.28,
    "epsdiluted": 0.28,
    "weightedAverageShsOut": 705000000,
    "weightedAverageShsOutDil": 707000000,
    "link": "https://www.sec.gov/Archives/edgar/data/1109357/000119312512222883/0001193125-12-222883-index.htm",
    "finalLink": "https://www.sec.gov/Archives/edgar/data/9466/000119312512222883/d344164d10q.htm"
  },
  {
    "date": "2011-12-31",
    "symbol": "EXC",
    "reportedCurrency": "USD",
    "cik": "0001109357",
    "fillingDate": "2012-02-09",
    "acceptedDate": "2012-02-09 15:21:51",
    "calendarYear": "2011",
    "period": "Q4",
    "revenue": 3991000000,
    "costOfRevenue": 1064000000,
    "grossProfit": 2927000000,
    "grossProfitRatio": 0.7334001503,
    "researchAndDevelopmentExpenses": 0,
    "generalAndAdministrativeExpenses": 0,
    "sellingAndMarketingExpenses": 0,
    "sellingGeneralAndAdministrativeExpenses": 0,
    "otherExpenses": 1864000000,
    "operatingExpenses": 1864000000,
    "costAndExpenses": 2928000000,
    "interestIncome": 0,
    "interestExpense": 181000000,
    "depreciationAndAmortization": 602000000,
    "ebitda": 1812000000,
    "ebitdaratio": 0.4540215485,
    "operatingIncome": 1063000000,
    "operatingIncomeRatio": 0.2663492859,
    "totalOtherIncomeExpensesNet": -34000000,
    "incomeBeforeTax": 1029000000,
    "incomeBeforeTaxRatio": 0.2578301178,
    "incomeTaxExpense": 423000000,
    "netIncome": 606000000,
    "netIncomeRatio": 0.1518416437,
    "eps": 0.91,
    "epsdiluted": 0.91,
    "weightedAverageShsOut": 663000000,
    "weightedAverageShsOutDil": 663000000,
    "link": "https://www.sec.gov/Archives/edgar/data/1109357/000119312512049043/0001193125-12-049043-index.htm",
    "finalLink": "https://www.sec.gov/Archives/edgar/data/22606/000119312512049043/d283520d10k.htm"
  },
  {
    "date": "2011-09-30",
    "symbol": "EXC",
    "reportedCurrency": "USD",
    "cik": "0001109357",
    "fillingDate": "2011-10-26",
    "acceptedDate": "2011-10-26 14:02:57",
    "calendarYear": "2011",
    "period": "Q3",
    "revenue": 5295000000,
    "costOfRevenue": 2162000000,
    "grossProfit": 3133000000,
    "grossProfitRatio": 0.5916902738,
    "researchAndDevelopmentExpenses": 0,
    "generalAndAdministrativeExpenses": 0,
    "sellingAndMarketingExpenses": 0,
    "sellingGeneralAndAdministrativeExpenses": 0,
    "otherExpenses": 1952000000,
    "operatingExpenses": 1952000000,
    "costAndExpenses": 4073000000,
    "interestIncome": 0,
    "interestExpense": 182000000,
    "depreciationAndAmortization": 588000000,
    "ebitda": 1627000000,
    "ebitdaratio": 0.3072710104,
    "operatingIncome": 1181000000,
    "operatingIncomeRatio": 0.2230406043,
    "totalOtherIncomeExpensesNet": -324000000,
    "incomeBeforeTax": 857000000,
    "incomeBeforeTaxRatio": 0.1618508026,
    "incomeTaxExpense": 255000000,
    "netIncome": 601000000,
    "netIncomeRatio": 0.113503305,
    "eps": 0.91,
    "epsdiluted": 0.9,
    "weightedAverageShsOut": 663000000,
    "weightedAverageShsOutDil": 665000000,
    "link": "https://www.sec.gov/Archives/edgar/data/1109357/000119312511281748/0001193125-11-281748-index.htm",
    "finalLink": "https://www.sec.gov/Archives/edgar/data/22606/000119312511281748/d246704d10q.htm"
  },
  {
    "date": "2011-06-30",
    "symbol": "EXC",
    "reportedCurrency": "USD",
    "cik": "0001109357",
    "fillingDate": "2011-07-27",
    "acceptedDate": "2011-07-27 16:25:51",
    "calendarYear": "2011",
    "period": "Q2",
    "revenue": 4587000000,
    "costOfRevenue": 1807000000,
    "grossProfit": 2780000000,
    "grossProfitRatio": 0.6060606061,
    "researchAndDevelopmentExpenses": 0,
    "generalAndAdministrativeExpenses": 0,
    "sellingAndMarketingExpenses": 0,
    "sellingGeneralAndAdministrativeExpenses": 0,
    "otherExpenses": 1746000000,
    "operatingExpenses": 1746000000,
    "costAndExpenses": 3462000000,
    "interestIncome": 0,
    "interestExpense": 182000000,
    "depreciationAndAmortization": 562000000,
    "ebitda": 1697000000,
    "ebitdaratio": 0.3699585786,
    "operatingIncome": 1034000000,
    "operatingIncomeRatio": 0.2254196643,
    "totalOtherIncomeExpensesNet": -81000000,
    "incomeBeforeTax": 953000000,
    "incomeBeforeTaxRatio": 0.2077610639,
    "incomeTaxExpense": 332000000,
    "netIncome": 620000000,
    "netIncomeRatio": 0.1351645956,
    "eps": 0.93,
    "epsdiluted": 0.93,
    "weightedAverageShsOut": 663000000,
    "weightedAverageShsOutDil": 664000000,
    "link": "https://www.sec.gov/Archives/edgar/data/1109357/000119312511198942/0001193125-11-198942-index.htm",
    "finalLink": "https://www.sec.gov/Archives/edgar/data/22606/000119312511198942/d10q.htm"
  },
  {
    "date": "2011-03-31",
    "symbol": "EXC",
    "reportedCurrency": "USD",
    "cik": "0001109357",
    "fillingDate": "2011-04-27",
    "acceptedDate": "2011-04-27 16:57:38",
    "calendarYear": "2011",
    "period": "Q1",
    "revenue": 5052000000,
    "costOfRevenue": 2097000000,
    "grossProfit": 2955000000,
    "grossProfitRatio": 0.5849168646,
    "researchAndDevelopmentExpenses": 0,
    "generalAndAdministrativeExpenses": 0,
    "sellingAndMarketingExpenses": 0,
    "sellingGeneralAndAdministrativeExpenses": 0,
    "otherExpenses": 1753000000,
    "operatingExpenses": 1753000000,
    "costAndExpenses": 3754000000,
    "interestIncome": 0,
    "interestExpense": 181000000,
    "depreciationAndAmortization": 552000000,
    "ebitda": 1848000000,
    "ebitdaratio": 0.3657957245,
    "operatingIncome": 1202000000,
    "operatingIncomeRatio": 0.237925574,
    "totalOtherIncomeExpensesNet": -87000000,
    "incomeBeforeTax": 1115000000,
    "incomeBeforeTaxRatio": 0.2207046714,
    "incomeTaxExpense": 446000000,
    "netIncome": 668000000,
    "netIncomeRatio": 0.1322248614,
    "eps": 1.01,
    "epsdiluted": 1.01,
    "weightedAverageShsOut": 662000000,
    "weightedAverageShsOutDil": 664000000,
    "link": "https://www.sec.gov/Archives/edgar/data/1109357/000119312511112176/0001193125-11-112176-index.htm",
    "finalLink": "https://www.sec.gov/Archives/edgar/data/22606/000119312511112176/d10q.htm"
  },
  {
    "date": "2010-12-31",
    "symbol": "EXC",
    "reportedCurrency": "USD",
    "cik": "0001109357",
    "fillingDate": "2011-02-10",
    "acceptedDate": "2011-02-10 15:36:39",
    "calendarYear": "2010",
    "period": "Q4",
    "revenue": 4494000000,
    "costOfRevenue": 1693000000,
    "grossProfit": 2801000000,
    "grossProfitRatio": 0.6232754784,
    "researchAndDevelopmentExpenses": 0,
    "generalAndAdministrativeExpenses": 0,
    "sellingAndMarketingExpenses": 0,
    "sellingGeneralAndAdministrativeExpenses": 0,
    "otherExpenses": 1861000000,
    "operatingExpenses": 1861000000,
    "costAndExpenses": 3554000000,
    "interestIncome": 0,
    "interestExpense": 183000000,
    "depreciationAndAmortization": 688000000,
    "ebitda": 1762000000,
    "ebitdaratio": 0.3920783267,
    "operatingIncome": 940000000,
    "operatingIncomeRatio": 0.2091677793,
    "totalOtherIncomeExpensesNet": -49000000,
    "incomeBeforeTax": 891000000,
    "incomeBeforeTaxRatio": 0.1982643525,
    "incomeTaxExpense": 367000000,
    "netIncome": 524000000,
    "netIncomeRatio": 0.116599911,
    "eps": 0.79,
    "epsdiluted": 0.79,
    "weightedAverageShsOut": 661000000,
    "weightedAverageShsOutDil": 662000000,
    "link": "https://www.sec.gov/Archives/edgar/data/1109357/000119312511030543/0001193125-11-030543-index.htm",
    "finalLink": "https://www.sec.gov/Archives/edgar/data/22606/000119312511030543/d10k.htm"
  },
  {
    "date": "2010-09-30",
    "symbol": "EXC",
    "reportedCurrency": "USD",
    "cik": "0001109357",
    "fillingDate": "2010-10-22",
    "acceptedDate": "2010-10-22 15:39:59",
    "calendarYear": "2010",
    "period": "Q3",
    "revenue": 5291000000,
    "costOfRevenue": 1956000000,
    "grossProfit": 3335000000,
    "grossProfitRatio": 0.6303156303,
    "researchAndDevelopmentExpenses": 0,
    "generalAndAdministrativeExpenses": 0,
    "sellingAndMarketingExpenses": 0,
    "sellingGeneralAndAdministrativeExpenses": 0,
    "otherExpenses": 1969000000,
    "operatingExpenses": 1969000000,
    "costAndExpenses": 3925000000,
    "interestIncome": 0,
    "interestExpense": 175000000,
    "depreciationAndAmortization": 800000000,
    "ebitda": 2372000000,
    "ebitdaratio": 0.4483084483,
    "operatingIncome": 1366000000,
    "operatingIncomeRatio": 0.2581742582,
    "totalOtherIncomeExpensesNet": 31000000,
    "incomeBeforeTax": 1397000000,
    "incomeBeforeTaxRatio": 0.264033264,
    "incomeTaxExpense": 552000000,
    "netIncome": 845000000,
    "netIncomeRatio": 0.1597051597,
    "eps": 1.28,
    "epsdiluted": 1.27,
    "weightedAverageShsOut": 662000000,
    "weightedAverageShsOutDil": 663000000,
    "link": "https://www.sec.gov/Archives/edgar/data/1109357/000119312510234590/0001193125-10-234590-index.htm",
    "finalLink": "https://www.sec.gov/Archives/edgar/data/22606/000119312510234590/d10q.htm"
  },
  {
    "date": "2010-06-30",
    "symbol": "EXC",
    "reportedCurrency": "USD",
    "cik": "0001109357",
    "fillingDate": "2010-07-22",
    "acceptedDate": "2010-07-22 15:45:12",
    "calendarYear": "2010",
    "period": "Q2",
    "revenue": 4398000000,
    "costOfRevenue": 1527000000,
    "grossProfit": 2871000000,
    "grossProfitRatio": 0.6527967258,
    "researchAndDevelopmentExpenses": 0,
    "generalAndAdministrativeExpenses": 0,
    "sellingAndMarketingExpenses": 0,
    "sellingGeneralAndAdministrativeExpenses": 0,
    "otherExpenses": 1853000000,
    "operatingExpenses": 1853000000,
    "costAndExpenses": 3380000000,
    "interestIncome": 0,
    "interestExpense": 275000000,
    "depreciationAndAmortization": 737000000,
    "ebitda": 1633000000,
    "ebitdaratio": 0.3713051387,
    "operatingIncome": 1018000000,
    "operatingIncomeRatio": 0.2314688495,
    "totalOtherIncomeExpensesNet": -397000000,
    "incomeBeforeTax": 621000000,
    "incomeBeforeTaxRatio": 0.1412005457,
    "incomeTaxExpense": 176000000,
    "netIncome": 445000000,
    "netIncomeRatio": 0.1011823556,
    "eps": 0.67,
    "epsdiluted": 0.67,
    "weightedAverageShsOut": 661000000,
    "weightedAverageShsOutDil": 662000000,
    "link": "https://www.sec.gov/Archives/edgar/data/1109357/000095012310067250/0000950123-10-067250-index.htm",
    "finalLink": "https://www.sec.gov/Archives/edgar/data/22606/000095012310067250/c00848e10vq.htm"
  },
  {
    "date": "2010-03-31",
    "symbol": "EXC",
    "reportedCurrency": "USD",
    "cik": "0001109357",
    "fillingDate": "2010-04-23",
    "acceptedDate": "2010-04-23 15:21:52",
    "calendarYear": "2010",
    "period": "Q1",
    "revenue": 4461000000,
    "costOfRevenue": 1259000000,
    "grossProfit": 3202000000,
    "grossProfitRatio": 0.7177762833,
    "researchAndDevelopmentExpenses": 0,
    "generalAndAdministrativeExpenses": 0,
    "sellingAndMarketingExpenses": 0,
    "sellingGeneralAndAdministrativeExpenses": 0,
    "otherExpenses": 1800000000,
    "operatingExpenses": 1800000000,
    "costAndExpenses": 3059000000,
    "interestIncome": 0,
    "interestExpense": 183000000,
    "depreciationAndAmortization": 718000000,
    "ebitda": 2213000000,
    "ebitdaratio": 0.4960771128,
    "operatingIncome": 1402000000,
    "operatingIncomeRatio": 0.3142793096,
    "totalOtherIncomeExpensesNet": -90000000,
    "incomeBeforeTax": 1312000000,
    "incomeBeforeTaxRatio": 0.2941044609,
    "incomeTaxExpense": 563000000,
    "netIncome": 749000000,
    "netIncomeRatio": 0.1678995741,
    "eps": 1.13,
    "epsdiluted": 1.13,
    "weightedAverageShsOut": 661000000,
    "weightedAverageShsOutDil": 662000000,
    "link": "https://www.sec.gov/Archives/edgar/data/1109357/000119312510091626/0001193125-10-091626-index.htm",
    "finalLink": "https://www.sec.gov/Archives/edgar/data/22606/000119312510091626/d10q.htm"
  },
  {
    "date": "2009-12-31",
    "symbol": "EXC",
    "reportedCurrency": "USD",
    "cik": "0001109357",
    "fillingDate": "2010-02-05",
    "acceptedDate": "2010-02-05 15:16:34",
    "calendarYear": "2009",
    "period": "Q4",
    "revenue": 4116000000,
    "costOfRevenue": 1241000000,
    "grossProfit": 2875000000,
    "grossProfitRatio": 0.6984936832,
    "researchAndDevelopmentExpenses": 0,
    "generalAndAdministrativeExpenses": 0,
    "sellingAndMarketingExpenses": 0,
    "sellingGeneralAndAdministrativeExpenses": 0,
    "otherExpenses": 1799000000,
    "operatingExpenses": 1799000000,
    "costAndExpenses": 3040000000,
    "interestIncome": 0,
    "interestExpense": 176000000,
    "depreciationAndAmortization": 666000000,
    "ebitda": 1795000000,
    "ebitdaratio": 0.4361030126,
    "operatingIncome": 1076000000,
    "operatingIncomeRatio": 0.2614188533,
    "totalOtherIncomeExpensesNet": -123000000,
    "incomeBeforeTax": 953000000,
    "incomeBeforeTaxRatio": 0.2315354713,
    "incomeTaxExpense": 373000000,
    "netIncome": 581000000,
    "netIncomeRatio": 0.1411564626,
    "eps": 0.88,
    "epsdiluted": 0.88,
    "weightedAverageShsOut": 659000000,
    "weightedAverageShsOutDil": 659000000,
    "link": "https://www.sec.gov/Archives/edgar/data/1109357/000119312510023280/0001193125-10-023280-index.htm",
    "finalLink": "https://www.sec.gov/Archives/edgar/data/22606/000119312510023280/d10k.htm"
  },
  {
    "date": "2009-09-30",
    "symbol": "EXC",
    "reportedCurrency": "USD",
    "cik": "0001109357",
    "fillingDate": "2009-10-23",
    "acceptedDate": "2009-10-23 15:55:43",
    "calendarYear": "2009",
    "period": "Q3",
    "revenue": 4339000000,
    "costOfRevenue": 1200000000,
    "grossProfit": 3139000000,
    "grossProfitRatio": 0.7234385803,
    "researchAndDevelopmentExpenses": 0,
    "generalAndAdministrativeExpenses": 0,
    "sellingAndMarketingExpenses": 0,
    "sellingGeneralAndAdministrativeExpenses": 0,
    "otherExpenses": 1736000000,
    "operatingExpenses": 1736000000,
    "costAndExpenses": 2936000000,
    "interestIncome": 0,
    "interestExpense": 188000000,
    "depreciationAndAmortization": 682000000,
    "ebitda": 2225000000,
    "ebitdaratio": 0.5127909657,
    "operatingIncome": 1403000000,
    "operatingIncomeRatio": 0.3233463932,
    "totalOtherIncomeExpensesNet": -48000000,
    "incomeBeforeTax": 1355000000,
    "incomeBeforeTaxRatio": 0.3122839364,
    "incomeTaxExpense": 598000000,
    "netIncome": 757000000,
    "netIncomeRatio": 0.1744641622,
    "eps": 1.15,
    "epsdiluted": 1.15,
    "weightedAverageShsOut": 659000000,
    "weightedAverageShsOutDil": 661000000,
    "link": "https://www.sec.gov/Archives/edgar/data/1109357/000119312509212818/0001193125-09-212818-index.htm",
    "finalLink": "https://www.sec.gov/Archives/edgar/data/22606/000119312509212818/d10q.htm"
  },
  {
    "date": "2009-06-30",
    "symbol": "EXC",
    "reportedCurrency": "USD",
    "cik": "0001109357",
    "fillingDate": "2009-07-24",
    "acceptedDate": "2009-07-24 15:31:30",
    "calendarYear": "2009",
    "period": "Q2",
    "revenue": 4141000000,
    "costOfRevenue": 1381000000,
    "grossProfit": 2760000000,
    "grossProfitRatio": 0.666505675,
    "researchAndDevelopmentExpenses": 0,
    "generalAndAdministrativeExpenses": 0,
    "sellingAndMarketingExpenses": 0,
    "sellingGeneralAndAdministrativeExpenses": 0,
    "otherExpenses": 1744000000,
    "operatingExpenses": 1744000000,
    "costAndExpenses": 3125000000,
    "interestIncome": 0,
    "interestExpense": 180000000,
    "depreciationAndAmortization": 631000000,
    "ebitda": 1898000000,
    "ebitdaratio": 0.4583433953,
    "operatingIncome": 1016000000,
    "operatingIncomeRatio": 0.2453513644,
    "totalOtherIncomeExpensesNet": 71000000,
    "incomeBeforeTax": 1087000000,
    "incomeBeforeTaxRatio": 0.2624969814,
    "incomeTaxExpense": 430000000,
    "netIncome": 657000000,
    "netIncomeRatio": 0.1586573291,
    "eps": 1,
    "epsdiluted": 1,
    "weightedAverageShsOut": 659000000,
    "weightedAverageShsOutDil": 661000000,
    "link": "https://www.sec.gov/Archives/edgar/data/1109357/000119312509154888/0001193125-09-154888-index.htm",
    "finalLink": "https://www.sec.gov/Archives/edgar/data/22606/000119312509154888/d10q.htm"
  },
  {
    "date": "2009-03-31",
    "symbol": "EXC",
    "reportedCurrency": "USD",
    "cik": "0001109357",
    "fillingDate": "2009-04-24",
    "acceptedDate": "2009-04-23 19:28:15",
    "calendarYear": "2009",
    "period": "Q1",
    "revenue": 4722000000,
    "costOfRevenue": 1459000000,
    "grossProfit": 3263000000,
    "grossProfitRatio": 0.6910207539,
    "researchAndDevelopmentExpenses": 0,
    "generalAndAdministrativeExpenses": 0,
    "sellingAndMarketingExpenses": 0,
    "sellingGeneralAndAdministrativeExpenses": 0,
    "otherExpenses": 2008000000,
    "operatingExpenses": 2008000000,
    "costAndExpenses": 3467000000,
    "interestIncome": 0,
    "interestExpense": 233000000,
    "depreciationAndAmortization": 622000000,
    "ebitda": 1832000000,
    "ebitdaratio": 0.3879711986,
    "operatingIncome": 1255000000,
    "operatingIncomeRatio": 0.265777213,
    "totalOtherIncomeExpensesNet": -232000000,
    "incomeBeforeTax": 1023000000,
    "incomeBeforeTaxRatio": 0.2166454892,
    "incomeTaxExpense": 311000000,
    "netIncome": 712000000,
    "netIncomeRatio": 0.1507835663,
    "eps": 1.08,
    "epsdiluted": 1.08,
    "weightedAverageShsOut": 659000000,
    "weightedAverageShsOutDil": 661000000,
    "link": "https://www.sec.gov/Archives/edgar/data/1109357/000119312509086014/0001193125-09-086014-index.htm",
    "finalLink": "https://www.sec.gov/Archives/edgar/data/22606/000119312509086014/d10q.htm"
  },
  {
    "date": "2008-12-31",
    "symbol": "EXC",
    "reportedCurrency": "USD",
    "cik": "0001109357",
    "fillingDate": "2009-02-06",
    "acceptedDate": "2009-02-06 16:12:02",
    "calendarYear": "2008",
    "period": "Q4",
    "revenue": 4493000000,
    "costOfRevenue": 1409000000,
    "grossProfit": 3084000000,
    "grossProfitRatio": 0.6864010683,
    "researchAndDevelopmentExpenses": 0,
    "generalAndAdministrativeExpenses": 0,
    "sellingAndMarketingExpenses": 0,
    "sellingGeneralAndAdministrativeExpenses": 0,
    "otherExpenses": 1751000000,
    "operatingExpenses": 1751000000,
    "costAndExpenses": 3160000000,
    "interestIncome": 0,
    "interestExpense": 0,
    "depreciationAndAmortization": 583000000,
    "ebitda": 1483000000,
    "ebitdaratio": 0.3300689962,
    "operatingIncome": 1333000000,
    "operatingIncomeRatio": 0.2966837302,
    "totalOtherIncomeExpensesNet": -352000000,
    "incomeBeforeTax": 981000000,
    "incomeBeforeTaxRatio": 0.2183396394,
    "incomeTaxExpense": 295000000,
    "netIncome": 707000000,
    "netIncomeRatio": 0.1573558869,
    "eps": 1.07,
    "epsdiluted": 1.07,
    "weightedAverageShsOut": 658000000,
    "weightedAverageShsOutDil": 658000000,
    "link": "https://www.sec.gov/Archives/edgar/data/1109357/000119312509021261/0001193125-09-021261-index.htm",
    "finalLink": "https://www.sec.gov/Archives/edgar/data/22606/000119312509021261/d10k.htm"
  },
  {
    "date": "2008-09-30",
    "symbol": "EXC",
    "reportedCurrency": "USD",
    "cik": "0001109357",
    "fillingDate": "2008-10-27",
    "acceptedDate": "2008-10-24 19:55:48",
    "calendarYear": "2008",
    "period": "Q3",
    "revenue": 5228000000,
    "costOfRevenue": 2045000000,
    "grossProfit": 3183000000,
    "grossProfitRatio": 0.6088370314,
    "researchAndDevelopmentExpenses": 0,
    "generalAndAdministrativeExpenses": 0,
    "sellingAndMarketingExpenses": 0,
    "sellingGeneralAndAdministrativeExpenses": 0,
    "otherExpenses": 1770000000,
    "operatingExpenses": 1770000000,
    "costAndExpenses": 3815000000,
    "interestIncome": 0,
    "interestExpense": 0,
    "depreciationAndAmortization": 1285000000,
    "ebitda": 2698000000,
    "ebitdaratio": 0.5160673298,
    "operatingIncome": 1413000000,
    "operatingIncomeRatio": 0.2702754399,
    "totalOtherIncomeExpensesNet": -367000000,
    "incomeBeforeTax": 1046000000,
    "incomeBeforeTaxRatio": 0.2000765111,
    "incomeTaxExpense": 346000000,
    "netIncome": 700000000,
    "netIncomeRatio": 0.1338944147,
    "eps": 1.06,
    "epsdiluted": 1.06,
    "weightedAverageShsOut": 658000000,
    "weightedAverageShsOutDil": 662000000,
    "link": "https://www.sec.gov/Archives/edgar/data/1109357/000119312508216264/0001193125-08-216264-index.htm",
    "finalLink": "https://www.sec.gov/Archives/edgar/data/22606/000119312508216264/d10q.htm"
  },
  {
    "date": "2008-06-30",
    "symbol": "EXC",
    "reportedCurrency": "USD",
    "cik": "0001109357",
    "fillingDate": "2008-07-23",
    "acceptedDate": "2008-07-23 14:52:16",
    "calendarYear": "2008",
    "period": "Q2",
    "revenue": 4622000000,
    "costOfRevenue": 1518000000,
    "grossProfit": 3104000000,
    "grossProfitRatio": 0.6715707486,
    "researchAndDevelopmentExpenses": 0,
    "generalAndAdministrativeExpenses": 0,
    "sellingAndMarketingExpenses": 0,
    "sellingGeneralAndAdministrativeExpenses": 0,
    "otherExpenses": 1674000000,
    "operatingExpenses": 1674000000,
    "costAndExpenses": 3192000000,
    "interestIncome": 0,
    "interestExpense": 0,
    "depreciationAndAmortization": -112000000,
    "ebitda": 1832000000,
    "ebitdaratio": 0.3963652099,
    "operatingIncome": 1430000000,
    "operatingIncomeRatio": 0.3093898745,
    "totalOtherIncomeExpensesNet": -262000000,
    "incomeBeforeTax": 1168000000,
    "incomeBeforeTaxRatio": 0.2527044569,
    "incomeTaxExpense": 419000000,
    "netIncome": 748000000,
    "netIncomeRatio": 0.1618347036,
    "eps": 1.14,
    "epsdiluted": 1.13,
    "weightedAverageShsOut": 657000000,
    "weightedAverageShsOutDil": 662000000,
    "link": "https://www.sec.gov/Archives/edgar/data/1109357/000119312508156158/0001193125-08-156158-index.htm",
    "finalLink": "https://www.sec.gov/Archives/edgar/data/22606/000119312508156158/d10q.htm"
  },
  {
    "date": "2008-03-31",
    "symbol": "EXC",
    "reportedCurrency": "USD",
    "cik": "0001109357",
    "fillingDate": "2008-04-24",
    "acceptedDate": "2008-04-24 16:50:10",
    "calendarYear": "2008",
    "period": "Q1",
    "revenue": 4517000000,
    "costOfRevenue": 1610000000,
    "grossProfit": 2907000000,
    "grossProfitRatio": 0.6435687403,
    "researchAndDevelopmentExpenses": 0,
    "generalAndAdministrativeExpenses": 0,
    "sellingAndMarketingExpenses": 0,
    "sellingGeneralAndAdministrativeExpenses": 0,
    "otherExpenses": 1784000000,
    "operatingExpenses": 1784000000,
    "costAndExpenses": 3394000000,
    "interestIncome": 0,
    "interestExpense": 0,
    "depreciationAndAmortization": 552000000,
    "ebitda": 1675000000,
    "ebitdaratio": 0.3708213416,
    "operatingIncome": 1123000000,
    "operatingIncomeRatio": 0.2486163383,
    "totalOtherIncomeExpensesNet": -284000000,
    "incomeBeforeTax": 839000000,
    "incomeBeforeTaxRatio": 0.1857427496,
    "incomeTaxExpense": 258000000,
    "netIncome": 581000000,
    "netIncomeRatio": 0.1286251937,
    "eps": 0.88,
    "epsdiluted": 0.88,
    "weightedAverageShsOut": 659000000,
    "weightedAverageShsOutDil": 664000000,
    "link": "https://www.sec.gov/Archives/edgar/data/1109357/000119312508089451/0001193125-08-089451-index.htm",
    "finalLink": "https://www.sec.gov/Archives/edgar/data/22606/000119312508089451/d10q.htm"
  },
  {
    "date": "2007-12-31",
    "symbol": "EXC",
    "reportedCurrency": "USD",
    "cik": "0001109357",
    "fillingDate": "2008-02-07",
    "acceptedDate": "2008-02-07 06:27:55",
    "calendarYear": "2007",
    "period": "Q4",
    "revenue": 4554000000,
    "costOfRevenue": 1916000000,
    "grossProfit": 2638000000,
    "grossProfitRatio": 0.5792709706,
    "researchAndDevelopmentExpenses": 0,
    "generalAndAdministrativeExpenses": 0,
    "sellingAndMarketingExpenses": 0,
    "sellingGeneralAndAdministrativeExpenses": 0,
    "otherExpenses": 2135000000,
    "operatingExpenses": 2135000000,
    "costAndExpenses": 4051000000,
    "interestIncome": 0,
    "interestExpense": 0,
    "depreciationAndAmortization": 540000000,
    "ebitda": 1043000000,
    "ebitdaratio": 0.2290294247,
    "operatingIncome": 503000000,
    "operatingIncomeRatio": 0.1104523496,
    "totalOtherIncomeExpensesNet": 399000000,
    "incomeBeforeTax": 902000000,
    "incomeBeforeTaxRatio": 0.1980676329,
    "incomeTaxExpense": 339000000,
    "netIncome": 563000000,
    "netIncomeRatio": 0.1236275801,
    "eps": 0.84,
    "epsdiluted": 0.84,
    "weightedAverageShsOut": 661000000,
    "weightedAverageShsOutDil": 673000000,
    "link": "https://www.sec.gov/Archives/edgar/data/1109357/000119312508022265/0001193125-08-022265-index.htm",
    "finalLink": "https://www.sec.gov/Archives/edgar/data/22606/000119312508022265/d10k.htm"
  },
  {
    "date": "2007-09-30",
    "symbol": "EXC",
    "reportedCurrency": "USD",
    "cik": "0001109357",
    "fillingDate": "2007-10-26",
    "acceptedDate": "2007-10-26 15:04:11",
    "calendarYear": "2007",
    "period": "Q3",
    "revenue": 5032000000,
    "costOfRevenue": 2071000000,
    "grossProfit": 2961000000,
    "grossProfitRatio": 0.5884340223,
    "researchAndDevelopmentExpenses": 0,
    "generalAndAdministrativeExpenses": 0,
    "sellingAndMarketingExpenses": 0,
    "sellingGeneralAndAdministrativeExpenses": 0,
    "otherExpenses": 1610000000,
    "operatingExpenses": 1610000000,
    "costAndExpenses": 3681000000,
    "interestIncome": 0,
    "interestExpense": 0,
    "depreciationAndAmortization": 577000000,
    "ebitda": 1928000000,
    "ebitdaratio": 0.3831478537,
    "operatingIncome": 1351000000,
    "operatingIncomeRatio": 0.268481717,
    "totalOtherIncomeExpensesNet": -113000000,
    "incomeBeforeTax": 1238000000,
    "incomeBeforeTaxRatio": 0.2460254372,
    "incomeTaxExpense": 459000000,
    "netIncome": 780000000,
    "netIncomeRatio": 0.1550079491,
    "eps": 1.16,
    "epsdiluted": 1.15,
    "weightedAverageShsOut": 673000000,
    "weightedAverageShsOutDil": 678000000,
    "link": "https://www.sec.gov/Archives/edgar/data/1109357/000119312507226861/0001193125-07-226861-index.htm",
    "finalLink": "https://www.sec.gov/Archives/edgar/data/22606/000119312507226861/d10q.htm"
  },
  {
    "date": "2007-06-30",
    "symbol": "EXC",
    "reportedCurrency": "USD",
    "cik": "0001109357",
    "fillingDate": "2007-07-25",
    "acceptedDate": "2007-07-25 16:43:26",
    "calendarYear": "2007",
    "period": "Q2",
    "revenue": 4501000000,
    "costOfRevenue": 1640000000,
    "grossProfit": 2861000000,
    "grossProfitRatio": 0.6356365252,
    "researchAndDevelopmentExpenses": 0,
    "generalAndAdministrativeExpenses": 0,
    "sellingAndMarketingExpenses": 0,
    "sellingGeneralAndAdministrativeExpenses": 0,
    "otherExpenses": 1630000000,
    "operatingExpenses": 1630000000,
    "costAndExpenses": 3270000000,
    "interestIncome": 0,
    "interestExpense": 0,
    "depreciationAndAmortization": 533000000,
    "ebitda": 1764000000,
    "ebitdaratio": 0.3919129082,
    "operatingIncome": 1231000000,
    "operatingIncomeRatio": 0.2734947789,
    "totalOtherIncomeExpensesNet": -214000000,
    "incomeBeforeTax": 1017000000,
    "incomeBeforeTaxRatio": 0.2259497889,
    "incomeTaxExpense": 314000000,
    "netIncome": 702000000,
    "netIncomeRatio": 0.155965341,
    "eps": 1.04,
    "epsdiluted": 1.03,
    "weightedAverageShsOut": 675000000,
    "weightedAverageShsOutDil": 680000000,
    "link": "https://www.sec.gov/Archives/edgar/data/1109357/000095013707010538/0000950137-07-010538-index.htm",
    "finalLink": "https://www.sec.gov/Archives/edgar/data/22606/000095013707010538/c16950e10vq.htm"
  },
  {
    "date": "2007-03-31",
    "symbol": "EXC",
    "reportedCurrency": "USD",
    "cik": "0001109357",
    "fillingDate": "2007-04-25",
    "acceptedDate": "2007-04-25 17:13:49",
    "calendarYear": "2007",
    "period": "Q1",
    "revenue": 4829000000,
    "costOfRevenue": 2015000000,
    "grossProfit": 2814000000,
    "grossProfitRatio": 0.5827293435,
    "researchAndDevelopmentExpenses": 0,
    "generalAndAdministrativeExpenses": 0,
    "sellingAndMarketingExpenses": 0,
    "sellingGeneralAndAdministrativeExpenses": 0,
    "otherExpenses": 1623000000,
    "operatingExpenses": 1623000000,
    "costAndExpenses": 3638000000,
    "interestIncome": 0,
    "interestExpense": 0,
    "depreciationAndAmortization": 533000000,
    "ebitda": 1724000000,
    "ebitdaratio": 0.3570097329,
    "operatingIncome": 1191000000,
    "operatingIncomeRatio": 0.2466349141,
    "totalOtherIncomeExpensesNet": -176000000,
    "incomeBeforeTax": 1015000000,
    "incomeBeforeTaxRatio": 0.2101884448,
    "incomeTaxExpense": 334000000,
    "netIncome": 691000000,
    "netIncomeRatio": 0.1430938082,
    "eps": 1.02,
    "epsdiluted": 1.02,
    "weightedAverageShsOut": 672000000,
    "weightedAverageShsOutDil": 677000000,
    "link": "https://www.sec.gov/Archives/edgar/data/1109357/000095013707006023/0000950137-07-006023-index.htm",
    "finalLink": "https://www.sec.gov/Archives/edgar/data/22606/000095013707006023/c14239e10vq.htm"
  },
  {
    "date": "2006-12-31",
    "symbol": "EXC",
    "reportedCurrency": "USD",
    "cik": "0001109357",
    "fillingDate": "2007-02-13",
    "acceptedDate": "2007-02-13 16:57:54",
    "calendarYear": "2006",
    "period": "Q4",
    "revenue": 3695000000,
    "costOfRevenue": 1212000000,
    "grossProfit": 2483000000,
    "grossProfitRatio": 0.6719891746,
    "researchAndDevelopmentExpenses": 0,
    "generalAndAdministrativeExpenses": 0,
    "sellingAndMarketingExpenses": 0,
    "sellingGeneralAndAdministrativeExpenses": 0,
    "otherExpenses": 1335000000,
    "operatingExpenses": 1335000000,
    "costAndExpenses": 2547000000,
    "interestIncome": 0,
    "interestExpense": 0,
    "depreciationAndAmortization": 511000000,
    "ebitda": 1659000000,
    "ebitdaratio": 0.448985115,
    "operatingIncome": 1148000000,
    "operatingIncomeRatio": 0.3106901218,
    "totalOtherIncomeExpensesNet": -278000000,
    "incomeBeforeTax": 870000000,
    "incomeBeforeTaxRatio": 0.2354533153,
    "incomeTaxExpense": 277000000,
    "netIncome": 592000000,
    "netIncomeRatio": 0.1602165088,
    "eps": 0.88,
    "epsdiluted": 0.88,
    "weightedAverageShsOut": 671000000,
    "weightedAverageShsOutDil": 671000000,
    "link": "https://www.sec.gov/Archives/edgar/data/1109357/000119312507029587/0001193125-07-029587-index.htm",
    "finalLink": "https://www.sec.gov/Archives/edgar/data/22606/000119312507029587/d10k.htm"
  },
  {
    "date": "2006-09-30",
    "symbol": "EXC",
    "reportedCurrency": "USD",
    "cik": "0001109357",
    "fillingDate": "2006-10-27",
    "acceptedDate": "2006-10-27 16:46:01",
    "calendarYear": "2006",
    "period": "Q3",
    "revenue": 4401000000,
    "costOfRevenue": 1485000000,
    "grossProfit": 2916000000,
    "grossProfitRatio": 0.6625766871,
    "researchAndDevelopmentExpenses": 0,
    "generalAndAdministrativeExpenses": 0,
    "sellingAndMarketingExpenses": 0,
    "sellingGeneralAndAdministrativeExpenses": 0,
    "otherExpenses": 2478000000,
    "operatingExpenses": 2478000000,
    "costAndExpenses": 3963000000,
    "interestIncome": 0,
    "interestExpense": 0,
    "depreciationAndAmortization": 561000000,
    "ebitda": 999000000,
    "ebitdaratio": 0.226993865,
    "operatingIncome": 438000000,
    "operatingIncomeRatio": 0.0995228357,
    "totalOtherIncomeExpensesNet": -117000000,
    "incomeBeforeTax": 321000000,
    "incomeBeforeTaxRatio": 0.0729379686,
    "incomeTaxExpense": 366000000,
    "netIncome": -44000000,
    "netIncomeRatio": -0.0099977278,
    "eps": -0.0656,
    "epsdiluted": -0.0656,
    "weightedAverageShsOut": 671000000,
    "weightedAverageShsOutDil": 671000000,
    "link": "https://www.sec.gov/Archives/edgar/data/1109357/000095013706011537/0000950137-06-011537-index.htm",
    "finalLink": "https://www.sec.gov/Archives/edgar/data/22606/000095013706011537/c09125e10vq.htm"
  },
  {
    "date": "2006-06-30",
    "symbol": "EXC",
    "reportedCurrency": "USD",
    "cik": "0001109357",
    "fillingDate": "2006-07-31",
    "acceptedDate": "2006-07-31 17:00:05",
    "calendarYear": "2006",
    "period": "Q2",
    "revenue": 3697000000,
    "costOfRevenue": 1073000000,
    "grossProfit": 2624000000,
    "grossProfitRatio": 0.7097646741,
    "researchAndDevelopmentExpenses": 0,
    "generalAndAdministrativeExpenses": 0,
    "sellingAndMarketingExpenses": 0,
    "sellingGeneralAndAdministrativeExpenses": 0,
    "otherExpenses": 1422000000,
    "operatingExpenses": 1422000000,
    "costAndExpenses": 2495000000,
    "interestIncome": 0,
    "interestExpense": 0,
    "depreciationAndAmortization": 536000000,
    "ebitda": 1738000000,
    "ebitdaratio": 0.4701109007,
    "operatingIncome": 1202000000,
    "operatingIncomeRatio": 0.3251284826,
    "totalOtherIncomeExpensesNet": -198000000,
    "incomeBeforeTax": 1004000000,
    "incomeBeforeTaxRatio": 0.2715715445,
    "incomeTaxExpense": 363000000,
    "netIncome": 645000000,
    "netIncomeRatio": 0.1744657831,
    "eps": 0.96,
    "epsdiluted": 0.95,
    "weightedAverageShsOut": 670000000,
    "weightedAverageShsOutDil": 676000000,
    "link": "https://www.sec.gov/Archives/edgar/data/1109357/000095013706008315/0000950137-06-008315-index.htm",
    "finalLink": "https://www.sec.gov/Archives/edgar/data/22606/000095013706008315/c06842e10vq.htm"
  },
  {
    "date": "2006-03-31",
    "symbol": "EXC",
    "reportedCurrency": "USD",
    "cik": "0001109357",
    "fillingDate": "2006-04-26",
    "acceptedDate": "2006-04-26 14:00:51",
    "calendarYear": "2006",
    "period": "Q1",
    "revenue": 3861000000,
    "costOfRevenue": 1449000000,
    "grossProfit": 2412000000,
    "grossProfitRatio": 0.6247086247,
    "researchAndDevelopmentExpenses": 0,
    "generalAndAdministrativeExpenses": 0,
    "sellingAndMarketingExpenses": 0,
    "sellingGeneralAndAdministrativeExpenses": 0,
    "otherExpenses": 1594000000,
    "operatingExpenses": 1594000000,
    "costAndExpenses": 3043000000,
    "interestIncome": 0,
    "interestExpense": 0,
    "depreciationAndAmortization": 524000000,
    "ebitda": 1342000000,
    "ebitdaratio": 0.3475783476,
    "operatingIncome": 818000000,
    "operatingIncomeRatio": 0.2118622119,
    "totalOtherIncomeExpensesNet": -218000000,
    "incomeBeforeTax": 600000000,
    "incomeBeforeTaxRatio": 0.1554001554,
    "incomeTaxExpense": 201000000,
    "netIncome": 400000000,
    "netIncomeRatio": 0.1036001036,
    "eps": 0.6,
    "epsdiluted": 0.59,
    "weightedAverageShsOut": 669000000,
    "weightedAverageShsOutDil": 675000000,
    "link": "https://www.sec.gov/Archives/edgar/data/1109357/000095013706004951/0000950137-06-004951-index.htm",
    "finalLink": "https://www.sec.gov/Archives/edgar/data/22606/000095013706004951/c04271e10vq.htm"
  },
  {
    "date": "2005-12-31",
    "symbol": "EXC",
    "reportedCurrency": "USD",
    "cik": "0001109357",
    "fillingDate": "2006-02-15",
    "acceptedDate": "2006-02-15 16:22:53",
    "calendarYear": "2005",
    "period": "Q4",
    "revenue": 3838000000,
    "costOfRevenue": 1634000000,
    "grossProfit": 2204000000,
    "grossProfitRatio": 0.5742574257,
    "researchAndDevelopmentExpenses": 0,
    "generalAndAdministrativeExpenses": 0,
    "sellingAndMarketingExpenses": 0,
    "sellingGeneralAndAdministrativeExpenses": 0,
    "otherExpenses": 2620000000,
    "operatingExpenses": 2620000000,
    "costAndExpenses": 4254000000,
    "interestIncome": 0,
    "interestExpense": 0,
    "depreciationAndAmortization": 490000000,
    "ebitda": 74000000,
    "ebitdaratio": 0.0192808755,
    "operatingIncome": -416000000,
    "operatingIncomeRatio": -0.1083897863,
    "totalOtherIncomeExpensesNet": -215000000,
    "incomeBeforeTax": -631000000,
    "incomeBeforeTaxRatio": -0.1644085461,
    "incomeTaxExpense": 165000000,
    "netIncome": -837000000,
    "netIncomeRatio": -0.2180823345,
    "eps": -1.25,
    "epsdiluted": -1.25,
    "weightedAverageShsOut": 668362319,
    "weightedAverageShsOutDil": 670000000,
    "link": "https://www.sec.gov/Archives/edgar/data/1109357/000119312506032686/0001193125-06-032686-index.htm",
    "finalLink": "https://www.sec.gov/Archives/edgar/data/22606/000119312506032686/d10k.htm"
  },
  {
    "date": "2005-09-30",
    "symbol": "EXC",
    "reportedCurrency": "USD",
    "cik": "0001109357",
    "fillingDate": "2005-10-27",
    "acceptedDate": "2005-10-26 18:11:17",
    "calendarYear": "2005",
    "period": "Q3",
    "revenue": 4473000000,
    "costOfRevenue": 1681000000,
    "grossProfit": 2792000000,
    "grossProfitRatio": 0.6241895819,
    "researchAndDevelopmentExpenses": 0,
    "generalAndAdministrativeExpenses": 0,
    "sellingAndMarketingExpenses": 0,
    "sellingGeneralAndAdministrativeExpenses": 0,
    "otherExpenses": 1480000000,
    "operatingExpenses": 1480000000,
    "costAndExpenses": 3161000000,
    "interestIncome": 0,
    "interestExpense": 0,
    "depreciationAndAmortization": 516000000,
    "ebitda": 1828000000,
    "ebitdaratio": 0.4086742678,
    "operatingIncome": 1312000000,
    "operatingIncomeRatio": 0.2933154482,
    "totalOtherIncomeExpensesNet": -244000000,
    "incomeBeforeTax": 1068000000,
    "incomeBeforeTaxRatio": 0.2387659289,
    "incomeTaxExpense": 344000000,
    "netIncome": 725000000,
    "netIncomeRatio": 0.1620836128,
    "eps": 1.08,
    "epsdiluted": 1.07,
    "weightedAverageShsOut": 670000000,
    "weightedAverageShsOutDil": 677000000,
    "link": "https://www.sec.gov/Archives/edgar/data/1109357/000095013705012931/0000950137-05-012931-index.htm",
    "finalLink": "https://www.sec.gov/Archives/edgar/data/22606/000095013705012931/c99199e10vq.htm"
  },
  {
    "date": "2005-06-30",
    "symbol": "EXC",
    "reportedCurrency": "USD",
    "cik": "0001109357",
    "fillingDate": "2005-07-26",
    "acceptedDate": "2005-07-26 16:43:41",
    "calendarYear": "2005",
    "period": "Q2",
    "revenue": 3484000000,
    "costOfRevenue": 1140000000,
    "grossProfit": 2344000000,
    "grossProfitRatio": 0.6727898967,
    "researchAndDevelopmentExpenses": 0,
    "generalAndAdministrativeExpenses": 0,
    "sellingAndMarketingExpenses": 0,
    "sellingGeneralAndAdministrativeExpenses": 0,
    "otherExpenses": 1447000000,
    "operatingExpenses": 1447000000,
    "costAndExpenses": 2587000000,
    "interestIncome": 0,
    "interestExpense": 0,
    "depreciationAndAmortization": 483000000,
    "ebitda": 1380000000,
    "ebitdaratio": 0.3960964409,
    "operatingIncome": 897000000,
    "operatingIncomeRatio": 0.2574626866,
    "totalOtherIncomeExpensesNet": -173000000,
    "incomeBeforeTax": 724000000,
    "incomeBeforeTaxRatio": 0.2078071183,
    "incomeTaxExpense": 207000000,
    "netIncome": 514000000,
    "netIncomeRatio": 0.1475315729,
    "eps": 0.77,
    "epsdiluted": 0.76,
    "weightedAverageShsOut": 670000000,
    "weightedAverageShsOutDil": 677000000,
    "link": "https://www.sec.gov/Archives/edgar/data/1109357/000095013705009106/0000950137-05-009106-index.htm",
    "finalLink": "https://www.sec.gov/Archives/edgar/data/22606/000095013705009106/c96768e10vq.htm"
  },
  {
    "date": "2005-03-31",
    "symbol": "EXC",
    "reportedCurrency": "USD",
    "cik": "0001109357",
    "fillingDate": "2005-04-26",
    "acceptedDate": "2005-04-26 16:32:41",
    "calendarYear": "2005",
    "period": "Q1",
    "revenue": 3561000000,
    "costOfRevenue": 1190000000,
    "grossProfit": 2371000000,
    "grossProfitRatio": 0.6658242067,
    "researchAndDevelopmentExpenses": 0,
    "generalAndAdministrativeExpenses": 0,
    "sellingAndMarketingExpenses": 0,
    "sellingGeneralAndAdministrativeExpenses": 0,
    "otherExpenses": 1440000000,
    "operatingExpenses": 1440000000,
    "costAndExpenses": 2630000000,
    "interestIncome": 0,
    "interestExpense": 0,
    "depreciationAndAmortization": 478000000,
    "ebitda": 1409000000,
    "ebitdaratio": 0.3956753721,
    "operatingIncome": 931000000,
    "operatingIncomeRatio": 0.2614434148,
    "totalOtherIncomeExpensesNet": -197000000,
    "incomeBeforeTax": 734000000,
    "incomeBeforeTaxRatio": 0.2061218759,
    "incomeTaxExpense": 227000000,
    "netIncome": 521000000,
    "netIncomeRatio": 0.1463072171,
    "eps": 0.78,
    "epsdiluted": 0.77,
    "weightedAverageShsOut": 666000000,
    "weightedAverageShsOutDil": 675000000,
    "link": "https://www.sec.gov/Archives/edgar/data/1109357/000095013705004909/0000950137-05-004909-index.htm",
    "finalLink": "https://www.sec.gov/Archives/edgar/data/22606/000095013705004909/c94434e10vq.htm"
  },
  {
    "date": "2004-12-31",
    "symbol": "EXC",
    "reportedCurrency": "USD",
    "cik": "0001109357",
    "fillingDate": "2005-02-23",
    "acceptedDate": "2005-02-23 16:24:27",
    "calendarYear": "2004",
    "period": "Q4",
    "revenue": 3378000000,
    "costOfRevenue": 1194000000,
    "grossProfit": 2184000000,
    "grossProfitRatio": 0.6465364121,
    "researchAndDevelopmentExpenses": 0,
    "generalAndAdministrativeExpenses": 0,
    "sellingAndMarketingExpenses": 0,
    "sellingGeneralAndAdministrativeExpenses": 0,
    "otherExpenses": 1543000000,
    "operatingExpenses": 1543000000,
    "costAndExpenses": 2737000000,
    "interestIncome": 0,
    "interestExpense": 0,
    "depreciationAndAmortization": 426000000,
    "ebitda": 1067000000,
    "ebitdaratio": 0.3158673771,
    "operatingIncome": 641000000,
    "operatingIncomeRatio": 0.1897572528,
    "totalOtherIncomeExpensesNet": -242000000,
    "incomeBeforeTax": 399000000,
    "incomeBeforeTaxRatio": 0.1181172291,
    "incomeTaxExpense": 36000000,
    "netIncome": 363000000,
    "netIncomeRatio": 0.1074600355,
    "eps": 0.55,
    "epsdiluted": 0.55,
    "weightedAverageShsOut": 661000000,
    "weightedAverageShsOutDil": 661000000,
    "link": "https://www.sec.gov/Archives/edgar/data/1109357/000119312505035141/0001193125-05-035141-index.htm",
    "finalLink": "https://www.sec.gov/Archives/edgar/data/22606/000119312505035141/d10k.htm"
  },
  {
    "date": "2004-09-30",
    "symbol": "EXC",
    "reportedCurrency": "USD",
    "cik": "0001109357",
    "fillingDate": "2004-10-27",
    "acceptedDate": "2004-10-27 16:37:13",
    "calendarYear": "2004",
    "period": "Q3",
    "revenue": 3865000000,
    "costOfRevenue": 1280000000,
    "grossProfit": 2585000000,
    "grossProfitRatio": 0.6688227684,
    "researchAndDevelopmentExpenses": 0,
    "generalAndAdministrativeExpenses": 0,
    "sellingAndMarketingExpenses": 0,
    "sellingGeneralAndAdministrativeExpenses": 0,
    "otherExpenses": 1317000000,
    "operatingExpenses": 1317000000,
    "costAndExpenses": 2550000000,
    "interestIncome": 0,
    "interestExpense": 0,
    "depreciationAndAmortization": 1244000000,
    "ebitda": 2442000000,
    "ebitdaratio": 0.6318240621,
    "operatingIncome": 1198000000,
    "operatingIncomeRatio": 0.3099611902,
    "totalOtherIncomeExpensesNet": -342000000,
    "incomeBeforeTax": 856000000,
    "incomeBeforeTaxRatio": 0.2214747736,
    "incomeTaxExpense": 279000000,
    "netIncome": 568000000,
    "netIncomeRatio": 0.1469598965,
    "eps": 0.86,
    "epsdiluted": 0.85,
    "weightedAverageShsOut": 661000000,
    "weightedAverageShsOutDil": 669000000,
    "link": "https://www.sec.gov/Archives/edgar/data/1109357/000095013704009058/0000950137-04-009058-index.htm",
    "finalLink": "https://www.sec.gov/Archives/edgar/data/22606/000095013704009058/c89055e10vq.htm"
  },
  {
    "date": "2004-06-30",
    "symbol": "EXC",
    "reportedCurrency": "USD",
    "cik": "0001109357",
    "fillingDate": "2004-07-28",
    "acceptedDate": "2004-07-28 16:26:22",
    "calendarYear": "2004",
    "period": "Q2",
    "revenue": 3550000000,
    "costOfRevenue": 1211000000,
    "grossProfit": 2339000000,
    "grossProfitRatio": 0.6588732394,
    "researchAndDevelopmentExpenses": 0,
    "generalAndAdministrativeExpenses": 0,
    "sellingAndMarketingExpenses": 0,
    "sellingGeneralAndAdministrativeExpenses": 0,
    "otherExpenses": 1432000000,
    "operatingExpenses": 1432000000,
    "costAndExpenses": 2585000000,
    "interestIncome": 0,
    "interestExpense": 0,
    "depreciationAndAmortization": -240000000,
    "ebitda": 1164000000,
    "ebitdaratio": 0.3278873239,
    "operatingIncome": 853000000,
    "operatingIncomeRatio": 0.2402816901,
    "totalOtherIncomeExpensesNet": -127000000,
    "incomeBeforeTax": 726000000,
    "incomeBeforeTaxRatio": 0.2045070423,
    "incomeTaxExpense": 223000000,
    "netIncome": 521000000,
    "netIncomeRatio": 0.1467605634,
    "eps": 0.79,
    "epsdiluted": 0.78,
    "weightedAverageShsOut": 661000000,
    "weightedAverageShsOutDil": 667000000,
    "link": "https://www.sec.gov/Archives/edgar/data/1109357/000095013704005924/0000950137-04-005924-index.htm",
    "finalLink": "https://www.sec.gov/Archives/edgar/data/22606/000095013704005924/c86837e10vq.htm"
  },
  {
    "date": "2004-03-31",
    "symbol": "EXC",
    "reportedCurrency": "USD",
    "cik": "0001109357",
    "fillingDate": "2004-04-28",
    "acceptedDate": "2004-04-28 17:28:41",
    "calendarYear": "2004",
    "period": "Q1",
    "revenue": 3722000000,
    "costOfRevenue": 1398000000,
    "grossProfit": 2324000000,
    "grossProfitRatio": 0.6243954863,
    "researchAndDevelopmentExpenses": 0,
    "generalAndAdministrativeExpenses": 0,
    "sellingAndMarketingExpenses": 0,
    "sellingGeneralAndAdministrativeExpenses": 0,
    "otherExpenses": 1469000000,
    "operatingExpenses": 1469000000,
    "costAndExpenses": 2864000000,
    "interestIncome": 0,
    "interestExpense": 0,
    "depreciationAndAmortization": 445000000,
    "ebitda": 1216000000,
    "ebitdaratio": 0.326706072,
    "operatingIncome": 771000000,
    "operatingIncomeRatio": 0.2071466953,
    "totalOtherIncomeExpensesNet": -215000000,
    "incomeBeforeTax": 556000000,
    "incomeBeforeTaxRatio": 0.1493820527,
    "incomeTaxExpense": 159000000,
    "netIncome": 406000000,
    "netIncomeRatio": 0.1090811392,
    "eps": 0.63,
    "epsdiluted": 0.62,
    "weightedAverageShsOut": 659000000,
    "weightedAverageShsOutDil": 665000000,
    "link": "https://www.sec.gov/Archives/edgar/data/1109357/000095013704003290/0000950137-04-003290-index.htm",
    "finalLink": "https://www.sec.gov/Archives/edgar/data/22606/000095013704003290/c84849e10vq.htm"
  },
  {
    "date": "2003-12-31",
    "symbol": "EXC",
    "reportedCurrency": "USD",
    "cik": "0001109357",
    "fillingDate": "2004-02-20",
    "acceptedDate": "2004-02-20 15:28:14",
    "calendarYear": "2003",
    "period": "Q4",
    "revenue": 3576000000,
    "costOfRevenue": 1392000000,
    "grossProfit": 2184000000,
    "grossProfitRatio": 0.610738255,
    "researchAndDevelopmentExpenses": 0,
    "generalAndAdministrativeExpenses": 0,
    "sellingAndMarketingExpenses": 0,
    "sellingGeneralAndAdministrativeExpenses": 0,
    "otherExpenses": 1525000000,
    "operatingExpenses": 1525000000,
    "costAndExpenses": 2917000000,
    "interestIncome": 0,
    "interestExpense": 0,
    "depreciationAndAmortization": 428000000,
    "ebitda": 1087000000,
    "ebitdaratio": 0.3039709172,
    "operatingIncome": 659000000,
    "operatingIncomeRatio": 0.1842841163,
    "totalOtherIncomeExpensesNet": -312000000,
    "incomeBeforeTax": 347000000,
    "incomeBeforeTaxRatio": 0.0970357942,
    "incomeTaxExpense": 73000000,
    "netIncome": 274000000,
    "netIncomeRatio": 0.0766219239,
    "eps": 0.42,
    "epsdiluted": 0.42,
    "weightedAverageShsOut": 650000000,
    "weightedAverageShsOutDil": 652000000,
    "link": "https://www.sec.gov/Archives/edgar/data/1109357/000119312504027301/0001193125-04-027301-index.htm",
    "finalLink": "https://www.sec.gov/Archives/edgar/data/22606/000119312504027301/d10k.htm"
  },
  {
    "date": "2003-09-30",
    "symbol": "EXC",
    "reportedCurrency": "USD",
    "cik": "0001109357",
    "fillingDate": "2003-10-29",
    "acceptedDate": "2003-10-29 16:55:17",
    "calendarYear": "2003",
    "period": "Q3",
    "revenue": 4441000000,
    "costOfRevenue": 1863000000,
    "grossProfit": 2578000000,
    "grossProfitRatio": 0.5804998874,
    "researchAndDevelopmentExpenses": 0,
    "generalAndAdministrativeExpenses": 0,
    "sellingAndMarketingExpenses": 0,
    "sellingGeneralAndAdministrativeExpenses": 0,
    "otherExpenses": 2572000000,
    "operatingExpenses": 2572000000,
    "costAndExpenses": 4435000000,
    "interestIncome": 0,
    "interestExpense": 0,
    "depreciationAndAmortization": 444000000,
    "ebitda": 450000000,
    "ebitdaratio": 0.1013285296,
    "operatingIncome": 6000000,
    "operatingIncomeRatio": 0.0013510471,
    "totalOtherIncomeExpensesNet": -220000000,
    "incomeBeforeTax": -214000000,
    "incomeBeforeTaxRatio": -0.0481873452,
    "incomeTaxExpense": -112000000,
    "netIncome": -102000000,
    "netIncomeRatio": -0.0229678,
    "eps": -0.16,
    "epsdiluted": -0.16,
    "weightedAverageShsOut": 652000000,
    "weightedAverageShsOutDil": 652000000,
    "link": "https://www.sec.gov/Archives/edgar/data/1109357/000095015903000861/0000950159-03-000861-index.htm",
    "finalLink": "https://www.sec.gov/Archives/edgar/data/22606/000095015903000861/exelon10q.txt"
  },
  {
    "date": "2003-06-30",
    "symbol": "EXC",
    "reportedCurrency": "USD",
    "cik": "0001109357",
    "fillingDate": "2003-07-30",
    "acceptedDate": "2003-07-30 17:12:00",
    "calendarYear": "2003",
    "period": "Q2",
    "revenue": 3721000000,
    "costOfRevenue": 1387000000,
    "grossProfit": 2334000000,
    "grossProfitRatio": 0.627250739,
    "researchAndDevelopmentExpenses": 0,
    "generalAndAdministrativeExpenses": 0,
    "sellingAndMarketingExpenses": 0,
    "sellingGeneralAndAdministrativeExpenses": 0,
    "otherExpenses": 1534000000,
    "operatingExpenses": 1534000000,
    "costAndExpenses": 2921000000,
    "interestIncome": 0,
    "interestExpense": 0,
    "depreciationAndAmortization": 423000000,
    "ebitda": 1223000000,
    "ebitdaratio": 0.3286750873,
    "operatingIncome": 800000000,
    "operatingIncomeRatio": 0.2149959688,
    "totalOtherIncomeExpensesNet": -206000000,
    "incomeBeforeTax": 594000000,
    "incomeBeforeTaxRatio": 0.1596345069,
    "incomeTaxExpense": 222000000,
    "netIncome": 372000000,
    "netIncomeRatio": 0.0999731255,
    "eps": 0.57,
    "epsdiluted": 0.57,
    "weightedAverageShsOut": 650000000,
    "weightedAverageShsOutDil": 655000000,
    "link": "https://www.sec.gov/Archives/edgar/data/1109357/000095015903000630/0000950159-03-000630-index.htm",
    "finalLink": "https://www.sec.gov/Archives/edgar/data/22606/000095015903000630/exelon10q.txt"
  },
  {
    "date": "2003-03-31",
    "symbol": "EXC",
    "reportedCurrency": "USD",
    "cik": "0001109357",
    "fillingDate": "2003-05-02",
    "acceptedDate": "2003-05-02 16:35:44",
    "calendarYear": "2003",
    "period": "Q1",
    "revenue": 4074000000,
    "costOfRevenue": 1737000000,
    "grossProfit": 2337000000,
    "grossProfitRatio": 0.5736377025,
    "researchAndDevelopmentExpenses": 0,
    "generalAndAdministrativeExpenses": 0,
    "sellingAndMarketingExpenses": 0,
    "sellingGeneralAndAdministrativeExpenses": 0,
    "otherExpenses": 1580000000,
    "operatingExpenses": 1580000000,
    "costAndExpenses": 3317000000,
    "interestIncome": 0,
    "interestExpense": 0,
    "depreciationAndAmortization": 423000000,
    "ebitda": 1180000000,
    "ebitdaratio": 0.2896416298,
    "operatingIncome": 757000000,
    "operatingIncomeRatio": 0.1858124693,
    "totalOtherIncomeExpensesNet": -360000000,
    "incomeBeforeTax": 397000000,
    "incomeBeforeTaxRatio": 0.0974472263,
    "incomeTaxExpense": 148000000,
    "netIncome": 361000000,
    "netIncomeRatio": 0.088610702,
    "eps": 0.56,
    "epsdiluted": 0.56,
    "weightedAverageShsOut": 648000000,
    "weightedAverageShsOutDil": 652000000,
    "link": "https://www.sec.gov/Archives/edgar/data/1109357/000095015903000376/0000950159-03-000376-index.htm",
    "finalLink": "https://www.sec.gov/Archives/edgar/data/22606/000095015903000376/exelon10q.txt"
  },
  {
    "date": "2002-12-31",
    "symbol": "EXC",
    "reportedCurrency": "USD",
    "cik": "0001109357",
    "fillingDate": "2003-03-21",
    "acceptedDate": "2003-03-21 17:21:20",
    "calendarYear": "2002",
    "period": "Q4",
    "revenue": 3710000000,
    "costOfRevenue": 1266000000,
    "grossProfit": 2444000000,
    "grossProfitRatio": 0.6587601078,
    "researchAndDevelopmentExpenses": 0,
    "generalAndAdministrativeExpenses": 0,
    "sellingAndMarketingExpenses": 0,
    "sellingGeneralAndAdministrativeExpenses": 0,
    "otherExpenses": 1562000000,
    "operatingExpenses": 1562000000,
    "costAndExpenses": 2828000000,
    "interestIncome": 0,
    "interestExpense": 0,
    "depreciationAndAmortization": 417000000,
    "ebitda": 1299000000,
    "ebitdaratio": 0.3501347709,
    "operatingIncome": 882000000,
    "operatingIncomeRatio": 0.2377358491,
    "totalOtherIncomeExpensesNet": -211000000,
    "incomeBeforeTax": 671000000,
    "incomeBeforeTaxRatio": 0.1808625337,
    "incomeTaxExpense": 274000000,
    "netIncome": 397000000,
    "netIncomeRatio": 0.1070080863,
    "eps": 0.61,
    "epsdiluted": 0.61,
    "weightedAverageShsOut": 644000000,
    "weightedAverageShsOutDil": 646000000,
    "link": "https://www.sec.gov/Archives/edgar/data/1109357/000104746903009677/0001047469-03-009677-index.htm",
    "finalLink": "https://www.sec.gov/Archives/edgar/data/22606/000104746903009677/a2105664z10-k.htm"
  },
  {
    "date": "2002-09-30",
    "symbol": "EXC",
    "reportedCurrency": "USD",
    "cik": "0001109357",
    "fillingDate": "2002-10-31",
    "acceptedDate": "2002-10-31 17:27:08",
    "calendarYear": "2002",
    "period": "Q3",
    "revenue": 4370000000,
    "costOfRevenue": 1710000000,
    "grossProfit": 2660000000,
    "grossProfitRatio": 0.6086956522,
    "researchAndDevelopmentExpenses": 0,
    "generalAndAdministrativeExpenses": 0,
    "sellingAndMarketingExpenses": 0,
    "sellingGeneralAndAdministrativeExpenses": 0,
    "otherExpenses": 1660000000,
    "operatingExpenses": 1660000000,
    "costAndExpenses": 3370000000,
    "interestIncome": 0,
    "interestExpense": 0,
    "depreciationAndAmortization": 436000000,
    "ebitda": 1436000000,
    "ebitdaratio": 0.328604119,
    "operatingIncome": 1000000000,
    "operatingIncomeRatio": 0.2288329519,
    "totalOtherIncomeExpensesNet": -152000000,
    "incomeBeforeTax": 848000000,
    "incomeBeforeTaxRatio": 0.1940503432,
    "incomeTaxExpense": 297000000,
    "netIncome": 551000000,
    "netIncomeRatio": 0.1260869565,
    "eps": 0.86,
    "epsdiluted": 0.85,
    "weightedAverageShsOut": 646000000,
    "weightedAverageShsOutDil": 648000000,
    "link": "https://www.sec.gov/Archives/edgar/data/1109357/000095015902000647/0000950159-02-000647-index.htm",
    "finalLink": "https://www.sec.gov/Archives/edgar/data/22606/000095015902000647/exelon10q9-02.txt"
  },
  {
    "date": "2002-06-30",
    "symbol": "EXC",
    "reportedCurrency": "USD",
    "cik": "0001109357",
    "fillingDate": "2002-08-06",
    "acceptedDate": "2002-08-06 16:24:26",
    "calendarYear": "2002",
    "period": "Q2",
    "revenue": 3519000000,
    "costOfRevenue": 1123000000,
    "grossProfit": 2396000000,
    "grossProfitRatio": 0.6808752487,
    "researchAndDevelopmentExpenses": 0,
    "generalAndAdministrativeExpenses": 0,
    "sellingAndMarketingExpenses": 0,
    "sellingGeneralAndAdministrativeExpenses": 0,
    "otherExpenses": 1583000000,
    "operatingExpenses": 1583000000,
    "costAndExpenses": 2706000000,
    "interestIncome": 0,
    "interestExpense": 0,
    "depreciationAndAmortization": 421000000,
    "ebitda": 1234000000,
    "ebitdaratio": 0.3506678034,
    "operatingIncome": 813000000,
    "operatingIncomeRatio": 0.2310315431,
    "totalOtherIncomeExpensesNet": -49000000,
    "incomeBeforeTax": 764000000,
    "incomeBeforeTaxRatio": 0.2171071327,
    "incomeTaxExpense": 279000000,
    "netIncome": 485000000,
    "netIncomeRatio": 0.1378232452,
    "eps": 0.75,
    "epsdiluted": 0.75,
    "weightedAverageShsOut": 644000000,
    "weightedAverageShsOutDil": 648000000,
    "link": "https://www.sec.gov/Archives/edgar/data/1109357/000095015902000470/0000950159-02-000470-index.htm",
    "finalLink": "https://www.sec.gov/Archives/edgar/data/22606/000095015902000470/exelon10q6-02.txt"
  },
  {
    "date": "2002-03-31",
    "symbol": "EXC",
    "reportedCurrency": "USD",
    "cik": "0001109357",
    "fillingDate": "2002-05-10",
    "acceptedDate": "2002-05-10 17:26:04",
    "calendarYear": "2002",
    "period": "Q1",
    "revenue": 3870000000,
    "costOfRevenue": 1677000000,
    "grossProfit": 2193000000,
    "grossProfitRatio": 0.5666666667,
    "researchAndDevelopmentExpenses": 0,
    "generalAndAdministrativeExpenses": 0,
    "sellingAndMarketingExpenses": 0,
    "sellingGeneralAndAdministrativeExpenses": 0,
    "otherExpenses": 1588000000,
    "operatingExpenses": 1588000000,
    "costAndExpenses": 2752000000,
    "interestIncome": 0,
    "interestExpense": 0,
    "depreciationAndAmortization": 427000000,
    "ebitda": 1032000000,
    "ebitdaratio": 0.2666666667,
    "operatingIncome": 605000000,
    "operatingIncomeRatio": 0.1563307494,
    "totalOtherIncomeExpensesNet": -219000000,
    "incomeBeforeTax": 386000000,
    "incomeBeforeTaxRatio": 0.0997416021,
    "incomeTaxExpense": 148000000,
    "netIncome": 8000000,
    "netIncomeRatio": 0.0020671835,
    "eps": 0.01,
    "epsdiluted": 0.01,
    "weightedAverageShsOut": 642000000,
    "weightedAverageShsOutDil": 646000000,
    "link": "https://www.sec.gov/Archives/edgar/data/1109357/000095015902000301/0000950159-02-000301-index.htm",
    "finalLink": "https://www.sec.gov/Archives/edgar/data/22606/000095015902000301/exelon10q3-02.txt"
  },
  {
    "date": "2001-12-31",
    "symbol": "EXC",
    "reportedCurrency": "USD",
    "cik": "0001109357",
    "fillingDate": "2002-04-01",
    "acceptedDate": "2002-04-01 00:00:00",
    "calendarYear": "2001",
    "period": "Q4",
    "revenue": 3381000000,
    "costOfRevenue": 1042000000,
    "grossProfit": 2339000000,
    "grossProfitRatio": 0.6918071576,
    "researchAndDevelopmentExpenses": 0,
    "generalAndAdministrativeExpenses": 0,
    "sellingAndMarketingExpenses": 0,
    "sellingGeneralAndAdministrativeExpenses": 0,
    "otherExpenses": 1570000000,
    "operatingExpenses": 1570000000,
    "costAndExpenses": 2612000000,
    "interestIncome": 0,
    "interestExpense": 0,
    "depreciationAndAmortization": 353000000,
    "ebitda": 1122000000,
    "ebitdaratio": 0.3318544809,
    "operatingIncome": 769000000,
    "operatingIncomeRatio": 0.2274475007,
    "totalOtherIncomeExpensesNet": -294000000,
    "incomeBeforeTax": 475000000,
    "incomeBeforeTaxRatio": 0.140490979,
    "incomeTaxExpense": 164000000,
    "netIncome": 311000000,
    "netIncomeRatio": 0.0919846199,
    "eps": 0.48,
    "epsdiluted": 0.48,
    "weightedAverageShsOut": 640000000,
    "weightedAverageShsOutDil": 642000000,
    "link": "https://www.sec.gov/Archives/edgar/data/1109357/000095013702001929/0000950137-02-001929-index.htm",
    "finalLink": "https://www.sec.gov/Archives/edgar/data/22606/000095013702001929/c68219e10-k.txt"
  },
  {
    "date": "2001-09-30",
    "symbol": "EXC",
    "reportedCurrency": "USD",
    "cik": "0001109357",
    "fillingDate": "2001-11-14",
    "acceptedDate": "2001-11-14 00:00:00",
    "calendarYear": "2001",
    "period": "Q3",
    "revenue": 4285000000,
    "costOfRevenue": 1731000000,
    "grossProfit": 2554000000,
    "grossProfitRatio": 0.5960326721,
    "researchAndDevelopmentExpenses": 0,
    "generalAndAdministrativeExpenses": 0,
    "sellingAndMarketingExpenses": 0,
    "sellingGeneralAndAdministrativeExpenses": 0,
    "otherExpenses": 1642000000,
    "operatingExpenses": 1642000000,
    "costAndExpenses": 3273000000,
    "interestIncome": 0,
    "interestExpense": 0,
    "depreciationAndAmortization": 542000000,
    "ebitda": 1454000000,
    "ebitdaratio": 0.3393232205,
    "operatingIncome": 912000000,
    "operatingIncomeRatio": 0.2128354726,
    "totalOtherIncomeExpensesNet": -293000000,
    "incomeBeforeTax": 619000000,
    "incomeBeforeTaxRatio": 0.1444574096,
    "incomeTaxExpense": 243000000,
    "netIncome": 403000000,
    "netIncomeRatio": 0.0940490082,
    "eps": 0.59,
    "epsdiluted": 0.58,
    "weightedAverageShsOut": 642000000,
    "weightedAverageShsOutDil": 646000000,
    "link": "https://www.sec.gov/Archives/edgar/data/1109357/000095015901500362/0000950159-01-500362-index.htm",
    "finalLink": "https://www.sec.gov/Archives/edgar/data/22606/000095015901500362/exelon9-01q.txt"
  },
  {
    "date": "2001-06-30",
    "symbol": "EXC",
    "reportedCurrency": "USD",
    "cik": "0001109357",
    "fillingDate": "2001-08-14",
    "acceptedDate": "2001-08-14 00:00:00",
    "calendarYear": "2001",
    "period": "Q2",
    "revenue": 3651000000,
    "costOfRevenue": 1210000000,
    "grossProfit": 2441000000,
    "grossProfitRatio": 0.6685839496,
    "researchAndDevelopmentExpenses": 0,
    "generalAndAdministrativeExpenses": 0,
    "sellingAndMarketingExpenses": 0,
    "sellingGeneralAndAdministrativeExpenses": 0,
    "otherExpenses": 1649000000,
    "operatingExpenses": 1649000000,
    "costAndExpenses": 2824000000,
    "interestIncome": 0,
    "interestExpense": 0,
    "depreciationAndAmortization": 449000000,
    "ebitda": 1241000000,
    "ebitdaratio": 0.3399068748,
    "operatingIncome": 792000000,
    "operatingIncomeRatio": 0.2169268694,
    "totalOtherIncomeExpensesNet": -250000000,
    "incomeBeforeTax": 542000000,
    "incomeBeforeTaxRatio": 0.1484524788,
    "incomeTaxExpense": 227000000,
    "netIncome": 315000000,
    "netIncomeRatio": 0.0862777321,
    "eps": 0.49,
    "epsdiluted": 0.49,
    "weightedAverageShsOut": 642000000,
    "weightedAverageShsOutDil": 648000000,
    "link": "https://www.sec.gov/Archives/edgar/data/1109357/000095015901500230/0000950159-01-500230-index.htm",
    "finalLink": "https://www.sec.gov/Archives/edgar/data/22606/000095015901500230/exelon6-01q.txt"
  },
  {
    "date": "2001-03-31",
    "symbol": "EXC",
    "reportedCurrency": "USD",
    "cik": "0001109357",
    "fillingDate": "2001-05-15",
    "acceptedDate": "2001-05-15 00:00:00",
    "calendarYear": "2001",
    "period": "Q1",
    "revenue": 3823000000,
    "costOfRevenue": 1330000000,
    "grossProfit": 2493000000,
    "grossProfitRatio": 0.6521056762,
    "researchAndDevelopmentExpenses": 0,
    "generalAndAdministrativeExpenses": 0,
    "sellingAndMarketingExpenses": 0,
    "sellingGeneralAndAdministrativeExpenses": 0,
    "otherExpenses": 1604000000,
    "operatingExpenses": 1604000000,
    "costAndExpenses": 2934000000,
    "interestIncome": 0,
    "interestExpense": 0,
    "depreciationAndAmortization": 490000000,
    "ebitda": 1379000000,
    "ebitdaratio": 0.3607114831,
    "operatingIncome": 889000000,
    "operatingIncomeRatio": 0.2325398901,
    "totalOtherIncomeExpensesNet": -230000000,
    "incomeBeforeTax": 659000000,
    "incomeBeforeTaxRatio": 0.1723777138,
    "incomeTaxExpense": 272000000,
    "netIncome": 399000000,
    "netIncomeRatio": 0.1043682971,
    "eps": 0.63,
    "epsdiluted": 0.62,
    "weightedAverageShsOut": 640000000,
    "weightedAverageShsOutDil": 648000000,
    "link": "https://www.sec.gov/Archives/edgar/data/1109357/000095015901500112/0000950159-01-500112-index.htm",
    "finalLink": "https://www.sec.gov/Archives/edgar/data/22606/000095015901500112/exelon10q.txt"
  },
  {
    "date": "2000-12-31",
    "symbol": "EXC",
    "reportedCurrency": "USD",
    "cik": "0001109357",
    "fillingDate": "2001-04-02",
    "acceptedDate": "2001-04-02 00:00:00",
    "calendarYear": "2000",
    "period": "Q4",
    "revenue": 3133000000,
    "costOfRevenue": 1091000000,
    "grossProfit": 2042000000,
    "grossProfitRatio": 0.651771465,
    "researchAndDevelopmentExpenses": 0,
    "generalAndAdministrativeExpenses": 0,
    "sellingAndMarketingExpenses": 0,
    "sellingGeneralAndAdministrativeExpenses": 0,
    "otherExpenses": 1620000000,
    "operatingExpenses": 1620000000,
    "costAndExpenses": 2711000000,
    "interestIncome": 0,
    "interestExpense": 0,
    "depreciationAndAmortization": 283000000,
    "ebitda": 705000000,
    "ebitdaratio": 0.2250239387,
    "operatingIncome": 422000000,
    "operatingIncomeRatio": 0.1346951803,
    "totalOtherIncomeExpensesNet": -358000000,
    "incomeBeforeTax": 64000000,
    "incomeBeforeTaxRatio": 0.0204277051,
    "incomeTaxExpense": 25000000,
    "netIncome": 63000000,
    "netIncomeRatio": 0.0201085222,
    "eps": 0.0984,
    "epsdiluted": 0.0984,
    "weightedAverageShsOut": 640000000,
    "weightedAverageShsOutDil": 640000000,
    "link": "https://www.sec.gov/Archives/edgar/data/1109357/000095015901000191/0000950159-01-000191-index.htm",
    "finalLink": "https://www.sec.gov/Archives/edgar/data/22606/000095015901000191/0000950159-01-000191-0001.txt"
  },
  {
    "date": "2000-09-30",
    "symbol": "EXC",
    "reportedCurrency": "USD",
    "cik": "0001109357",
    "fillingDate": "2000-11-13",
    "acceptedDate": "2000-11-13 00:00:00",
    "calendarYear": "2000",
    "period": "Q3",
    "revenue": 1629000000,
    "costOfRevenue": 576000000,
    "grossProfit": 1053000000,
    "grossProfitRatio": 0.6464088398,
    "researchAndDevelopmentExpenses": 0,
    "generalAndAdministrativeExpenses": 0,
    "sellingAndMarketingExpenses": 0,
    "sellingGeneralAndAdministrativeExpenses": 0,
    "otherExpenses": 607000000,
    "operatingExpenses": 607000000,
    "costAndExpenses": 1183000000,
    "interestIncome": 0,
    "interestExpense": 0,
    "depreciationAndAmortization": 107000000,
    "ebitda": 553000000,
    "ebitdaratio": 0.3394720688,
    "operatingIncome": 446000000,
    "operatingIncomeRatio": 0.2737875998,
    "totalOtherIncomeExpensesNet": -72000000,
    "incomeBeforeTax": 374000000,
    "incomeBeforeTaxRatio": 0.2295887047,
    "incomeTaxExpense": 141000000,
    "netIncome": 237000000,
    "netIncomeRatio": 0.1454880295,
    "eps": 0.69,
    "epsdiluted": 0.68,
    "weightedAverageShsOut": 340000000,
    "weightedAverageShsOutDil": 344000000,
    "link": "https://www.sec.gov/Archives/edgar/data/1109357/000095015900000427/0000950159-00-000427-index.htm",
    "finalLink": "https://www.sec.gov/Archives/edgar/data/1109357/000095015900000427/0000950159-00-000427-0001.txt"
  },
  {
    "date": "2000-06-30",
    "symbol": "EXC",
    "reportedCurrency": "USD",
    "cik": "0001109357",
    "fillingDate": "2000-06-30",
    "acceptedDate": "2000-06-30 00:00:00",
    "calendarYear": "2000",
    "period": "Q2",
    "revenue": 1373000000,
    "costOfRevenue": 469000000,
    "grossProfit": 904000000,
    "grossProfitRatio": 0.658412236,
    "researchAndDevelopmentExpenses": 0,
    "generalAndAdministrativeExpenses": 0,
    "sellingAndMarketingExpenses": 0,
    "sellingGeneralAndAdministrativeExpenses": 0,
    "otherExpenses": 600000000,
    "operatingExpenses": 600000000,
    "costAndExpenses": 1076000000,
    "interestIncome": 0,
    "interestExpense": 0,
    "depreciationAndAmortization": 121000000,
    "ebitda": 430000000,
    "ebitdaratio": 0.3131828114,
    "operatingIncome": 309000000,
    "operatingIncomeRatio": 0.2250546249,
    "totalOtherIncomeExpensesNet": -115000000,
    "incomeBeforeTax": 194000000,
    "incomeBeforeTaxRatio": 0.1412964312,
    "incomeTaxExpense": 75000000,
    "netIncome": 121000000,
    "netIncomeRatio": 0.0881281865,
    "eps": 0.34,
    "epsdiluted": 0.33,
    "weightedAverageShsOut": 348000000,
    "weightedAverageShsOutDil": 350000000,
    "link": null,
    "finalLink": null
  },
  {
    "date": "2000-03-31",
    "symbol": "EXC",
    "reportedCurrency": "USD",
    "cik": "0001109357",
    "fillingDate": "2000-03-31",
    "acceptedDate": "2000-03-31 00:00:00",
    "calendarYear": "2000",
    "period": "Q1",
    "revenue": 1343000000,
    "costOfRevenue": 457000000,
    "grossProfit": 886000000,
    "grossProfitRatio": 0.6597170514,
    "researchAndDevelopmentExpenses": 0,
    "generalAndAdministrativeExpenses": 0,
    "sellingAndMarketingExpenses": 0,
    "sellingGeneralAndAdministrativeExpenses": 0,
    "otherExpenses": 538000000,
    "operatingExpenses": 538000000,
    "costAndExpenses": 1001000000,
    "interestIncome": 0,
    "interestExpense": 0,
    "depreciationAndAmortization": 107000000,
    "ebitda": 459000000,
    "ebitdaratio": 0.3417721519,
    "operatingIncome": 352000000,
    "operatingIncomeRatio": 0.2620997766,
    "totalOtherIncomeExpensesNet": -84000000,
    "incomeBeforeTax": 268000000,
    "incomeBeforeTaxRatio": 0.199553239,
    "incomeTaxExpense": 101000000,
    "netIncome": 165000000,
    "netIncomeRatio": 0.1228592703,
    "eps": 0.53,
    "epsdiluted": 0.52,
    "weightedAverageShsOut": 362000000,
    "weightedAverageShsOutDil": 366000000,
    "link": null,
    "finalLink": null
  },
  {
    "date": "1999-12-31",
    "symbol": "EXC",
    "reportedCurrency": "USD",
    "cik": "0001109357",
    "fillingDate": "1999-12-31",
    "acceptedDate": "1999-12-31 00:00:00",
    "calendarYear": "1999",
    "period": "Q4",
    "revenue": 1254200000,
    "costOfRevenue": 405600000,
    "grossProfit": 848600000,
    "grossProfitRatio": 0.6766066018,
    "researchAndDevelopmentExpenses": 0,
    "generalAndAdministrativeExpenses": 0,
    "sellingAndMarketingExpenses": 0,
    "sellingGeneralAndAdministrativeExpenses": 0,
    "otherExpenses": 551900000,
    "operatingExpenses": 551900000,
    "costAndExpenses": 957500000,
    "interestIncome": 0,
    "interestExpense": 0,
    "depreciationAndAmortization": 0,
    "ebitda": 402700000,
    "ebitdaratio": 0.3210811673,
    "operatingIncome": 296700000,
    "operatingIncomeRatio": 0.2365651411,
    "totalOtherIncomeExpensesNet": -67800000,
    "incomeBeforeTax": 228900000,
    "incomeBeforeTaxRatio": 0.1825067772,
    "incomeTaxExpense": 80300000,
    "netIncome": 138700000,
    "netIncomeRatio": 0.1105884229,
    "eps": 0.37,
    "epsdiluted": 0.37,
    "weightedAverageShsOut": 374308943,
    "weightedAverageShsOutDil": 374308943,
    "link": null,
    "finalLink": null
  },
  {
    "date": "1999-09-30",
    "symbol": "EXC",
    "reportedCurrency": "USD",
    "cik": "0001109357",
    "fillingDate": "1999-09-30",
    "acceptedDate": "1999-09-30 00:00:00",
    "calendarYear": "1999",
    "period": "Q3",
    "revenue": 1731800000,
    "costOfRevenue": 774200000,
    "grossProfit": 957600000,
    "grossProfitRatio": 0.5529506871,
    "researchAndDevelopmentExpenses": 0,
    "generalAndAdministrativeExpenses": 0,
    "sellingAndMarketingExpenses": 0,
    "sellingGeneralAndAdministrativeExpenses": 0,
    "otherExpenses": 472000000,
    "operatingExpenses": 472000000,
    "costAndExpenses": 1258000000,
    "interestIncome": 0,
    "interestExpense": 0,
    "depreciationAndAmortization": 93000000,
    "ebitda": 564000000,
    "ebitdaratio": 0.3256727105,
    "operatingIncome": 471000000,
    "operatingIncomeRatio": 0.2719713593,
    "totalOtherIncomeExpensesNet": -103000000,
    "incomeBeforeTax": 368000000,
    "incomeBeforeTaxRatio": 0.2124956692,
    "incomeTaxExpense": 137000000,
    "netIncome": 233100000,
    "netIncomeRatio": 0.1345998383,
    "eps": 0.61,
    "epsdiluted": 0.61,
    "weightedAverageShsOut": 373770492,
    "weightedAverageShsOutDil": 376859504,
    "link": null,
    "finalLink": null
  },
  {
    "date": "1999-06-30",
    "symbol": "EXC",
    "reportedCurrency": "USD",
    "cik": "0001109357",
    "fillingDate": "1999-06-30",
    "acceptedDate": "1999-06-30 00:00:00",
    "calendarYear": "1999",
    "period": "Q2",
    "revenue": 1194400000,
    "costOfRevenue": 500300000,
    "grossProfit": 694100000,
    "grossProfitRatio": 0.5811286001,
    "researchAndDevelopmentExpenses": 0,
    "generalAndAdministrativeExpenses": 0,
    "sellingAndMarketingExpenses": 0,
    "sellingGeneralAndAdministrativeExpenses": 0,
    "otherExpenses": 445000000,
    "operatingExpenses": 445000000,
    "costAndExpenses": 946000000,
    "interestIncome": 0,
    "interestExpense": 0,
    "depreciationAndAmortization": 72000000,
    "ebitda": 325000000,
    "ebitdaratio": 0.272103148,
    "operatingIncome": 253000000,
    "operatingIncomeRatio": 0.2118218352,
    "totalOtherIncomeExpensesNet": -109000000,
    "incomeBeforeTax": 144000000,
    "incomeBeforeTaxRatio": 0.1205626256,
    "incomeTaxExpense": 47000000,
    "netIncome": 60900000,
    "netIncomeRatio": 0.0509879437,
    "eps": 0.15,
    "epsdiluted": 0.15,
    "weightedAverageShsOut": 440000000,
    "weightedAverageShsOutDil": 440000000,
    "link": null,
    "finalLink": null
  },
  {
    "date": "1999-03-31",
    "symbol": "EXC",
    "reportedCurrency": "USD",
    "cik": "0001109357",
    "fillingDate": "1999-03-31",
    "acceptedDate": "1999-03-31 00:00:00",
    "calendarYear": "1999",
    "period": "Q1",
    "revenue": 1256400000,
    "costOfRevenue": 465100000,
    "grossProfit": 791300000,
    "grossProfitRatio": 0.6298153454,
    "researchAndDevelopmentExpenses": 0,
    "generalAndAdministrativeExpenses": 0,
    "sellingAndMarketingExpenses": 0,
    "sellingGeneralAndAdministrativeExpenses": 0,
    "otherExpenses": 423000000,
    "operatingExpenses": 423000000,
    "costAndExpenses": 876000000,
    "interestIncome": 0,
    "interestExpense": 0,
    "depreciationAndAmortization": 70000000,
    "ebitda": 446000000,
    "ebitdaratio": 0.3549824897,
    "operatingIncome": 376000000,
    "operatingIncomeRatio": 0.2992677491,
    "totalOtherIncomeExpensesNet": -117000000,
    "incomeBeforeTax": 259000000,
    "incomeBeforeTaxRatio": 0.20614454,
    "incomeTaxExpense": 103000000,
    "netIncome": 149700000,
    "netIncomeRatio": 0.1191499522,
    "eps": 0.35,
    "epsdiluted": 0.34,
    "weightedAverageShsOut": 446000000,
    "weightedAverageShsOutDil": 450000000,
    "link": null,
    "finalLink": null
  },
  {
    "date": "1998-12-31",
    "symbol": "EXC",
    "reportedCurrency": "USD",
    "cik": "0001109357",
    "fillingDate": "1998-12-31",
    "acceptedDate": "1998-12-31 00:00:00",
    "calendarYear": "1998",
    "period": "Q4",
    "revenue": 1055900000,
    "costOfRevenue": 305200000,
    "grossProfit": 750700000,
    "grossProfitRatio": 0.710957477,
    "researchAndDevelopmentExpenses": 0,
    "generalAndAdministrativeExpenses": 0,
    "sellingAndMarketingExpenses": 0,
    "sellingGeneralAndAdministrativeExpenses": 0,
    "otherExpenses": 660200000,
    "operatingExpenses": 660200000,
    "costAndExpenses": 965400000,
    "interestIncome": 0,
    "interestExpense": 0,
    "depreciationAndAmortization": 0,
    "ebitda": 322900000,
    "ebitdaratio": 0.305805474,
    "operatingIncome": 90500000,
    "operatingIncomeRatio": 0.0857088739,
    "totalOtherIncomeExpensesNet": -114900000,
    "incomeBeforeTax": -24400000,
    "incomeBeforeTaxRatio": -0.0231082489,
    "incomeTaxExpense": -18000000,
    "netIncome": -26100000,
    "netIncomeRatio": -0.0247182498,
    "eps": -0.0584,
    "epsdiluted": -0.0584,
    "weightedAverageShsOut": 447107438,
    "weightedAverageShsOutDil": 447107438,
    "link": null,
    "finalLink": null
  },
  {
    "date": "1998-09-30",
    "symbol": "EXC",
    "reportedCurrency": "USD",
    "cik": "0001109357",
    "fillingDate": "1998-09-30",
    "acceptedDate": "1998-09-30 00:00:00",
    "calendarYear": "1998",
    "period": "Q3",
    "revenue": 1773900000,
    "costOfRevenue": 726000000,
    "grossProfit": 1047900000,
    "grossProfitRatio": 0.5907322848,
    "researchAndDevelopmentExpenses": 0,
    "generalAndAdministrativeExpenses": 0,
    "sellingAndMarketingExpenses": 0,
    "sellingGeneralAndAdministrativeExpenses": 0,
    "otherExpenses": 503800000,
    "operatingExpenses": 503800000,
    "costAndExpenses": 1236700000,
    "interestIncome": 0,
    "interestExpense": 0,
    "depreciationAndAmortization": 0,
    "ebitda": 720000000,
    "ebitdaratio": 0.4058853374,
    "operatingIncome": 548800000,
    "operatingIncomeRatio": 0.3093748238,
    "totalOtherIncomeExpensesNet": -100500000,
    "incomeBeforeTax": 448300000,
    "incomeBeforeTaxRatio": 0.2527199955,
    "incomeTaxExpense": 174600000,
    "netIncome": 273700000,
    "netIncomeRatio": 0.1542928012,
    "eps": 0.61,
    "epsdiluted": 0.6,
    "weightedAverageShsOut": 447107438,
    "weightedAverageShsOutDil": 450833333,
    "link": null,
    "finalLink": null
  },
  {
    "date": "1998-06-30",
    "symbol": "EXC",
    "reportedCurrency": "USD",
    "cik": "0001109357",
    "fillingDate": "1998-06-30",
    "acceptedDate": "1998-06-30 00:00:00",
    "calendarYear": "1998",
    "period": "Q2",
    "revenue": 1207500000,
    "costOfRevenue": 350900000,
    "grossProfit": 856600000,
    "grossProfitRatio": 0.7093995859,
    "researchAndDevelopmentExpenses": 0,
    "generalAndAdministrativeExpenses": 0,
    "sellingAndMarketingExpenses": 0,
    "sellingGeneralAndAdministrativeExpenses": 0,
    "otherExpenses": 488700000,
    "operatingExpenses": 488700000,
    "costAndExpenses": 848900000,
    "interestIncome": 0,
    "interestExpense": 0,
    "depreciationAndAmortization": 0,
    "ebitda": 538400000,
    "ebitdaratio": 0.4458799172,
    "operatingIncome": 366300000,
    "operatingIncomeRatio": 0.3033540373,
    "totalOtherIncomeExpensesNet": -120400000,
    "incomeBeforeTax": 245900000,
    "incomeBeforeTaxRatio": 0.2036438923,
    "incomeTaxExpense": 94400000,
    "netIncome": 151500000,
    "netIncomeRatio": 0.1254658385,
    "eps": 0.33,
    "epsdiluted": 0.33,
    "weightedAverageShsOut": 449090909,
    "weightedAverageShsOutDil": 449090909,
    "link": null,
    "finalLink": null
  },
  {
    "date": "1998-03-31",
    "symbol": "EXC",
    "reportedCurrency": "USD",
    "cik": "0001109357",
    "fillingDate": "1998-03-31",
    "acceptedDate": "1998-03-31 00:00:00",
    "calendarYear": "1998",
    "period": "Q1",
    "revenue": 1173100000,
    "costOfRevenue": 369700000,
    "grossProfit": 803400000,
    "grossProfitRatio": 0.6848521013,
    "researchAndDevelopmentExpenses": 0,
    "generalAndAdministrativeExpenses": 0,
    "sellingAndMarketingExpenses": 0,
    "sellingGeneralAndAdministrativeExpenses": 0,
    "otherExpenses": 520000000,
    "operatingExpenses": 520000000,
    "costAndExpenses": 903000000,
    "interestIncome": 0,
    "interestExpense": 0,
    "depreciationAndAmortization": 0,
    "ebitda": 453600000,
    "ebitdaratio": 0.3866678033,
    "operatingIncome": 287200000,
    "operatingIncomeRatio": 0.2448214133,
    "totalOtherIncomeExpensesNet": -104900000,
    "incomeBeforeTax": 182300000,
    "incomeBeforeTaxRatio": 0.1554002216,
    "incomeTaxExpense": 68700000,
    "netIncome": 113600000,
    "netIncomeRatio": 0.0968374393,
    "eps": 0.25,
    "epsdiluted": 0.25,
    "weightedAverageShsOut": 441200000,
    "weightedAverageShsOutDil": 441200000,
    "link": null,
    "finalLink": null
  },
  {
    "date": "1997-12-31",
    "symbol": "EXC",
    "reportedCurrency": "USD",
    "cik": "0001109357",
    "fillingDate": "1997-12-31",
    "acceptedDate": "1997-12-31 00:00:00",
    "calendarYear": "1997",
    "period": "Q4",
    "revenue": 1144000000,
    "costOfRevenue": 336000000,
    "grossProfit": 808000000,
    "grossProfitRatio": 0.7062937063,
    "researchAndDevelopmentExpenses": 0,
    "generalAndAdministrativeExpenses": 0,
    "sellingAndMarketingExpenses": 0,
    "sellingGeneralAndAdministrativeExpenses": 0,
    "otherExpenses": 742200000,
    "operatingExpenses": 742200000,
    "costAndExpenses": 1078200000,
    "interestIncome": 0,
    "interestExpense": 0,
    "depreciationAndAmortization": 0,
    "ebitda": 274800000,
    "ebitdaratio": 0.2402097902,
    "operatingIncome": 65800000,
    "operatingIncomeRatio": 0.0575174825,
    "totalOtherIncomeExpensesNet": -149500000,
    "incomeBeforeTax": -83700000,
    "incomeBeforeTaxRatio": -0.0731643357,
    "incomeTaxExpense": -26500000,
    "netIncome": -1890900000,
    "netIncomeRatio": -1.6528846154,
    "eps": -4.25,
    "epsdiluted": -4.25,
    "weightedAverageShsOut": 444927536,
    "weightedAverageShsOutDil": 444927536,
    "link": null,
    "finalLink": null
  },
  {
    "date": "1997-09-30",
    "symbol": "EXC",
    "reportedCurrency": "USD",
    "cik": "0001109357",
    "fillingDate": "1997-09-30",
    "acceptedDate": "1997-09-30 00:00:00",
    "calendarYear": "1997",
    "period": "Q3",
    "revenue": 1278200000,
    "costOfRevenue": 354100000,
    "grossProfit": 924100000,
    "grossProfitRatio": 0.7229698013,
    "researchAndDevelopmentExpenses": 0,
    "generalAndAdministrativeExpenses": 0,
    "sellingAndMarketingExpenses": 0,
    "sellingGeneralAndAdministrativeExpenses": 0,
    "otherExpenses": 536000000,
    "operatingExpenses": 536000000,
    "costAndExpenses": 890100000,
    "interestIncome": 0,
    "interestExpense": 0,
    "depreciationAndAmortization": 0,
    "ebitda": 554800000,
    "ebitdaratio": 0.4340478798,
    "operatingIncome": 388100000,
    "operatingIncomeRatio": 0.3036301048,
    "totalOtherIncomeExpensesNet": -102100000,
    "incomeBeforeTax": 286000000,
    "incomeBeforeTaxRatio": 0.2237521515,
    "incomeTaxExpense": 128000000,
    "netIncome": 158000000,
    "netIncomeRatio": 0.1236113284,
    "eps": 0.35,
    "epsdiluted": 0.35,
    "weightedAverageShsOut": 444927536,
    "weightedAverageShsOutDil": 444927536,
    "link": null,
    "finalLink": null
  },
  {
    "date": "1997-06-30",
    "symbol": "EXC",
    "reportedCurrency": "USD",
    "cik": "0001109357",
    "fillingDate": "1997-06-30",
    "acceptedDate": "1997-06-30 00:00:00",
    "calendarYear": "1997",
    "period": "Q2",
    "revenue": 1032300000,
    "costOfRevenue": 266100000,
    "grossProfit": 766200000,
    "grossProfitRatio": 0.7422260971,
    "researchAndDevelopmentExpenses": 0,
    "generalAndAdministrativeExpenses": 0,
    "sellingAndMarketingExpenses": 0,
    "sellingGeneralAndAdministrativeExpenses": 0,
    "otherExpenses": 446700000,
    "operatingExpenses": 446700000,
    "costAndExpenses": 712800000,
    "interestIncome": 0,
    "interestExpense": 0,
    "depreciationAndAmortization": 0,
    "ebitda": 497300000,
    "ebitdaratio": 0.4817398043,
    "operatingIncome": 319500000,
    "operatingIncomeRatio": 0.3095030514,
    "totalOtherIncomeExpensesNet": -97100000,
    "incomeBeforeTax": 222400000,
    "incomeBeforeTaxRatio": 0.2154412477,
    "incomeTaxExpense": 99600000,
    "netIncome": 122800000,
    "netIncomeRatio": 0.1189576673,
    "eps": 0.27,
    "epsdiluted": 0.27,
    "weightedAverageShsOut": 446415094,
    "weightedAverageShsOutDil": 446415094,
    "link": null,
    "finalLink": null
  },
  {
    "date": "1997-03-31",
    "symbol": "EXC",
    "reportedCurrency": "USD",
    "cik": "0001109357",
    "fillingDate": "1997-03-31",
    "acceptedDate": "1997-03-31 00:00:00",
    "calendarYear": "1997",
    "period": "Q1",
    "revenue": 1163400000,
    "costOfRevenue": 334000000,
    "grossProfit": 829400000,
    "grossProfitRatio": 0.7129104349,
    "researchAndDevelopmentExpenses": 0,
    "generalAndAdministrativeExpenses": 0,
    "sellingAndMarketingExpenses": 0,
    "sellingGeneralAndAdministrativeExpenses": 0,
    "otherExpenses": 527400000,
    "operatingExpenses": 527400000,
    "costAndExpenses": 861400000,
    "interestIncome": 0,
    "interestExpense": 0,
    "depreciationAndAmortization": 0,
    "ebitda": 451900000,
    "ebitdaratio": 0.3884304624,
    "operatingIncome": 302000000,
    "operatingIncomeRatio": 0.259583978,
    "totalOtherIncomeExpensesNet": -97300000,
    "incomeBeforeTax": 204700000,
    "incomeBeforeTaxRatio": 0.1759498023,
    "incomeTaxExpense": 91700000,
    "netIncome": 113000000,
    "netIncomeRatio": 0.0971291043,
    "eps": 0.25,
    "epsdiluted": 0.25,
    "weightedAverageShsOut": 442857143,
    "weightedAverageShsOutDil": 442857143,
    "link": null,
    "finalLink": null
  },
  {
    "date": "1996-12-31",
    "symbol": "EXC",
    "reportedCurrency": "USD",
    "cik": "0001109357",
    "fillingDate": "1996-12-31",
    "acceptedDate": "1996-12-31 00:00:00",
    "calendarYear": "1996",
    "period": "Q4",
    "revenue": 1013500000,
    "costOfRevenue": 235600000,
    "grossProfit": 777900000,
    "grossProfitRatio": 0.7675382338,
    "researchAndDevelopmentExpenses": 0,
    "generalAndAdministrativeExpenses": 0,
    "sellingAndMarketingExpenses": 0,
    "sellingGeneralAndAdministrativeExpenses": 0,
    "otherExpenses": 500400000,
    "operatingExpenses": 500400000,
    "costAndExpenses": 736000000,
    "interestIncome": 0,
    "interestExpense": 0,
    "depreciationAndAmortization": 0,
    "ebitda": 497100000,
    "ebitdaratio": 0.4904785397,
    "operatingIncome": 277500000,
    "operatingIncomeRatio": 0.2738036507,
    "totalOtherIncomeExpensesNet": -90300000,
    "incomeBeforeTax": 187200000,
    "incomeBeforeTaxRatio": 0.1847064628,
    "incomeTaxExpense": 68900000,
    "netIncome": 118300000,
    "netIncomeRatio": 0.116724223,
    "eps": 0.27,
    "epsdiluted": 0.27,
    "weightedAverageShsOut": 445000000,
    "weightedAverageShsOutDil": 445000000,
    "link": null,
    "finalLink": null
  },
  {
    "date": "1996-09-30",
    "symbol": "EXC",
    "reportedCurrency": "USD",
    "cik": "0001109357",
    "fillingDate": "1996-09-30",
    "acceptedDate": "1996-09-30 00:00:00",
    "calendarYear": "1996",
    "period": "Q3",
    "revenue": 1110200000,
    "costOfRevenue": 226000000,
    "grossProfit": 884200000,
    "grossProfitRatio": 0.7964330751,
    "researchAndDevelopmentExpenses": 0,
    "generalAndAdministrativeExpenses": 0,
    "sellingAndMarketingExpenses": 0,
    "sellingGeneralAndAdministrativeExpenses": 0,
    "otherExpenses": 537600000,
    "operatingExpenses": 537600000,
    "costAndExpenses": 763600000,
    "interestIncome": 0,
    "interestExpense": 0,
    "depreciationAndAmortization": 0,
    "ebitda": 460300000,
    "ebitdaratio": 0.4146099802,
    "operatingIncome": 346600000,
    "operatingIncomeRatio": 0.3121960007,
    "totalOtherIncomeExpensesNet": -100600000,
    "incomeBeforeTax": 246000000,
    "incomeBeforeTaxRatio": 0.221581697,
    "incomeTaxExpense": 96200000,
    "netIncome": 149800000,
    "netIncomeRatio": 0.1349306431,
    "eps": 0.33,
    "epsdiluted": 0.33,
    "weightedAverageShsOut": 445000000,
    "weightedAverageShsOutDil": 445000000,
    "link": null,
    "finalLink": null
  },
  {
    "date": "1996-06-30",
    "symbol": "EXC",
    "reportedCurrency": "USD",
    "cik": "0001109357",
    "fillingDate": "1996-06-30",
    "acceptedDate": "1996-06-30 00:00:00",
    "calendarYear": "1996",
    "period": "Q2",
    "revenue": 989400000,
    "costOfRevenue": 211300000,
    "grossProfit": 778100000,
    "grossProfitRatio": 0.786436224,
    "researchAndDevelopmentExpenses": 0,
    "generalAndAdministrativeExpenses": 0,
    "sellingAndMarketingExpenses": 0,
    "sellingGeneralAndAdministrativeExpenses": 0,
    "otherExpenses": 510900000,
    "operatingExpenses": 510900000,
    "costAndExpenses": 722200000,
    "interestIncome": 0,
    "interestExpense": 0,
    "depreciationAndAmortization": 0,
    "ebitda": 403800000,
    "ebitdaratio": 0.4081261371,
    "operatingIncome": 267200000,
    "operatingIncomeRatio": 0.2700626642,
    "totalOtherIncomeExpensesNet": -96700000,
    "incomeBeforeTax": 170500000,
    "incomeBeforeTaxRatio": 0.1723266626,
    "incomeTaxExpense": 71700000,
    "netIncome": 98800000,
    "netIncomeRatio": 0.0998585001,
    "eps": 0.22,
    "epsdiluted": 0.22,
    "weightedAverageShsOut": 438604651,
    "weightedAverageShsOutDil": 438604651,
    "link": null,
    "finalLink": null
  },
  {
    "date": "1996-03-31",
    "symbol": "EXC",
    "reportedCurrency": "USD",
    "cik": "0001109357",
    "fillingDate": "1996-03-31",
    "acceptedDate": "1996-03-31 00:00:00",
    "calendarYear": "1996",
    "period": "Q1",
    "revenue": 1170500000,
    "costOfRevenue": 299500000,
    "grossProfit": 871000000,
    "grossProfitRatio": 0.7441264417,
    "researchAndDevelopmentExpenses": 0,
    "generalAndAdministrativeExpenses": 0,
    "sellingAndMarketingExpenses": 0,
    "sellingGeneralAndAdministrativeExpenses": 0,
    "otherExpenses": 513800000,
    "operatingExpenses": 513800000,
    "costAndExpenses": 813300000,
    "interestIncome": 0,
    "interestExpense": 0,
    "depreciationAndAmortization": 0,
    "ebitda": 490900000,
    "ebitdaratio": 0.4193934216,
    "operatingIncome": 357200000,
    "operatingIncomeRatio": 0.3051687313,
    "totalOtherIncomeExpensesNet": -103600000,
    "incomeBeforeTax": 253600000,
    "incomeBeforeTaxRatio": 0.2166595472,
    "incomeTaxExpense": 103300000,
    "netIncome": 150300000,
    "netIncomeRatio": 0.1284066638,
    "eps": 0.33,
    "epsdiluted": 0.33,
    "weightedAverageShsOut": 448615385,
    "weightedAverageShsOutDil": 448615385,
    "link": null,
    "finalLink": null
  },
  {
    "date": "1995-12-31",
    "symbol": "EXC",
    "reportedCurrency": "USD",
    "cik": "0001109357",
    "fillingDate": "1995-12-31",
    "acceptedDate": "1995-12-31 00:00:00",
    "calendarYear": "1995",
    "period": "Q4",
    "revenue": 1043700000,
    "costOfRevenue": 197900000,
    "grossProfit": 845800000,
    "grossProfitRatio": 0.8103861263,
    "researchAndDevelopmentExpenses": 0,
    "generalAndAdministrativeExpenses": 0,
    "sellingAndMarketingExpenses": 0,
    "sellingGeneralAndAdministrativeExpenses": 0,
    "otherExpenses": 504000000,
    "operatingExpenses": 504000000,
    "costAndExpenses": 701900000,
    "interestIncome": 0,
    "interestExpense": 0,
    "depreciationAndAmortization": 0,
    "ebitda": 483000000,
    "ebitdaratio": 0.46277666,
    "operatingIncome": 341800000,
    "operatingIncomeRatio": 0.327488742,
    "totalOtherIncomeExpensesNet": -102500000,
    "incomeBeforeTax": 239300000,
    "incomeBeforeTaxRatio": 0.2292804446,
    "incomeTaxExpense": 119500000,
    "netIncome": 119800000,
    "netIncomeRatio": 0.1147839417,
    "eps": 0.27,
    "epsdiluted": 0.27,
    "weightedAverageShsOut": 445500000,
    "weightedAverageShsOutDil": 445500000,
    "link": null,
    "finalLink": null
  },
  {
    "date": "1995-09-30",
    "symbol": "EXC",
    "reportedCurrency": "USD",
    "cik": "0001109357",
    "fillingDate": "1995-09-30",
    "acceptedDate": "1995-09-30 00:00:00",
    "calendarYear": "1995",
    "period": "Q3",
    "revenue": 1125200000,
    "costOfRevenue": 198000000,
    "grossProfit": 927200000,
    "grossProfitRatio": 0.8240312833,
    "researchAndDevelopmentExpenses": 0,
    "generalAndAdministrativeExpenses": 0,
    "sellingAndMarketingExpenses": 0,
    "sellingGeneralAndAdministrativeExpenses": 0,
    "otherExpenses": 509600000,
    "operatingExpenses": 509600000,
    "costAndExpenses": 707600000,
    "interestIncome": 0,
    "interestExpense": 0,
    "depreciationAndAmortization": 0,
    "ebitda": 531100000,
    "ebitdaratio": 0.4720049769,
    "operatingIncome": 417600000,
    "operatingIncomeRatio": 0.3711340206,
    "totalOtherIncomeExpensesNet": -107000000,
    "incomeBeforeTax": 310600000,
    "incomeBeforeTaxRatio": 0.2760398151,
    "incomeTaxExpense": 126300000,
    "netIncome": 184300000,
    "netIncomeRatio": 0.1637931034,
    "eps": 0.4,
    "epsdiluted": 0.4,
    "weightedAverageShsOut": 445500000,
    "weightedAverageShsOutDil": 445500000,
    "link": null,
    "finalLink": null
  }
]