[
  {
    "date": "2024-12-31",
    "symbol": "EXC",
    "reportedCurrency": "USD",
    "cik": "0001109357",
    "fillingDate": "2025-02-12",
    "acceptedDate": "2025-02-12 14:17:01",
    "calendarYear": "2024",
    "period": "FY",
    "revenue": 23028000000,
    "costOfRevenue": 13623000000,
    "grossProfit": 9405000000,
    "grossProfitRatio": 0.4084158416,
    "researchAndDevelopmentExpenses": 0,
    "generalAndAdministrativeExpenses": 0,
    "sellingAndMarketingExpenses": 0,
    "sellingGeneralAndAdministrativeExpenses": 0,
    "otherExpenses": 5086000000,
    "operatingExpenses": 5086000000,
    "costAndExpenses": 18709000000,
    "interestIncome": 0,
    "interestExpense": 1914000000,
    "depreciationAndAmortization": 3594000000,
    "ebitda": 8175000000,
    "ebitdaratio": 0.3550026055,
    "operatingIncome": 4319000000,
    "operatingIncomeRatio": 0.1875542817,
    "totalOtherIncomeExpensesNet": -1652000000,
    "incomeBeforeTax": 2667000000,
    "incomeBeforeTaxRatio": 0.1158155289,
    "incomeTaxExpense": 207000000,
    "netIncome": 2460000000,
    "netIncomeRatio": 0.1068264721,
    "eps": 2.45,
    "epsdiluted": 2.45,
    "weightedAverageShsOut": 1003000000,
    "weightedAverageShsOutDil": 1003000000,
    "link": "https://www.sec.gov/Archives/edgar/data/1109357/000110935725000043/0001109357-25-000043-index.htm",
    "finalLink": "https://www.sec.gov/Archives/edgar/data/1109357/000110935725000043/exc-20241231.htm"
  },
  {
    "date": "2023-12-31",
    "symbol": "EXC",
    "reportedCurrency": "USD",
    "cik": "0001109357",
    "fillingDate": "2024-02-21",
    "acceptedDate": "2024-02-21 15:46:13",
    "calendarYear": "2023",
    "period": "FY",
    "revenue": 21727000000,
    "costOfRevenue": 12800000000,
    "grossProfit": 8927000000,
    "grossProfitRatio": 0.4108712662,
    "researchAndDevelopmentExpenses": 0,
    "generalAndAdministrativeExpenses": 0,
    "sellingAndMarketingExpenses": 0,
    "sellingGeneralAndAdministrativeExpenses": 0,
    "otherExpenses": 4904000000,
    "operatingExpenses": 4904000000,
    "costAndExpenses": 17704000000,
    "interestIncome": 0,
    "interestExpense": 1729000000,
    "depreciationAndAmortization": 3506000000,
    "ebitda": 7937000000,
    "ebitdaratio": 0.3653058407,
    "operatingIncome": 4023000000,
    "operatingIncomeRatio": 0.18516132,
    "totalOtherIncomeExpensesNet": -1321000000,
    "incomeBeforeTax": 2702000000,
    "incomeBeforeTaxRatio": 0.1243613937,
    "incomeTaxExpense": 374000000,
    "netIncome": 2328000000,
    "netIncomeRatio": 0.1071477885,
    "eps": 2.34,
    "epsdiluted": 2.34,
    "weightedAverageShsOut": 996000000,
    "weightedAverageShsOutDil": 997000000,
    "link": "https://www.sec.gov/Archives/edgar/data/1109357/000110935724000053/0001109357-24-000053-index.htm",
    "finalLink": "https://www.sec.gov/Archives/edgar/data/8192/000110935724000053/exc-20231231.htm"
  },
  {
    "date": "2022-12-31",
    "symbol": "EXC",
    "reportedCurrency": "USD",
    "cik": "0001109357",
    "fillingDate": "2023-02-14",
    "acceptedDate": "2023-02-14 17:09:56",
    "calendarYear": "2022",
    "period": "FY",
    "revenue": 19078000000,
    "costOfRevenue": 11046000000,
    "grossProfit": 8032000000,
    "grossProfitRatio": 0.4210084915,
    "researchAndDevelopmentExpenses": 0,
    "generalAndAdministrativeExpenses": 0,
    "sellingAndMarketingExpenses": 0,
    "sellingGeneralAndAdministrativeExpenses": 0,
    "otherExpenses": 4717000000,
    "operatingExpenses": 4717000000,
    "costAndExpenses": 15763000000,
    "interestIncome": 0,
    "interestExpense": 1447000000,
    "depreciationAndAmortization": 3325000000,
    "ebitda": 7175000000,
    "ebitdaratio": 0.3760876402,
    "operatingIncome": 3315000000,
    "operatingIncomeRatio": 0.1737603522,
    "totalOtherIncomeExpensesNet": -912000000,
    "incomeBeforeTax": 2403000000,
    "incomeBeforeTaxRatio": 0.1259565992,
    "incomeTaxExpense": 349000000,
    "netIncome": 2170000000,
    "netIncomeRatio": 0.113743579,
    "eps": 2.2,
    "epsdiluted": 2.08,
    "weightedAverageShsOut": 986000000,
    "weightedAverageShsOutDil": 987000000,
    "link": "https://www.sec.gov/Archives/edgar/data/1109357/000110935723000018/0001109357-23-000018-index.htm",
    "finalLink": "https://www.sec.gov/Archives/edgar/data/8192/000110935723000018/exc-20221231.htm"
  },
  {
    "date": "2021-12-31",
    "symbol": "EXC",
    "reportedCurrency": "USD",
    "cik": "0001109357",
    "fillingDate": "2022-02-25",
    "acceptedDate": "2022-02-25 15:02:27",
    "calendarYear": "2021",
    "period": "FY",
    "revenue": 17938000000,
    "costOfRevenue": 10932000000,
    "grossProfit": 7006000000,
    "grossProfitRatio": 0.3905675103,
    "researchAndDevelopmentExpenses": 0,
    "generalAndAdministrativeExpenses": 0,
    "sellingAndMarketingExpenses": 0,
    "sellingGeneralAndAdministrativeExpenses": 0,
    "otherExpenses": 4324000000,
    "operatingExpenses": 4324000000,
    "costAndExpenses": 15256000000,
    "interestIncome": 0,
    "interestExpense": 1289000000,
    "depreciationAndAmortization": 6434000000,
    "ebitda": 9377000000,
    "ebitdaratio": 0.5227450106,
    "operatingIncome": 2682000000,
    "operatingIncomeRatio": 0.1495149961,
    "totalOtherIncomeExpensesNet": -1028000000,
    "incomeBeforeTax": 1654000000,
    "incomeBeforeTaxRatio": 0.092206489,
    "incomeTaxExpense": 38000000,
    "netIncome": 1706000000,
    "netIncomeRatio": 0.0951053629,
    "eps": 1.74,
    "epsdiluted": 1.74,
    "weightedAverageShsOut": 979000000,
    "weightedAverageShsOutDil": 980000000,
    "link": "https://www.sec.gov/Archives/edgar/data/1109357/000110935722000039/0001109357-22-000039-index.htm",
    "finalLink": "https://www.sec.gov/Archives/edgar/data/8192/000110935722000039/exc-20211231.htm"
  },
  {
    "date": "2020-12-31",
    "symbol": "EXC",
    "reportedCurrency": "USD",
    "cik": "0001109357",
    "fillingDate": "2021-02-24",
    "acceptedDate": "2021-02-24 15:10:10",
    "calendarYear": "2020",
    "period": "FY",
    "revenue": 33039000000,
    "costOfRevenue": 23512000000,
    "grossProfit": 9527000000,
    "grossProfitRatio": 0.2883561851,
    "researchAndDevelopmentExpenses": 0,
    "generalAndAdministrativeExpenses": 0,
    "sellingAndMarketingExpenses": 0,
    "sellingGeneralAndAdministrativeExpenses": 0,
    "otherExpenses": 6704000000,
    "operatingExpenses": 6704000000,
    "costAndExpenses": 30216000000,
    "interestIncome": 0,
    "interestExpense": 1635000000,
    "depreciationAndAmortization": 6527000000,
    "ebitda": 10495000000,
    "ebitdaratio": 0.3176548927,
    "operatingIncome": 2823000000,
    "operatingIncomeRatio": 0.0854444747,
    "totalOtherIncomeExpensesNet": -490000000,
    "incomeBeforeTax": 2333000000,
    "incomeBeforeTaxRatio": 0.0706135174,
    "incomeTaxExpense": 379000000,
    "netIncome": 1963000000,
    "netIncomeRatio": 0.0594146312,
    "eps": 2.01,
    "epsdiluted": 2.01,
    "weightedAverageShsOut": 976000000,
    "weightedAverageShsOutDil": 977000000,
    "link": "https://www.sec.gov/Archives/edgar/data/1109357/000110935721000022/0001109357-21-000022-index.htm",
    "finalLink": "https://www.sec.gov/Archives/edgar/data/8192/000110935721000022/exc-20201231.htm"
  },
  {
    "date": "2019-12-31",
    "symbol": "EXC",
    "reportedCurrency": "USD",
    "cik": "0001109357",
    "fillingDate": "2020-02-11",
    "acceptedDate": "2020-02-11 16:02:37",
    "calendarYear": "2019",
    "period": "FY",
    "revenue": 34438000000,
    "costOfRevenue": 24112000000,
    "grossProfit": 10326000000,
    "grossProfitRatio": 0.2998431965,
    "researchAndDevelopmentExpenses": 0,
    "generalAndAdministrativeExpenses": 0,
    "sellingAndMarketingExpenses": 0,
    "sellingGeneralAndAdministrativeExpenses": 0,
    "otherExpenses": 5952000000,
    "operatingExpenses": 5952000000,
    "costAndExpenses": 30064000000,
    "interestIncome": 0,
    "interestExpense": 1616000000,
    "depreciationAndAmortization": 5780000000,
    "ebitda": 11381000000,
    "ebitdaratio": 0.3304779604,
    "operatingIncome": 4374000000,
    "operatingIncomeRatio": 0.1270108601,
    "totalOtherIncomeExpensesNet": -389000000,
    "incomeBeforeTax": 3985000000,
    "incomeBeforeTaxRatio": 0.1157151983,
    "incomeTaxExpense": 774000000,
    "netIncome": 2936000000,
    "netIncomeRatio": 0.0852546605,
    "eps": 3.02,
    "epsdiluted": 3.01,
    "weightedAverageShsOut": 973000000,
    "weightedAverageShsOutDil": 974000000,
    "link": "https://www.sec.gov/Archives/edgar/data/1109357/000110935720000053/0001109357-20-000053-index.htm",
    "finalLink": "https://www.sec.gov/Archives/edgar/data/8192/000110935720000053/exc-20191231x10k.htm"
  },
  {
    "date": "2018-12-31",
    "symbol": "EXC",
    "reportedCurrency": "USD",
    "cik": "0001109357",
    "fillingDate": "2019-02-08",
    "acceptedDate": "2019-02-08 15:11:50",
    "calendarYear": "2018",
    "period": "FY",
    "revenue": 35985000000,
    "costOfRevenue": 26007000000,
    "grossProfit": 9978000000,
    "grossProfitRatio": 0.2772822009,
    "researchAndDevelopmentExpenses": 0,
    "generalAndAdministrativeExpenses": 0,
    "sellingAndMarketingExpenses": 0,
    "sellingGeneralAndAdministrativeExpenses": 0,
    "otherExpenses": 6080000000,
    "operatingExpenses": 6080000000,
    "costAndExpenses": 32087000000,
    "interestIncome": 0,
    "interestExpense": 1554000000,
    "depreciationAndAmortization": 5971000000,
    "ebitda": 9750000000,
    "ebitdaratio": 0.2709462276,
    "operatingIncome": 3891000000,
    "operatingIncomeRatio": 0.1081283868,
    "totalOtherIncomeExpensesNet": -1666000000,
    "incomeBeforeTax": 2225000000,
    "incomeBeforeTaxRatio": 0.0618313186,
    "incomeTaxExpense": 118000000,
    "netIncome": 2010000000,
    "netIncomeRatio": 0.0558566069,
    "eps": 2.08,
    "epsdiluted": 2.07,
    "weightedAverageShsOut": 967000000,
    "weightedAverageShsOutDil": 969000000,
    "link": "https://www.sec.gov/Archives/edgar/data/1109357/000162828019001107/0001628280-19-001107-index.htm",
    "finalLink": "https://www.sec.gov/Archives/edgar/data/8192/000162828019001107/exc-20181231x10k.htm"
  },
  {
    "date": "2017-12-31",
    "symbol": "EXC",
    "reportedCurrency": "USD",
    "cik": "0001109357",
    "fillingDate": "2018-02-09",
    "acceptedDate": "2018-02-09 08:40:06",
    "calendarYear": "2017",
    "period": "FY",
    "revenue": 33531000000,
    "costOfRevenue": 24161000000,
    "grossProfit": 9370000000,
    "grossProfitRatio": 0.2794429036,
    "researchAndDevelopmentExpenses": 0,
    "generalAndAdministrativeExpenses": 0,
    "sellingAndMarketingExpenses": 0,
    "sellingGeneralAndAdministrativeExpenses": 0,
    "otherExpenses": 5110000000,
    "operatingExpenses": 5110000000,
    "costAndExpenses": 29170000000,
    "interestIncome": 0,
    "interestExpense": 1560000000,
    "depreciationAndAmortization": 5427000000,
    "ebitda": 10762000000,
    "ebitdaratio": 0.3209567266,
    "operatingIncome": 4388000000,
    "operatingIncomeRatio": 0.1308639766,
    "totalOtherIncomeExpensesNet": -613000000,
    "incomeBeforeTax": 3775000000,
    "incomeBeforeTaxRatio": 0.1125823864,
    "incomeTaxExpense": -126000000,
    "netIncome": 3770000000,
    "netIncomeRatio": 0.1124332707,
    "eps": 3.98,
    "epsdiluted": 3.97,
    "weightedAverageShsOut": 947000000,
    "weightedAverageShsOutDil": 949000000,
    "link": "https://www.sec.gov/Archives/edgar/data/1109357/000162828018001324/0001628280-18-001324-index.htm",
    "finalLink": "https://www.sec.gov/Archives/edgar/data/8192/000162828018001324/exc-20171231x10k.htm"
  },
  {
    "date": "2016-12-31",
    "symbol": "EXC",
    "reportedCurrency": "USD",
    "cik": "0001109357",
    "fillingDate": "2017-02-13",
    "acceptedDate": "2017-02-13 10:58:30",
    "calendarYear": "2016",
    "period": "FY",
    "revenue": 31360000000,
    "costOfRevenue": 22688000000,
    "grossProfit": 8672000000,
    "grossProfitRatio": 0.2765306122,
    "researchAndDevelopmentExpenses": 0,
    "generalAndAdministrativeExpenses": 0,
    "sellingAndMarketingExpenses": 0,
    "sellingGeneralAndAdministrativeExpenses": 0,
    "otherExpenses": 5560000000,
    "operatingExpenses": 5560000000,
    "costAndExpenses": 28154000000,
    "interestIncome": 0,
    "interestExpense": 1536000000,
    "depreciationAndAmortization": 5576000000,
    "ebitda": 9085000000,
    "ebitdaratio": 0.2897002551,
    "operatingIncome": 3212000000,
    "operatingIncomeRatio": 0.1024234694,
    "totalOtherIncomeExpensesNet": -1239000000,
    "incomeBeforeTax": 1973000000,
    "incomeBeforeTaxRatio": 0.0629145408,
    "incomeTaxExpense": 753000000,
    "netIncome": 1134000000,
    "netIncomeRatio": 0.0361607143,
    "eps": 1.23,
    "epsdiluted": 1.22,
    "weightedAverageShsOut": 924000000,
    "weightedAverageShsOutDil": 927000000,
    "link": "https://www.sec.gov/Archives/edgar/data/1109357/000119312517039639/0001193125-17-039639-index.htm",
    "finalLink": "https://www.sec.gov/Archives/edgar/data/8192/000119312517039639/d339405d10k.htm"
  },
  {
    "date": "2015-12-31",
    "symbol": "EXC",
    "reportedCurrency": "USD",
    "cik": "0001109357",
    "fillingDate": "2016-02-10",
    "acceptedDate": "2016-02-10 16:36:37",
    "calendarYear": "2015",
    "period": "FY",
    "revenue": 29447000000,
    "costOfRevenue": 21406000000,
    "grossProfit": 8041000000,
    "grossProfitRatio": 0.2730668659,
    "researchAndDevelopmentExpenses": 0,
    "generalAndAdministrativeExpenses": 0,
    "sellingAndMarketingExpenses": 0,
    "sellingGeneralAndAdministrativeExpenses": 0,
    "otherExpenses": 3632000000,
    "operatingExpenses": 3632000000,
    "costAndExpenses": 25038000000,
    "interestIncome": 0,
    "interestExpense": 1033000000,
    "depreciationAndAmortization": 3987000000,
    "ebitda": 8350000000,
    "ebitdaratio": 0.2835602948,
    "operatingIncome": 4409000000,
    "operatingIncomeRatio": 0.1497266275,
    "totalOtherIncomeExpensesNet": -1079000000,
    "incomeBeforeTax": 3330000000,
    "incomeBeforeTaxRatio": 0.1130845247,
    "incomeTaxExpense": 1073000000,
    "netIncome": 2269000000,
    "netIncomeRatio": 0.0770536897,
    "eps": 2.55,
    "epsdiluted": 2.54,
    "weightedAverageShsOut": 890000000,
    "weightedAverageShsOutDil": 893000000,
    "link": "https://www.sec.gov/Archives/edgar/data/1109357/000119312516457652/0001193125-16-457652-index.htm",
    "finalLink": "https://www.sec.gov/Archives/edgar/data/9466/000119312516457652/d129102d10k.htm"
  },
  {
    "date": "2014-12-31",
    "symbol": "EXC",
    "reportedCurrency": "USD",
    "cik": "0001109357",
    "fillingDate": "2015-02-13",
    "acceptedDate": "2015-02-13 16:15:37",
    "calendarYear": "2014",
    "period": "FY",
    "revenue": 27429000000,
    "costOfRevenue": 21571000000,
    "grossProfit": 5858000000,
    "grossProfitRatio": 0.2135695796,
    "researchAndDevelopmentExpenses": 0,
    "generalAndAdministrativeExpenses": 0,
    "sellingAndMarketingExpenses": 0,
    "sellingGeneralAndAdministrativeExpenses": 0,
    "otherExpenses": 2762000000,
    "operatingExpenses": 2762000000,
    "costAndExpenses": 24333000000,
    "interestIncome": 0,
    "interestExpense": 1065000000,
    "depreciationAndAmortization": 3868000000,
    "ebitda": 7419000000,
    "ebitdaratio": 0.2704801487,
    "operatingIncome": 3096000000,
    "operatingIncomeRatio": 0.1128732364,
    "totalOtherIncomeExpensesNet": -610000000,
    "incomeBeforeTax": 2486000000,
    "incomeBeforeTaxRatio": 0.0906340005,
    "incomeTaxExpense": 666000000,
    "netIncome": 1623000000,
    "netIncomeRatio": 0.0591709505,
    "eps": 1.89,
    "epsdiluted": 1.88,
    "weightedAverageShsOut": 860000000,
    "weightedAverageShsOutDil": 864000000,
    "link": "https://www.sec.gov/Archives/edgar/data/1109357/000119312515049964/0001193125-15-049964-index.htm",
    "finalLink": "https://www.sec.gov/Archives/edgar/data/9466/000119312515049964/d858551d10k.htm"
  },
  {
    "date": "2013-12-31",
    "symbol": "EXC",
    "reportedCurrency": "USD",
    "cik": "0001109357",
    "fillingDate": "2014-02-14",
    "acceptedDate": "2014-02-13 19:23:41",
    "calendarYear": "2013",
    "period": "FY",
    "revenue": 24901000000,
    "costOfRevenue": 18007000000,
    "grossProfit": 6894000000,
    "grossProfitRatio": 0.2768563512,
    "researchAndDevelopmentExpenses": 0,
    "generalAndAdministrativeExpenses": 0,
    "sellingAndMarketingExpenses": 0,
    "sellingGeneralAndAdministrativeExpenses": 0,
    "otherExpenses": 3225000000,
    "operatingExpenses": 3225000000,
    "costAndExpenses": 21219000000,
    "interestIncome": 0,
    "interestExpense": 1356000000,
    "depreciationAndAmortization": 3779000000,
    "ebitda": 7908000000,
    "ebitdaratio": 0.3175776073,
    "operatingIncome": 3669000000,
    "operatingIncomeRatio": 0.1473434802,
    "totalOtherIncomeExpensesNet": -896000000,
    "incomeBeforeTax": 2773000000,
    "incomeBeforeTaxRatio": 0.1113609895,
    "incomeTaxExpense": 1044000000,
    "netIncome": 1719000000,
    "netIncomeRatio": 0.0690333722,
    "eps": 2.01,
    "epsdiluted": 2,
    "weightedAverageShsOut": 856000000,
    "weightedAverageShsOutDil": 860000000,
    "link": "https://www.sec.gov/Archives/edgar/data/1109357/000119312514051838/0001193125-14-051838-index.htm",
    "finalLink": "https://www.sec.gov/Archives/edgar/data/9466/000119312514051838/d666092d10k.htm"
  },
  {
    "date": "2012-12-31",
    "symbol": "EXC",
    "reportedCurrency": "USD",
    "cik": "0001109357",
    "fillingDate": "2013-02-22",
    "acceptedDate": "2013-02-21 18:53:50",
    "calendarYear": "2012",
    "period": "FY",
    "revenue": 23489000000,
    "costOfRevenue": 18118000000,
    "grossProfit": 5371000000,
    "grossProfitRatio": 0.2286602239,
    "researchAndDevelopmentExpenses": 0,
    "generalAndAdministrativeExpenses": 0,
    "sellingAndMarketingExpenses": 0,
    "sellingGeneralAndAdministrativeExpenses": 0,
    "otherExpenses": 2998000000,
    "operatingExpenses": 2998000000,
    "costAndExpenses": 21116000000,
    "interestIncome": 0,
    "interestExpense": 928000000,
    "depreciationAndAmortization": 4079000000,
    "ebitda": 6805000000,
    "ebitdaratio": 0.2897100771,
    "operatingIncome": 2373000000,
    "operatingIncomeRatio": 0.1010260122,
    "totalOtherIncomeExpensesNet": -575000000,
    "incomeBeforeTax": 1798000000,
    "incomeBeforeTaxRatio": 0.0765464686,
    "incomeTaxExpense": 627000000,
    "netIncome": 1160000000,
    "netIncomeRatio": 0.0493848184,
    "eps": 1.42,
    "epsdiluted": 1.42,
    "weightedAverageShsOut": 816000000,
    "weightedAverageShsOutDil": 819000000,
    "link": "https://www.sec.gov/Archives/edgar/data/1109357/000119312513069749/0001193125-13-069749-index.htm",
    "finalLink": "https://www.sec.gov/Archives/edgar/data/9466/000119312513069749/d474199d10k.htm"
  },
  {
    "date": "2011-12-31",
    "symbol": "EXC",
    "reportedCurrency": "USD",
    "cik": "0001109357",
    "fillingDate": "2012-02-09",
    "acceptedDate": "2012-02-09 15:21:51",
    "calendarYear": "2011",
    "period": "FY",
    "revenue": 19184000000,
    "costOfRevenue": 7388000000,
    "grossProfit": 11796000000,
    "grossProfitRatio": 0.6148874062,
    "researchAndDevelopmentExpenses": 0,
    "generalAndAdministrativeExpenses": 0,
    "sellingAndMarketingExpenses": 0,
    "sellingGeneralAndAdministrativeExpenses": 0,
    "otherExpenses": 2133000000,
    "operatingExpenses": 2133000000,
    "costAndExpenses": 14584000000,
    "interestIncome": 0,
    "interestExpense": 726000000,
    "depreciationAndAmortization": 2316000000,
    "ebitda": 6998000000,
    "ebitdaratio": 0.3647831526,
    "operatingIncome": 4479000000,
    "operatingIncomeRatio": 0.2334758132,
    "totalOtherIncomeExpensesNet": -523000000,
    "incomeBeforeTax": 3956000000,
    "incomeBeforeTaxRatio": 0.2062135113,
    "incomeTaxExpense": 1457000000,
    "netIncome": 2495000000,
    "netIncomeRatio": 0.1300562969,
    "eps": 3.76,
    "epsdiluted": 3.75,
    "weightedAverageShsOut": 663000000,
    "weightedAverageShsOutDil": 665000000,
    "link": "https://www.sec.gov/Archives/edgar/data/1109357/000119312512049043/0001193125-12-049043-index.htm",
    "finalLink": "https://www.sec.gov/Archives/edgar/data/22606/000119312512049043/d283520d10k.htm"
  },
  {
    "date": "2010-12-31",
    "symbol": "EXC",
    "reportedCurrency": "USD",
    "cik": "0001109357",
    "fillingDate": "2011-02-10",
    "acceptedDate": "2011-02-10 15:36:39",
    "calendarYear": "2010",
    "period": "FY",
    "revenue": 18644000000,
    "costOfRevenue": 6435000000,
    "grossProfit": 12209000000,
    "grossProfitRatio": 0.6548487449,
    "researchAndDevelopmentExpenses": 0,
    "generalAndAdministrativeExpenses": 0,
    "sellingAndMarketingExpenses": 0,
    "sellingGeneralAndAdministrativeExpenses": 0,
    "otherExpenses": 2883000000,
    "operatingExpenses": 2883000000,
    "costAndExpenses": 13918000000,
    "interestIncome": 0,
    "interestExpense": 817000000,
    "depreciationAndAmortization": 2943000000,
    "ebitda": 7981000000,
    "ebitdaratio": 0.4280733748,
    "operatingIncome": 4726000000,
    "operatingIncomeRatio": 0.2534863763,
    "totalOtherIncomeExpensesNet": -505000000,
    "incomeBeforeTax": 4221000000,
    "incomeBeforeTaxRatio": 0.2263999142,
    "incomeTaxExpense": 1658000000,
    "netIncome": 2563000000,
    "netIncomeRatio": 0.1374704999,
    "eps": 3.88,
    "epsdiluted": 3.87,
    "weightedAverageShsOut": 661000000,
    "weightedAverageShsOutDil": 663000000,
    "link": "https://www.sec.gov/Archives/edgar/data/1109357/000119312511030543/0001193125-11-030543-index.htm",
    "finalLink": "https://www.sec.gov/Archives/edgar/data/22606/000119312511030543/d10k.htm"
  },
  {
    "date": "2009-12-31",
    "symbol": "EXC",
    "reportedCurrency": "USD",
    "cik": "0001109357",
    "fillingDate": "2010-02-05",
    "acceptedDate": "2010-02-05 15:16:34",
    "calendarYear": "2009",
    "period": "FY",
    "revenue": 17318000000,
    "costOfRevenue": 5281000000,
    "grossProfit": 12037000000,
    "grossProfitRatio": 0.695057166,
    "researchAndDevelopmentExpenses": 0,
    "generalAndAdministrativeExpenses": 0,
    "sellingAndMarketingExpenses": 0,
    "sellingGeneralAndAdministrativeExpenses": 0,
    "otherExpenses": 7287000000,
    "operatingExpenses": 7287000000,
    "costAndExpenses": 12568000000,
    "interestIncome": 0,
    "interestExpense": 731000000,
    "depreciationAndAmortization": 2601000000,
    "ebitda": 7751000000,
    "ebitdaratio": 0.4475690033,
    "operatingIncome": 4750000000,
    "operatingIncomeRatio": 0.2742810948,
    "totalOtherIncomeExpensesNet": -331000000,
    "incomeBeforeTax": 4419000000,
    "incomeBeforeTaxRatio": 0.2551680333,
    "incomeTaxExpense": 1712000000,
    "netIncome": 2707000000,
    "netIncomeRatio": 0.1563113524,
    "eps": 4.1,
    "epsdiluted": 4.09,
    "weightedAverageShsOut": 659000000,
    "weightedAverageShsOutDil": 662000000,
    "link": "https://www.sec.gov/Archives/edgar/data/1109357/000119312510023280/0001193125-10-023280-index.htm",
    "finalLink": "https://www.sec.gov/Archives/edgar/data/22606/000119312510023280/d10k.htm"
  },
  {
    "date": "2008-12-31",
    "symbol": "EXC",
    "reportedCurrency": "USD",
    "cik": "0001109357",
    "fillingDate": "2009-02-06",
    "acceptedDate": "2009-02-06 16:12:02",
    "calendarYear": "2008",
    "period": "FY",
    "revenue": 18859000000,
    "costOfRevenue": 6582000000,
    "grossProfit": 12277000000,
    "grossProfitRatio": 0.6509889178,
    "researchAndDevelopmentExpenses": 0,
    "generalAndAdministrativeExpenses": 0,
    "sellingAndMarketingExpenses": 0,
    "sellingGeneralAndAdministrativeExpenses": 0,
    "otherExpenses": 6978000000,
    "operatingExpenses": 6978000000,
    "costAndExpenses": 13560000000,
    "interestIncome": 0,
    "interestExpense": 832000000,
    "depreciationAndAmortization": 2308000000,
    "ebitda": 7174000000,
    "ebitdaratio": 0.3804019301,
    "operatingIncome": 5299000000,
    "operatingIncomeRatio": 0.2809799035,
    "totalOtherIncomeExpensesNet": -1265000000,
    "incomeBeforeTax": 4034000000,
    "incomeBeforeTaxRatio": 0.2139031762,
    "incomeTaxExpense": 1317000000,
    "netIncome": 2737000000,
    "netIncomeRatio": 0.1451296463,
    "eps": 4.16,
    "epsdiluted": 4.13,
    "weightedAverageShsOut": 658000000,
    "weightedAverageShsOutDil": 662000000,
    "link": "https://www.sec.gov/Archives/edgar/data/1109357/000119312509021261/0001193125-09-021261-index.htm",
    "finalLink": "https://www.sec.gov/Archives/edgar/data/22606/000119312509021261/d10k.htm"
  },
  {
    "date": "2007-12-31",
    "symbol": "EXC",
    "reportedCurrency": "USD",
    "cik": "0001109357",
    "fillingDate": "2008-02-07",
    "acceptedDate": "2008-02-07 06:27:55",
    "calendarYear": "2007",
    "period": "FY",
    "revenue": 18916000000,
    "costOfRevenue": 7642000000,
    "grossProfit": 11274000000,
    "grossProfitRatio": 0.5960033834,
    "researchAndDevelopmentExpenses": 0,
    "generalAndAdministrativeExpenses": 0,
    "sellingAndMarketingExpenses": 0,
    "sellingGeneralAndAdministrativeExpenses": 0,
    "otherExpenses": 6606000000,
    "operatingExpenses": 6606000000,
    "costAndExpenses": 14248000000,
    "interestIncome": 0,
    "interestExpense": 850000000,
    "depreciationAndAmortization": 2183000000,
    "ebitda": 7205000000,
    "ebitdaratio": 0.3808944809,
    "operatingIncome": 4668000000,
    "operatingIncomeRatio": 0.2467752167,
    "totalOtherIncomeExpensesNet": -496000000,
    "incomeBeforeTax": 4172000000,
    "incomeBeforeTaxRatio": 0.2205540283,
    "incomeTaxExpense": 1446000000,
    "netIncome": 2736000000,
    "netIncomeRatio": 0.1446394587,
    "eps": 4.08,
    "epsdiluted": 4.05,
    "weightedAverageShsOut": 670000000,
    "weightedAverageShsOutDil": 676000000,
    "link": "https://www.sec.gov/Archives/edgar/data/1109357/000119312508022265/0001193125-08-022265-index.htm",
    "finalLink": "https://www.sec.gov/Archives/edgar/data/22606/000119312508022265/d10k.htm"
  },
  {
    "date": "2006-12-31",
    "symbol": "EXC",
    "reportedCurrency": "USD",
    "cik": "0001109357",
    "fillingDate": "2007-02-13",
    "acceptedDate": "2007-02-13 16:57:54",
    "calendarYear": "2006",
    "period": "FY",
    "revenue": 15655000000,
    "costOfRevenue": 5232000000,
    "grossProfit": 10423000000,
    "grossProfitRatio": 0.6657936761,
    "researchAndDevelopmentExpenses": 0,
    "generalAndAdministrativeExpenses": 0,
    "sellingAndMarketingExpenses": 0,
    "sellingGeneralAndAdministrativeExpenses": 0,
    "otherExpenses": 6817000000,
    "operatingExpenses": 6817000000,
    "costAndExpenses": 12049000000,
    "interestIncome": 0,
    "interestExpense": 0,
    "depreciationAndAmortization": 2132000000,
    "ebitda": 5738000000,
    "ebitdaratio": 0.3665282657,
    "operatingIncome": 3606000000,
    "operatingIncomeRatio": 0.2303417439,
    "totalOtherIncomeExpensesNet": -810000000,
    "incomeBeforeTax": 2796000000,
    "incomeBeforeTaxRatio": 0.1786010859,
    "incomeTaxExpense": 1206000000,
    "netIncome": 1592000000,
    "netIncomeRatio": 0.1016927499,
    "eps": 2.37,
    "epsdiluted": 2.35,
    "weightedAverageShsOut": 671729958,
    "weightedAverageShsOutDil": 677446809,
    "link": "https://www.sec.gov/Archives/edgar/data/1109357/000119312507029587/0001193125-07-029587-index.htm",
    "finalLink": "https://www.sec.gov/Archives/edgar/data/22606/000119312507029587/d10k.htm"
  },
  {
    "date": "2005-12-31",
    "symbol": "EXC",
    "reportedCurrency": "USD",
    "cik": "0001109357",
    "fillingDate": "2006-02-15",
    "acceptedDate": "2006-02-15 16:22:53",
    "calendarYear": "2005",
    "period": "FY",
    "revenue": 15357000000,
    "costOfRevenue": 5646000000,
    "grossProfit": 9711000000,
    "grossProfitRatio": 0.6323500684,
    "researchAndDevelopmentExpenses": 0,
    "generalAndAdministrativeExpenses": 0,
    "sellingAndMarketingExpenses": 0,
    "sellingGeneralAndAdministrativeExpenses": 0,
    "otherExpenses": 6987000000,
    "operatingExpenses": 6987000000,
    "costAndExpenses": 12633000000,
    "interestIncome": 0,
    "interestExpense": 0,
    "depreciationAndAmortization": 1967000000,
    "ebitda": 4691000000,
    "ebitdaratio": 0.3054633066,
    "operatingIncome": 2724000000,
    "operatingIncomeRatio": 0.1773783942,
    "totalOtherIncomeExpensesNet": -829000000,
    "incomeBeforeTax": 1895000000,
    "incomeBeforeTaxRatio": 0.1233964967,
    "incomeTaxExpense": 944000000,
    "netIncome": 923000000,
    "netIncomeRatio": 0.0601028847,
    "eps": 1.38,
    "epsdiluted": 1.36,
    "weightedAverageShsOut": 668840580,
    "weightedAverageShsOutDil": 678676471,
    "link": "https://www.sec.gov/Archives/edgar/data/1109357/000119312506032686/0001193125-06-032686-index.htm",
    "finalLink": "https://www.sec.gov/Archives/edgar/data/22606/000119312506032686/d10k.htm"
  },
  {
    "date": "2004-12-31",
    "symbol": "EXC",
    "reportedCurrency": "USD",
    "cik": "0001109357",
    "fillingDate": "2005-02-23",
    "acceptedDate": "2005-02-23 16:24:27",
    "calendarYear": "2004",
    "period": "FY",
    "revenue": 14515000000,
    "costOfRevenue": 5082000000,
    "grossProfit": 9433000000,
    "grossProfitRatio": 0.6498794351,
    "researchAndDevelopmentExpenses": 0,
    "generalAndAdministrativeExpenses": 0,
    "sellingAndMarketingExpenses": 0,
    "sellingGeneralAndAdministrativeExpenses": 0,
    "otherExpenses": 5705000000,
    "operatingExpenses": 5705000000,
    "costAndExpenses": 10634000000,
    "interestIncome": 0,
    "interestExpense": 0,
    "depreciationAndAmortization": 1933000000,
    "ebitda": 5432000000,
    "ebitdaratio": 0.3742335515,
    "operatingIncome": 3499000000,
    "operatingIncomeRatio": 0.2410609714,
    "totalOtherIncomeExpensesNet": -916000000,
    "incomeBeforeTax": 2583000000,
    "incomeBeforeTaxRatio": 0.1779538409,
    "incomeTaxExpense": 713000000,
    "netIncome": 1864000000,
    "netIncomeRatio": 0.128418877,
    "eps": 2.82,
    "epsdiluted": 2.78,
    "weightedAverageShsOut": 660992908,
    "weightedAverageShsOutDil": 670503597,
    "link": "https://www.sec.gov/Archives/edgar/data/1109357/000119312505035141/0001193125-05-035141-index.htm",
    "finalLink": "https://www.sec.gov/Archives/edgar/data/22606/000119312505035141/d10k.htm"
  },
  {
    "date": "2003-12-31",
    "symbol": "EXC",
    "reportedCurrency": "USD",
    "cik": "0001109357",
    "fillingDate": "2004-02-20",
    "acceptedDate": "2004-02-20 15:28:14",
    "calendarYear": "2003",
    "period": "FY",
    "revenue": 15812000000,
    "costOfRevenue": 6375000000,
    "grossProfit": 9437000000,
    "grossProfitRatio": 0.5968251961,
    "researchAndDevelopmentExpenses": 0,
    "generalAndAdministrativeExpenses": 0,
    "sellingAndMarketingExpenses": 0,
    "sellingGeneralAndAdministrativeExpenses": 0,
    "otherExpenses": 6545000000,
    "operatingExpenses": 6545000000,
    "costAndExpenses": 12739000000,
    "interestIncome": 0,
    "interestExpense": 0,
    "depreciationAndAmortization": 1718000000,
    "ebitda": 4127000000,
    "ebitdaratio": 0.2610043005,
    "operatingIncome": 2409000000,
    "operatingIncomeRatio": 0.1523526436,
    "totalOtherIncomeExpensesNet": -1128000000,
    "incomeBeforeTax": 1281000000,
    "incomeBeforeTaxRatio": 0.0810144194,
    "incomeTaxExpense": 389000000,
    "netIncome": 905000000,
    "netIncomeRatio": 0.0572350114,
    "eps": 1.38,
    "epsdiluted": 1.38,
    "weightedAverageShsOut": 650000000,
    "weightedAverageShsOutDil": 657000000,
    "link": "https://www.sec.gov/Archives/edgar/data/1109357/000119312504027301/0001193125-04-027301-index.htm",
    "finalLink": "https://www.sec.gov/Archives/edgar/data/22606/000119312504027301/d10k.htm"
  },
  {
    "date": "2002-12-31",
    "symbol": "EXC",
    "reportedCurrency": "USD",
    "cik": "0001109357",
    "fillingDate": "2003-03-21",
    "acceptedDate": "2003-03-21 17:21:20",
    "calendarYear": "2002",
    "period": "FY",
    "revenue": 14955000000,
    "costOfRevenue": 5262000000,
    "grossProfit": 9693000000,
    "grossProfitRatio": 0.6481444333,
    "researchAndDevelopmentExpenses": 0,
    "generalAndAdministrativeExpenses": 0,
    "sellingAndMarketingExpenses": 0,
    "sellingGeneralAndAdministrativeExpenses": 0,
    "otherExpenses": 6394000000,
    "operatingExpenses": 6394000000,
    "costAndExpenses": 11656000000,
    "interestIncome": 0,
    "interestExpense": 0,
    "depreciationAndAmortization": 1701000000,
    "ebitda": 5000000000,
    "ebitdaratio": 0.3343363424,
    "operatingIncome": 3299000000,
    "operatingIncomeRatio": 0.2205951187,
    "totalOtherIncomeExpensesNet": -631000000,
    "incomeBeforeTax": 2668000000,
    "incomeBeforeTaxRatio": 0.1784018723,
    "incomeTaxExpense": 998000000,
    "netIncome": 1440000000,
    "netIncomeRatio": 0.0962888666,
    "eps": 2.23,
    "epsdiluted": 2.22,
    "weightedAverageShsOut": 644000000,
    "weightedAverageShsOutDil": 649000000,
    "link": "https://www.sec.gov/Archives/edgar/data/1109357/000104746903009677/0001047469-03-009677-index.htm",
    "finalLink": "https://www.sec.gov/Archives/edgar/data/22606/000104746903009677/a2105664z10-k.htm"
  },
  {
    "date": "2001-12-31",
    "symbol": "EXC",
    "reportedCurrency": "USD",
    "cik": "0001109357",
    "fillingDate": "2002-10-31",
    "acceptedDate": "2002-10-31 12:44:51",
    "calendarYear": "2001",
    "period": "FY",
    "revenue": 15140000000,
    "costOfRevenue": 5313000000,
    "grossProfit": 9827000000,
    "grossProfitRatio": 0.6490752972,
    "researchAndDevelopmentExpenses": 0,
    "generalAndAdministrativeExpenses": 0,
    "sellingAndMarketingExpenses": 0,
    "sellingGeneralAndAdministrativeExpenses": 0,
    "otherExpenses": 6466000000,
    "operatingExpenses": 6466000000,
    "costAndExpenses": 11556000000,
    "interestIncome": 0,
    "interestExpense": 0,
    "depreciationAndAmortization": 1834000000,
    "ebitda": 5196000000,
    "ebitdaratio": 0.3431968296,
    "operatingIncome": 3362000000,
    "operatingIncomeRatio": 0.2220607662,
    "totalOtherIncomeExpensesNet": -1015000000,
    "incomeBeforeTax": 2347000000,
    "incomeBeforeTaxRatio": 0.1550198151,
    "incomeTaxExpense": 931000000,
    "netIncome": 1428000000,
    "netIncomeRatio": 0.094319683,
    "eps": 2.22,
    "epsdiluted": 2.21,
    "weightedAverageShsOut": 640000000,
    "weightedAverageShsOutDil": 645000000,
    "link": "https://www.sec.gov/Archives/edgar/data/1109357/000095015902000644/0000950159-02-000644-index.htm",
    "finalLink": "https://www.sec.gov/Archives/edgar/data/1109357/000095015902000644/exelon200110ka.txt"
  },
  {
    "date": "2000-12-31",
    "symbol": "EXC",
    "reportedCurrency": "USD",
    "cik": "0001109357",
    "fillingDate": "2001-04-02",
    "acceptedDate": "2001-04-02 00:00:00",
    "calendarYear": "2000",
    "period": "FY",
    "revenue": 7499000000,
    "costOfRevenue": 2606000000,
    "grossProfit": 4893000000,
    "grossProfitRatio": 0.6524869983,
    "researchAndDevelopmentExpenses": 0,
    "generalAndAdministrativeExpenses": 0,
    "sellingAndMarketingExpenses": 0,
    "sellingGeneralAndAdministrativeExpenses": 0,
    "otherExpenses": 3366000000,
    "operatingExpenses": 3366000000,
    "costAndExpenses": 5972000000,
    "interestIncome": 0,
    "interestExpense": 0,
    "depreciationAndAmortization": 607000000,
    "ebitda": 2134000000,
    "ebitdaratio": 0.2845712762,
    "operatingIncome": 1527000000,
    "operatingIncomeRatio": 0.2036271503,
    "totalOtherIncomeExpensesNet": -626000000,
    "incomeBeforeTax": 901000000,
    "incomeBeforeTaxRatio": 0.1201493532,
    "incomeTaxExpense": 339000000,
    "netIncome": 586000000,
    "netIncomeRatio": 0.0781437525,
    "eps": 0.92,
    "epsdiluted": 0.92,
    "weightedAverageShsOut": 350000000,
    "weightedAverageShsOutDil": 408000000,
    "link": "https://www.sec.gov/Archives/edgar/data/1109357/000095015901000191/0000950159-01-000191-index.htm",
    "finalLink": "https://www.sec.gov/Archives/edgar/data/22606/000095015901000191/0000950159-01-000191-0001.txt"
  },
  {
    "date": "1999-12-31",
    "symbol": "EXC",
    "reportedCurrency": "USD",
    "cik": "0001109357",
    "fillingDate": "1999-12-31",
    "acceptedDate": "1999-12-31 00:00:00",
    "calendarYear": "1999",
    "period": "FY",
    "revenue": 5436800000,
    "costOfRevenue": 2145200000,
    "grossProfit": 3291600000,
    "grossProfitRatio": 0.6054296645,
    "researchAndDevelopmentExpenses": 0,
    "generalAndAdministrativeExpenses": 0,
    "sellingAndMarketingExpenses": 0,
    "sellingGeneralAndAdministrativeExpenses": 0,
    "otherExpenses": 1953000000,
    "operatingExpenses": 1953000000,
    "costAndExpenses": 4105000000,
    "interestIncome": 0,
    "interestExpense": 0,
    "depreciationAndAmortization": 358000000,
    "ebitda": 1731000000,
    "ebitdaratio": 0.3183858152,
    "operatingIncome": 1373000000,
    "operatingIncomeRatio": 0.2525382578,
    "totalOtherIncomeExpensesNet": -408000000,
    "incomeBeforeTax": 965000000,
    "incomeBeforeTaxRatio": 0.1774941142,
    "incomeTaxExpense": 358000000,
    "netIncome": 582400000,
    "netIncomeRatio": 0.1071218364,
    "eps": 1.46,
    "epsdiluted": 1.45,
    "weightedAverageShsOut": 392000000,
    "weightedAverageShsOutDil": 392000000,
    "link": "",
    "finalLink": ""
  },
  {
    "date": "1998-12-31",
    "symbol": "EXC",
    "reportedCurrency": "USD",
    "cik": "0001109357",
    "fillingDate": "1998-12-31",
    "acceptedDate": "1998-12-31 00:00:00",
    "calendarYear": "1998",
    "period": "FY",
    "revenue": 5210400000,
    "costOfRevenue": 1751800000,
    "grossProfit": 3458600000,
    "grossProfitRatio": 0.663787809,
    "researchAndDevelopmentExpenses": 0,
    "generalAndAdministrativeExpenses": 0,
    "sellingAndMarketingExpenses": 0,
    "sellingGeneralAndAdministrativeExpenses": 0,
    "otherExpenses": 2246000000,
    "operatingExpenses": 2246000000,
    "costAndExpenses": 4057000000,
    "interestIncome": 0,
    "interestExpense": 0,
    "depreciationAndAmortization": 747000000,
    "ebitda": 2015000000,
    "ebitdaratio": 0.3867265469,
    "operatingIncome": 1268000000,
    "operatingIncomeRatio": 0.243359435,
    "totalOtherIncomeExpensesNet": -428000000,
    "incomeBeforeTax": 840000000,
    "incomeBeforeTaxRatio": 0.1612160295,
    "incomeTaxExpense": 320000000,
    "netIncome": 512700000,
    "netIncomeRatio": 0.0983993551,
    "eps": 1.12,
    "epsdiluted": 1.12,
    "weightedAverageShsOut": 434821429,
    "weightedAverageShsOutDil": 436771300,
    "link": "",
    "finalLink": ""
  },
  {
    "date": "1997-12-31",
    "symbol": "EXC",
    "reportedCurrency": "USD",
    "cik": "0001109357",
    "fillingDate": "1997-12-31",
    "acceptedDate": "1997-12-31 00:00:00",
    "calendarYear": "1997",
    "period": "FY",
    "revenue": 4617900000,
    "costOfRevenue": 1290200000,
    "grossProfit": 3327700000,
    "grossProfitRatio": 0.7206089348,
    "researchAndDevelopmentExpenses": 0,
    "generalAndAdministrativeExpenses": 0,
    "sellingAndMarketingExpenses": 0,
    "sellingGeneralAndAdministrativeExpenses": 0,
    "otherExpenses": 2252300000,
    "operatingExpenses": 2252300000,
    "costAndExpenses": 3542500000,
    "interestIncome": 0,
    "interestExpense": 0,
    "depreciationAndAmortization": 0,
    "ebitda": 1760600000,
    "ebitdaratio": 0.3812555491,
    "operatingIncome": 1075400000,
    "operatingIncomeRatio": 0.2328764157,
    "totalOtherIncomeExpensesNet": -446000000,
    "incomeBeforeTax": 629400000,
    "incomeBeforeTaxRatio": 0.1362957188,
    "incomeTaxExpense": 292800000,
    "netIncome": -1497100000,
    "netIncomeRatio": -0.3241949804,
    "eps": -3.36,
    "epsdiluted": -3.36,
    "weightedAverageShsOut": 445264706,
    "weightedAverageShsOutDil": 445264706,
    "link": "",
    "finalLink": ""
  },
  {
    "date": "1996-12-31",
    "symbol": "EXC",
    "reportedCurrency": "USD",
    "cik": "0001109357",
    "fillingDate": "1996-12-31",
    "acceptedDate": "1996-12-31 00:00:00",
    "calendarYear": "1996",
    "period": "FY",
    "revenue": 4283600000,
    "costOfRevenue": 972400000,
    "grossProfit": 3311200000,
    "grossProfitRatio": 0.7729946774,
    "researchAndDevelopmentExpenses": 0,
    "generalAndAdministrativeExpenses": 0,
    "sellingAndMarketingExpenses": 0,
    "sellingGeneralAndAdministrativeExpenses": 0,
    "otherExpenses": 2062700000,
    "operatingExpenses": 2062700000,
    "costAndExpenses": 3035100000,
    "interestIncome": 0,
    "interestExpense": 0,
    "depreciationAndAmortization": 0,
    "ebitda": 1846300000,
    "ebitdaratio": 0.4310159679,
    "operatingIncome": 1248500000,
    "operatingIncomeRatio": 0.2914604538,
    "totalOtherIncomeExpensesNet": -391200000,
    "incomeBeforeTax": 857300000,
    "incomeBeforeTaxRatio": 0.2001354001,
    "incomeTaxExpense": 340100000,
    "netIncome": 517200000,
    "netIncomeRatio": 0.1207395649,
    "eps": 1.12,
    "epsdiluted": 1.12,
    "weightedAverageShsOut": 445714286,
    "weightedAverageShsOutDil": 445714286,
    "link": "",
    "finalLink": ""
  },
  {
    "date": "1995-12-31",
    "symbol": "EXC",
    "reportedCurrency": "USD",
    "cik": "0001109357",
    "fillingDate": "1995-12-31",
    "acceptedDate": "1995-12-31 00:00:00",
    "calendarYear": "1995",
    "period": "FY",
    "revenue": 4186100000,
    "costOfRevenue": 762800000,
    "grossProfit": 3423300000,
    "grossProfitRatio": 0.8177778839,
    "researchAndDevelopmentExpenses": 0,
    "generalAndAdministrativeExpenses": 0,
    "sellingAndMarketingExpenses": 0,
    "sellingGeneralAndAdministrativeExpenses": 0,
    "otherExpenses": 1964000000,
    "operatingExpenses": 1964000000,
    "costAndExpenses": 2726800000,
    "interestIncome": 0,
    "interestExpense": 0,
    "depreciationAndAmortization": 574200000,
    "ebitda": 2033500000,
    "ebitdaratio": 0.4857743484,
    "operatingIncome": 1459300000,
    "operatingIncomeRatio": 0.3486061011,
    "totalOtherIncomeExpensesNet": -417900000,
    "incomeBeforeTax": 1041400000,
    "incomeBeforeTaxRatio": 0.2487757101,
    "incomeTaxExpense": 431700000,
    "netIncome": 609700000,
    "netIncomeRatio": 0.1456486945,
    "eps": 1.32,
    "epsdiluted": 1.32,
    "weightedAverageShsOut": 444318182,
    "weightedAverageShsOutDil": 444318182,
    "link": "",
    "finalLink": ""
  },
  {
    "date": "1994-12-31",
    "symbol": "EXC",
    "reportedCurrency": "USD",
    "cik": "0001109357",
    "fillingDate": "1994-12-31",
    "acceptedDate": "1994-12-31 00:00:00",
    "calendarYear": "1994",
    "period": "FY",
    "revenue": 4040600000,
    "costOfRevenue": 703600000,
    "grossProfit": 3337000000,
    "grossProfitRatio": 0.8258674454,
    "researchAndDevelopmentExpenses": 0,
    "generalAndAdministrativeExpenses": 0,
    "sellingAndMarketingExpenses": 0,
    "sellingGeneralAndAdministrativeExpenses": 0,
    "otherExpenses": 2273500000,
    "operatingExpenses": 2273500000,
    "costAndExpenses": 2977100000,
    "interestIncome": 0,
    "interestExpense": 0,
    "depreciationAndAmortization": 0,
    "ebitda": 1581200000,
    "ebitdaratio": 0.3913280206,
    "operatingIncome": 1063500000,
    "operatingIncomeRatio": 0.2632034846,
    "totalOtherIncomeExpensesNet": -387500000,
    "incomeBeforeTax": 676000000,
    "incomeBeforeTaxRatio": 0.1673018859,
    "incomeTaxExpense": 249300000,
    "netIncome": 426700000,
    "netIncomeRatio": 0.1056031282,
    "eps": 0.88,
    "epsdiluted": 0.88,
    "weightedAverageShsOut": 442500000,
    "weightedAverageShsOutDil": 442500000,
    "link": "",
    "finalLink": ""
  },
  {
    "date": "1993-12-31",
    "symbol": "EXC",
    "reportedCurrency": "USD",
    "cik": "0001109357",
    "fillingDate": "1993-12-31",
    "acceptedDate": "1993-12-30 19:00:00",
    "calendarYear": "1993",
    "period": "FY",
    "revenue": 3988100000,
    "costOfRevenue": 0,
    "grossProfit": 3988100000,
    "grossProfitRatio": 1,
    "researchAndDevelopmentExpenses": 0,
    "generalAndAdministrativeExpenses": 0,
    "sellingAndMarketingExpenses": 0,
    "sellingGeneralAndAdministrativeExpenses": 0,
    "otherExpenses": 3988100000,
    "operatingExpenses": 3988100000,
    "costAndExpenses": 3988100000,
    "interestIncome": 0,
    "interestExpense": 0,
    "depreciationAndAmortization": 0,
    "ebitda": 3988100000,
    "ebitdaratio": 1,
    "operatingIncome": 3988100000,
    "operatingIncomeRatio": 1,
    "totalOtherIncomeExpensesNet": -3988100000,
    "incomeBeforeTax": 0,
    "incomeBeforeTaxRatio": 0,
    "incomeTaxExpense": 0,
    "netIncome": 590600000,
    "netIncomeRatio": 0.1480905694,
    "eps": 1.23,
    "epsdiluted": 1.23,
    "weightedAverageShsOut": 442040816,
    "weightedAverageShsOutDil": 442040816,
    "link": "",
    "finalLink": ""
  },
  {
    "date": "1992-12-31",
    "symbol": "EXC",
    "reportedCurrency": "USD",
    "cik": "0001109357",
    "fillingDate": "1992-12-31",
    "acceptedDate": "1992-12-30 19:00:00",
    "calendarYear": "1992",
    "period": "FY",
    "revenue": 3962500000,
    "costOfRevenue": 0,
    "grossProfit": 3962500000,
    "grossProfitRatio": 1,
    "researchAndDevelopmentExpenses": 0,
    "generalAndAdministrativeExpenses": 0,
    "sellingAndMarketingExpenses": 0,
    "sellingGeneralAndAdministrativeExpenses": 0,
    "otherExpenses": 3962500000,
    "operatingExpenses": 3962500000,
    "costAndExpenses": 3962500000,
    "interestIncome": 0,
    "interestExpense": 0,
    "depreciationAndAmortization": 0,
    "ebitda": 3962500000,
    "ebitdaratio": 1,
    "operatingIncome": 3962500000,
    "operatingIncomeRatio": 1,
    "totalOtherIncomeExpensesNet": -3962500000,
    "incomeBeforeTax": 0,
    "incomeBeforeTaxRatio": 0,
    "incomeTaxExpense": 0,
    "netIncome": 478900000,
    "netIncomeRatio": 0.1208580442,
    "eps": 0.95,
    "epsdiluted": 0.95,
    "weightedAverageShsOut": 440210526,
    "weightedAverageShsOutDil": 440210526,
    "link": "",
    "finalLink": ""
  },
  {
    "date": "1991-12-31",
    "symbol": "EXC",
    "reportedCurrency": "USD",
    "cik": "0001109357",
    "fillingDate": "1991-12-31",
    "acceptedDate": "1991-12-30 19:00:00",
    "calendarYear": "1991",
    "period": "FY",
    "revenue": 3975800000,
    "costOfRevenue": 0,
    "grossProfit": 3975800000,
    "grossProfitRatio": 1,
    "researchAndDevelopmentExpenses": 0,
    "generalAndAdministrativeExpenses": 0,
    "sellingAndMarketingExpenses": 0,
    "sellingGeneralAndAdministrativeExpenses": 0,
    "otherExpenses": 3975800000,
    "operatingExpenses": 3975800000,
    "costAndExpenses": 3975800000,
    "interestIncome": 0,
    "interestExpense": 0,
    "depreciationAndAmortization": 0,
    "ebitda": 3975800000,
    "ebitdaratio": 1,
    "operatingIncome": 3975800000,
    "operatingIncomeRatio": 1,
    "totalOtherIncomeExpensesNet": -3975800000,
    "incomeBeforeTax": 0,
    "incomeBeforeTaxRatio": 0,
    "incomeTaxExpense": 0,
    "netIncome": 534700000,
    "netIncomeRatio": 0.1344886564,
    "eps": 1.08,
    "epsdiluted": 1.08,
    "weightedAverageShsOut": 435906977,
    "weightedAverageShsOutDil": 435906977,
    "link": "",
    "finalLink": ""
  },
  {
    "date": "1990-12-31",
    "symbol": "EXC",
    "reportedCurrency": "USD",
    "cik": "0001109357",
    "fillingDate": "1990-12-31",
    "acceptedDate": "1990-12-30 19:00:00",
    "calendarYear": "1990",
    "period": "FY",
    "revenue": 3705200000,
    "costOfRevenue": 0,
    "grossProfit": 3705200000,
    "grossProfitRatio": 1,
    "researchAndDevelopmentExpenses": 0,
    "generalAndAdministrativeExpenses": 0,
    "sellingAndMarketingExpenses": 0,
    "sellingGeneralAndAdministrativeExpenses": 0,
    "otherExpenses": 3705200000,
    "operatingExpenses": 3705200000,
    "costAndExpenses": 3705200000,
    "interestIncome": 0,
    "interestExpense": 0,
    "depreciationAndAmortization": 0,
    "ebitda": 3705200000,
    "ebitdaratio": 1,
    "operatingIncome": 3705200000,
    "operatingIncomeRatio": 1,
    "totalOtherIncomeExpensesNet": -3705200000,
    "incomeBeforeTax": 0,
    "incomeBeforeTaxRatio": 0,
    "incomeTaxExpense": 0,
    "netIncome": 105800000,
    "netIncomeRatio": 0.028554464,
    "eps": 0.035,
    "epsdiluted": 0.035,
    "weightedAverageShsOut": 442857143,
    "weightedAverageShsOutDil": 442857143,
    "link": "",
    "finalLink": ""
  },
  {
    "date": "1989-12-31",
    "symbol": "EXC",
    "reportedCurrency": "USD",
    "cik": "0001109357",
    "fillingDate": "1989-12-31",
    "acceptedDate": "1989-12-30 19:00:00",
    "calendarYear": "1989",
    "period": "FY",
    "revenue": 3405600000,
    "costOfRevenue": 0,
    "grossProfit": 3405600000,
    "grossProfitRatio": 1,
    "researchAndDevelopmentExpenses": 0,
    "generalAndAdministrativeExpenses": 0,
    "sellingAndMarketingExpenses": 0,
    "sellingGeneralAndAdministrativeExpenses": 0,
    "otherExpenses": 3405600000,
    "operatingExpenses": 3405600000,
    "costAndExpenses": 3405600000,
    "interestIncome": 0,
    "interestExpense": 0,
    "depreciationAndAmortization": 0,
    "ebitda": 3405600000,
    "ebitdaratio": 1,
    "operatingIncome": 3405600000,
    "operatingIncomeRatio": 1,
    "totalOtherIncomeExpensesNet": -3405600000,
    "incomeBeforeTax": 0,
    "incomeBeforeTaxRatio": 0,
    "incomeTaxExpense": 0,
    "netIncome": 590400000,
    "netIncomeRatio": 0.1733615222,
    "eps": 1.18,
    "epsdiluted": 1.18,
    "weightedAverageShsOut": 418644068,
    "weightedAverageShsOutDil": 418644068,
    "link": "",
    "finalLink": ""
  },
  {
    "date": "1988-12-31",
    "symbol": "EXC",
    "reportedCurrency": "USD",
    "cik": "0001109357",
    "fillingDate": "1988-12-31",
    "acceptedDate": "1988-12-30 19:00:00",
    "calendarYear": "1988",
    "period": "FY",
    "revenue": 3228700000,
    "costOfRevenue": 0,
    "grossProfit": 3228700000,
    "grossProfitRatio": 1,
    "researchAndDevelopmentExpenses": 0,
    "generalAndAdministrativeExpenses": 0,
    "sellingAndMarketingExpenses": 0,
    "sellingGeneralAndAdministrativeExpenses": 0,
    "otherExpenses": 3228700000,
    "operatingExpenses": 3228700000,
    "costAndExpenses": 3228700000,
    "interestIncome": 0,
    "interestExpense": 0,
    "depreciationAndAmortization": 0,
    "ebitda": 3228700000,
    "ebitdaratio": 1,
    "operatingIncome": 3228700000,
    "operatingIncomeRatio": 1,
    "totalOtherIncomeExpensesNet": -3228700000,
    "incomeBeforeTax": 0,
    "incomeBeforeTaxRatio": 0,
    "incomeTaxExpense": 0,
    "netIncome": 566000000,
    "netIncomeRatio": 0.1753027534,
    "eps": 1.17,
    "epsdiluted": 1.17,
    "weightedAverageShsOut": 402403433,
    "weightedAverageShsOutDil": 402403433,
    "link": "",
    "finalLink": ""
  },
  {
    "date": "1987-12-31",
    "symbol": "EXC",
    "reportedCurrency": "USD",
    "cik": "0001109357",
    "fillingDate": "1987-12-31",
    "acceptedDate": "1987-12-30 19:00:00",
    "calendarYear": "1987",
    "period": "FY",
    "revenue": 3181500000,
    "costOfRevenue": 0,
    "grossProfit": 3181500000,
    "grossProfitRatio": 1,
    "researchAndDevelopmentExpenses": 0,
    "generalAndAdministrativeExpenses": 0,
    "sellingAndMarketingExpenses": 0,
    "sellingGeneralAndAdministrativeExpenses": 0,
    "otherExpenses": 3181500000,
    "operatingExpenses": 3181500000,
    "costAndExpenses": 3181500000,
    "interestIncome": 0,
    "interestExpense": 0,
    "depreciationAndAmortization": 0,
    "ebitda": 3181500000,
    "ebitdaratio": 1,
    "operatingIncome": 3181500000,
    "operatingIncomeRatio": 1,
    "totalOtherIncomeExpensesNet": -3181500000,
    "incomeBeforeTax": 0,
    "incomeBeforeTaxRatio": 0,
    "incomeTaxExpense": 0,
    "netIncome": 542400000,
    "netIncomeRatio": 0.17048562,
    "eps": 1.17,
    "epsdiluted": 1.17,
    "weightedAverageShsOut": 384721030,
    "weightedAverageShsOutDil": 384721030,
    "link": "",
    "finalLink": ""
  },
  {
    "date": "1986-12-31",
    "symbol": "EXC",
    "reportedCurrency": "USD",
    "cik": "0001109357",
    "fillingDate": "1986-12-31",
    "acceptedDate": "1986-12-30 19:00:00",
    "calendarYear": "1986",
    "period": "FY",
    "revenue": 3090900000,
    "costOfRevenue": 0,
    "grossProfit": 3090900000,
    "grossProfitRatio": 1,
    "researchAndDevelopmentExpenses": 0,
    "generalAndAdministrativeExpenses": 0,
    "sellingAndMarketingExpenses": 0,
    "sellingGeneralAndAdministrativeExpenses": 0,
    "otherExpenses": 3090900000,
    "operatingExpenses": 3090900000,
    "costAndExpenses": 3090900000,
    "interestIncome": 0,
    "interestExpense": 0,
    "depreciationAndAmortization": 0,
    "ebitda": 3090900000,
    "ebitdaratio": 1,
    "operatingIncome": 3090900000,
    "operatingIncomeRatio": 1,
    "totalOtherIncomeExpensesNet": -3090900000,
    "incomeBeforeTax": 0,
    "incomeBeforeTaxRatio": 0,
    "incomeTaxExpense": 0,
    "netIncome": 566400000,
    "netIncomeRatio": 0.1832475978,
    "eps": 1.3,
    "epsdiluted": 1.3,
    "weightedAverageShsOut": 365384615,
    "weightedAverageShsOutDil": 365384615,
    "link": "",
    "finalLink": ""
  },
  {
    "date": "1985-12-31",
    "symbol": "EXC",
    "reportedCurrency": "USD",
    "cik": "0001109357",
    "fillingDate": "1985-12-31",
    "acceptedDate": "1985-12-30 19:00:00",
    "calendarYear": "1985",
    "period": "FY",
    "revenue": 3013700000,
    "costOfRevenue": 0,
    "grossProfit": 3013700000,
    "grossProfitRatio": 1,
    "researchAndDevelopmentExpenses": 0,
    "generalAndAdministrativeExpenses": 0,
    "sellingAndMarketingExpenses": 0,
    "sellingGeneralAndAdministrativeExpenses": 0,
    "otherExpenses": 3013700000,
    "operatingExpenses": 3013700000,
    "costAndExpenses": 3013700000,
    "interestIncome": 0,
    "interestExpense": 0,
    "depreciationAndAmortization": 0,
    "ebitda": 3013700000,
    "ebitdaratio": 1,
    "operatingIncome": 3013700000,
    "operatingIncomeRatio": 1,
    "totalOtherIncomeExpensesNet": -3013700000,
    "incomeBeforeTax": 0,
    "incomeBeforeTaxRatio": 0,
    "incomeTaxExpense": 0,
    "netIncome": 525300000,
    "netIncomeRatio": 0.1743040117,
    "eps": 1.28,
    "epsdiluted": 1.28,
    "weightedAverageShsOut": 339609375,
    "weightedAverageShsOutDil": 339609375,
    "link": "",
    "finalLink": ""
  }
]