[
  {
    "date": "2025-06-30",
    "symbol": "EXE",
    "reportedCurrency": "USD",
    "cik": "0000895126",
    "fillingDate": "2025-07-29",
    "acceptedDate": "2025-07-29 16:06:31",
    "calendarYear": "2025",
    "period": "Q2",
    "revenue": 3690000000,
    "costOfRevenue": 563000000,
    "grossProfit": 3127000000,
    "grossProfitRatio": 0.8474254743,
    "researchAndDevelopmentExpenses": 0,
    "generalAndAdministrativeExpenses": 40000000,
    "sellingAndMarketingExpenses": 788000000,
    "sellingGeneralAndAdministrativeExpenses": 828000000,
    "otherExpenses": 1030000000,
    "operatingExpenses": 1858000000,
    "costAndExpenses": 2421000000,
    "interestIncome": 0,
    "interestExpense": 60000000,
    "depreciationAndAmortization": 769000000,
    "ebitda": 2057000000,
    "ebitdaratio": 0.5574525745,
    "operatingIncome": 1269000000,
    "operatingIncomeRatio": 0.343902439,
    "totalOtherIncomeExpensesNet": -41000000,
    "incomeBeforeTax": 1228000000,
    "incomeBeforeTaxRatio": 0.3327913279,
    "incomeTaxExpense": 260000000,
    "netIncome": 968000000,
    "netIncomeRatio": 0.2623306233,
    "eps": 4.07,
    "epsdiluted": 4.02,
    "weightedAverageShsOut": 237973000,
    "weightedAverageShsOutDil": 240560000,
    "link": "https://www.sec.gov/Archives/edgar/data/895126/000089512625000084/0000895126-25-000084-index.htm",
    "finalLink": "https://www.sec.gov/Archives/edgar/data/895126/000089512625000084/exe-20250630.htm"
  },
  {
    "date": "2025-03-31",
    "symbol": "EXE",
    "reportedCurrency": "USD",
    "cik": "0000895126",
    "fillingDate": "2025-04-29",
    "acceptedDate": "2025-04-29 16:03:36",
    "calendarYear": "2025",
    "period": "Q1",
    "revenue": 2196000000,
    "costOfRevenue": 1421000000,
    "grossProfit": 775000000,
    "grossProfitRatio": 0.3529143898,
    "researchAndDevelopmentExpenses": 0,
    "generalAndAdministrativeExpenses": 47000000,
    "sellingAndMarketingExpenses": 919000000,
    "sellingGeneralAndAdministrativeExpenses": 966000000,
    "otherExpenses": 77000000,
    "operatingExpenses": 1043000000,
    "costAndExpenses": 2464000000,
    "interestIncome": 0,
    "interestExpense": 59000000,
    "depreciationAndAmortization": 711000000,
    "ebitda": 451000000,
    "ebitdaratio": 0.2053734062,
    "operatingIncome": -268000000,
    "operatingIncomeRatio": -0.1220400729,
    "totalOtherIncomeExpensesNet": -51000000,
    "incomeBeforeTax": -319000000,
    "incomeBeforeTaxRatio": -0.1452641166,
    "incomeTaxExpense": -70000000,
    "netIncome": -249000000,
    "netIncomeRatio": -0.1133879781,
    "eps": -1.06,
    "epsdiluted": -1.06,
    "weightedAverageShsOut": 234434000,
    "weightedAverageShsOutDil": 234434000,
    "link": "https://www.sec.gov/Archives/edgar/data/895126/000089512625000053/0000895126-25-000053-index.htm",
    "finalLink": "https://www.sec.gov/Archives/edgar/data/895126/000089512625000053/exe-20250331.htm"
  },
  {
    "date": "2024-12-31",
    "symbol": "EXE",
    "reportedCurrency": "USD",
    "cik": "0000895126",
    "fillingDate": "2025-02-26",
    "acceptedDate": "2025-02-26 21:06:32",
    "calendarYear": "2024",
    "period": "Q4",
    "revenue": 2244000000,
    "costOfRevenue": 1361000000,
    "grossProfit": 837000000,
    "grossProfitRatio": 0.3729946524,
    "researchAndDevelopmentExpenses": 0,
    "generalAndAdministrativeExpenses": 53000000,
    "sellingAndMarketingExpenses": 775000000,
    "sellingGeneralAndAdministrativeExpenses": 828000000,
    "otherExpenses": 196000000,
    "operatingExpenses": 1024000000,
    "costAndExpenses": 2385000000,
    "interestIncome": 0,
    "interestExpense": 64000000,
    "depreciationAndAmortization": 647000000,
    "ebitda": 290000000,
    "ebitdaratio": 0.1292335116,
    "operatingIncome": -386000000,
    "operatingIncomeRatio": -0.1720142602,
    "totalOtherIncomeExpensesNet": -35000000,
    "incomeBeforeTax": -421000000,
    "incomeBeforeTaxRatio": -0.1876114082,
    "incomeTaxExpense": -22000000,
    "netIncome": -399000000,
    "netIncomeRatio": -0.1778074866,
    "eps": -1.72,
    "epsdiluted": -1.72,
    "weightedAverageShsOut": 231539000,
    "weightedAverageShsOutDil": 231539000,
    "link": "https://www.sec.gov/Archives/edgar/data/895126/000089512625000021/0000895126-25-000021-index.htm",
    "finalLink": "https://www.sec.gov/Archives/edgar/data/895126/000089512625000021/exe-20241231.htm"
  },
  {
    "date": "2024-09-30",
    "symbol": "EXE",
    "reportedCurrency": "USD",
    "cik": "0000895126",
    "fillingDate": "2024-10-29",
    "acceptedDate": "2024-10-29 20:12:59",
    "calendarYear": "2024",
    "period": "Q3",
    "revenue": 635000000,
    "costOfRevenue": 303000000,
    "grossProfit": 332000000,
    "grossProfitRatio": 0.5228346457,
    "researchAndDevelopmentExpenses": 0,
    "generalAndAdministrativeExpenses": 39000000,
    "sellingAndMarketingExpenses": 192000000,
    "sellingGeneralAndAdministrativeExpenses": 231000000,
    "otherExpenses": 420000000,
    "operatingExpenses": 651000000,
    "costAndExpenses": 801000000,
    "interestIncome": 0,
    "interestExpense": 20000000,
    "depreciationAndAmortization": 335000000,
    "ebitda": 197000000,
    "ebitdaratio": 0.3102362205,
    "operatingIncome": -155000000,
    "operatingIncomeRatio": -0.2440944882,
    "totalOtherIncomeExpensesNet": -3000000,
    "incomeBeforeTax": -158000000,
    "incomeBeforeTaxRatio": -0.2488188976,
    "incomeTaxExpense": -44000000,
    "netIncome": -114000000,
    "netIncomeRatio": -0.1795275591,
    "eps": -0.85,
    "epsdiluted": -0.85,
    "weightedAverageShsOut": 133794000,
    "weightedAverageShsOutDil": 133794000,
    "link": "https://www.sec.gov/Archives/edgar/data/895126/000089512624000135/0000895126-24-000135-index.htm",
    "finalLink": "https://www.sec.gov/Archives/edgar/data/895126/000089512624000135/exe-20240930.htm"
  },
  {
    "date": "2024-06-30",
    "symbol": "EXE",
    "reportedCurrency": "USD",
    "cik": "0000895126",
    "fillingDate": "2024-07-29",
    "acceptedDate": "2024-07-29 20:14:45",
    "calendarYear": "2024",
    "period": "Q2",
    "revenue": 514000000,
    "costOfRevenue": 476000000,
    "grossProfit": 38000000,
    "grossProfitRatio": 0.0739299611,
    "researchAndDevelopmentExpenses": 0,
    "generalAndAdministrativeExpenses": 47000000,
    "sellingAndMarketingExpenses": 3000000,
    "sellingGeneralAndAdministrativeExpenses": 47000000,
    "otherExpenses": 16000000,
    "operatingExpenses": 63000000,
    "costAndExpenses": 776000000,
    "interestIncome": 3000000,
    "interestExpense": 20000000,
    "depreciationAndAmortization": 348000000,
    "ebitda": 73000000,
    "ebitdaratio": 0.1420233463,
    "operatingIncome": -294000000,
    "operatingIncomeRatio": -0.5719844358,
    "totalOtherIncomeExpensesNet": -1000000,
    "incomeBeforeTax": -295000000,
    "incomeBeforeTaxRatio": -0.5739299611,
    "incomeTaxExpense": -68000000,
    "netIncome": -227000000,
    "netIncomeRatio": -0.4416342412,
    "eps": -1.73,
    "epsdiluted": -1.73,
    "weightedAverageShsOut": 131168000,
    "weightedAverageShsOutDil": 131168000,
    "link": "https://www.sec.gov/Archives/edgar/data/895126/000089512624000108/0000895126-24-000108-index.htm",
    "finalLink": "https://www.sec.gov/Archives/edgar/data/895126/000089512624000108/chk-20240630.htm"
  },
  {
    "date": "2024-03-31",
    "symbol": "EXE",
    "reportedCurrency": "USD",
    "cik": "0000895126",
    "fillingDate": "2024-04-30",
    "acceptedDate": "2024-04-30 20:19:08",
    "calendarYear": "2024",
    "period": "Q1",
    "revenue": 1073000000,
    "costOfRevenue": 660000000,
    "grossProfit": 413000000,
    "grossProfitRatio": 0.3849021435,
    "researchAndDevelopmentExpenses": 0,
    "generalAndAdministrativeExpenses": 47000000,
    "sellingAndMarketingExpenses": 323000000,
    "sellingGeneralAndAdministrativeExpenses": 370000000,
    "otherExpenses": -306000000,
    "operatingExpenses": 64000000,
    "costAndExpenses": 1049000000,
    "interestIncome": 2000000,
    "interestExpense": 21000000,
    "depreciationAndAmortization": 399000000,
    "ebitda": 451000000,
    "ebitdaratio": 0.4203168686,
    "operatingIncome": 32000000,
    "operatingIncomeRatio": 0.0298229264,
    "totalOtherIncomeExpensesNet": 1000000,
    "incomeBeforeTax": 33000000,
    "incomeBeforeTaxRatio": 0.0307548928,
    "incomeTaxExpense": 7000000,
    "netIncome": 26000000,
    "netIncomeRatio": 0.0242311277,
    "eps": 0.2,
    "epsdiluted": 0.18,
    "weightedAverageShsOut": 130893000,
    "weightedAverageShsOutDil": 141752000,
    "link": "https://www.sec.gov/Archives/edgar/data/895126/000089512624000055/0000895126-24-000055-index.htm",
    "finalLink": "https://www.sec.gov/Archives/edgar/data/895126/000089512624000055/chk-20240331.htm"
  },
  {
    "date": "2023-12-31",
    "symbol": "EXE",
    "reportedCurrency": "USD",
    "cik": "0000895126",
    "fillingDate": "2024-02-21",
    "acceptedDate": "2024-02-21 13:06:21",
    "calendarYear": "2023",
    "period": "Q4",
    "revenue": 1809000000,
    "costOfRevenue": 52000000,
    "grossProfit": 1757000000,
    "grossProfitRatio": 0.9712548369,
    "researchAndDevelopmentExpenses": 0,
    "generalAndAdministrativeExpenses": 32000000,
    "sellingAndMarketingExpenses": -4000000,
    "sellingGeneralAndAdministrativeExpenses": 28000000,
    "otherExpenses": -276000000,
    "operatingExpenses": -248000000,
    "costAndExpenses": 550000000,
    "interestIncome": 2000000,
    "interestExpense": 23000000,
    "depreciationAndAmortization": 379000000,
    "ebitda": 1136000000,
    "ebitdaratio": 0.6279712548,
    "operatingIncome": 726000000,
    "operatingIncomeRatio": 0.4013266998,
    "totalOtherIncomeExpensesNet": 9000000,
    "incomeBeforeTax": 735000000,
    "incomeBeforeTaxRatio": 0.4063018242,
    "incomeTaxExpense": 166000000,
    "netIncome": 569000000,
    "netIncomeRatio": 0.314538419,
    "eps": 4.34,
    "epsdiluted": 4.02,
    "weightedAverageShsOut": 130999000,
    "weightedAverageShsOutDil": 141491000,
    "link": "https://www.sec.gov/Archives/edgar/data/895126/000089512624000013/0000895126-24-000013-index.htm",
    "finalLink": "https://www.sec.gov/Archives/edgar/data/895126/000089512624000013/chk-20231231.htm"
  },
  {
    "date": "2023-09-30",
    "symbol": "EXE",
    "reportedCurrency": "USD",
    "cik": "0000895126",
    "fillingDate": "2023-10-31",
    "acceptedDate": "2023-10-31 20:13:22",
    "calendarYear": "2023",
    "period": "Q3",
    "revenue": 1406000000,
    "costOfRevenue": 1401000000,
    "grossProfit": 838000000,
    "grossProfitRatio": 0.5960170697,
    "researchAndDevelopmentExpenses": 0,
    "generalAndAdministrativeExpenses": 29000000,
    "sellingAndMarketingExpenses": 723000000,
    "sellingGeneralAndAdministrativeExpenses": 752000000,
    "otherExpenses": -720000000,
    "operatingExpenses": 32000000,
    "costAndExpenses": 1433000000,
    "interestIncome": 2000000,
    "interestExpense": 25000000,
    "depreciationAndAmortization": 382000000,
    "ebitda": 476000000,
    "ebitdaratio": 0.3385490754,
    "operatingIncome": 79000000,
    "operatingIncomeRatio": 0.0561877667,
    "totalOtherIncomeExpensesNet": -8000000,
    "incomeBeforeTax": 71000000,
    "incomeBeforeTaxRatio": 0.0504978663,
    "incomeTaxExpense": 1000000,
    "netIncome": 70000000,
    "netIncomeRatio": 0.0497866287,
    "eps": 0.53,
    "epsdiluted": 0.49,
    "weightedAverageShsOut": 132152999,
    "weightedAverageShsOutDil": 142348000,
    "link": "https://www.sec.gov/Archives/edgar/data/895126/000089512623000123/0000895126-23-000123-index.htm",
    "finalLink": "https://www.sec.gov/Archives/edgar/data/895126/000089512623000123/chk-20230930.htm"
  },
  {
    "date": "2023-06-30",
    "symbol": "EXE",
    "reportedCurrency": "USD",
    "cik": "0000895126",
    "fillingDate": "2023-08-01",
    "acceptedDate": "2023-08-01 20:20:47",
    "calendarYear": "2023",
    "period": "Q2",
    "revenue": 1419000000,
    "costOfRevenue": 1323000000,
    "grossProfit": 96000000,
    "grossProfitRatio": 0.067653277,
    "researchAndDevelopmentExpenses": 0,
    "generalAndAdministrativeExpenses": 31000000,
    "sellingAndMarketingExpenses": 0,
    "sellingGeneralAndAdministrativeExpenses": 31000000,
    "otherExpenses": -452000000,
    "operatingExpenses": 48000000,
    "costAndExpenses": 743000000,
    "interestIncome": 3000000,
    "interestExpense": 25000000,
    "depreciationAndAmortization": 376000000,
    "ebitda": 916000000,
    "ebitdaratio": 0.6455250176,
    "operatingIncome": 517000000,
    "operatingIncomeRatio": 0.3643410853,
    "totalOtherIncomeExpensesNet": 1000000,
    "incomeBeforeTax": 518000000,
    "incomeBeforeTaxRatio": 0.3650458069,
    "incomeTaxExpense": 127000000,
    "netIncome": 391000000,
    "netIncomeRatio": 0.2755461593,
    "eps": 2.93,
    "epsdiluted": 2.73,
    "weightedAverageShsOut": 133514000,
    "weightedAverageShsOutDil": 143267000,
    "link": "https://www.sec.gov/Archives/edgar/data/895126/000089512623000102/0000895126-23-000102-index.htm",
    "finalLink": "https://www.sec.gov/Archives/edgar/data/895126/000089512623000102/chk-20230630.htm"
  },
  {
    "date": "2023-03-31",
    "symbol": "EXE",
    "reportedCurrency": "USD",
    "cik": "0000895126",
    "fillingDate": "2023-05-02",
    "acceptedDate": "2023-05-02 20:31:51",
    "calendarYear": "2023",
    "period": "Q1",
    "revenue": 3035000000,
    "costOfRevenue": 854000000,
    "grossProfit": 2181000000,
    "grossProfitRatio": 0.718616145,
    "researchAndDevelopmentExpenses": 0,
    "generalAndAdministrativeExpenses": 35000000,
    "sellingAndMarketingExpenses": 651000000,
    "sellingGeneralAndAdministrativeExpenses": 686000000,
    "otherExpenses": -325000000,
    "operatingExpenses": 361000000,
    "costAndExpenses": 285000000,
    "interestIncome": 2000000,
    "interestExpense": 39000000,
    "depreciationAndAmortization": 390000000,
    "ebitda": 2220000000,
    "ebitdaratio": 0.7314662273,
    "operatingIncome": 1820000000,
    "operatingIncomeRatio": 0.5996705107,
    "totalOtherIncomeExpensesNet": -27000000,
    "incomeBeforeTax": 1793000000,
    "incomeBeforeTaxRatio": 0.5907742998,
    "incomeTaxExpense": 404000000,
    "netIncome": 1389000000,
    "netIncomeRatio": 0.457660626,
    "eps": 10.31,
    "epsdiluted": 9.6,
    "weightedAverageShsOut": 134742000,
    "weightedAverageShsOutDil": 144731000,
    "link": "https://www.sec.gov/Archives/edgar/data/895126/000089512623000063/0000895126-23-000063-index.htm",
    "finalLink": "https://www.sec.gov/Archives/edgar/data/895126/000089512623000063/chk-20230331.htm"
  },
  {
    "date": "2022-12-31",
    "symbol": "EXE",
    "reportedCurrency": "USD",
    "cik": "0000895126",
    "fillingDate": "2023-02-22",
    "acceptedDate": "2023-02-22 12:47:25",
    "calendarYear": "2022",
    "period": "Q4",
    "revenue": 3136000000,
    "costOfRevenue": 1836000000,
    "grossProfit": 1300000000,
    "grossProfitRatio": 0.4145408163,
    "researchAndDevelopmentExpenses": 0,
    "generalAndAdministrativeExpenses": 40000000,
    "sellingAndMarketingExpenses": 0,
    "sellingGeneralAndAdministrativeExpenses": 40000000,
    "otherExpenses": 17000000,
    "operatingExpenses": 57000000,
    "costAndExpenses": 1893000000,
    "interestIncome": 0,
    "interestExpense": 40000000,
    "depreciationAndAmortization": 453000000,
    "ebitda": 2683000000,
    "ebitdaratio": 0.8555484694,
    "operatingIncome": 1243000000,
    "operatingIncomeRatio": 0.3963647959,
    "totalOtherIncomeExpensesNet": 947000000,
    "incomeBeforeTax": 2190000000,
    "incomeBeforeTaxRatio": 0.6983418367,
    "incomeTaxExpense": -1390000000,
    "netIncome": 3580000000,
    "netIncomeRatio": 1.1415816327,
    "eps": 26.16,
    "epsdiluted": 24,
    "weightedAverageShsOut": 134275000,
    "weightedAverageShsOutDil": 146346000,
    "link": "https://www.sec.gov/Archives/edgar/data/895126/000089512623000022/0000895126-23-000022-index.htm",
    "finalLink": "https://www.sec.gov/Archives/edgar/data/895126/000089512623000022/chk-20221231.htm"
  },
  {
    "date": "2022-09-30",
    "symbol": "EXE",
    "reportedCurrency": "USD",
    "cik": "0000895126",
    "fillingDate": "2022-11-01",
    "acceptedDate": "2022-11-01 20:20:43",
    "calendarYear": "2022",
    "period": "Q3",
    "revenue": 4193000000,
    "costOfRevenue": 2116000000,
    "grossProfit": 2077000000,
    "grossProfitRatio": 0.4953493918,
    "researchAndDevelopmentExpenses": 0,
    "generalAndAdministrativeExpenses": 40000000,
    "sellingAndMarketingExpenses": 1200000000,
    "sellingGeneralAndAdministrativeExpenses": 1240000000,
    "otherExpenses": 1000000,
    "operatingExpenses": 41000000,
    "costAndExpenses": 2159000000,
    "interestIncome": 0,
    "interestExpense": 52000000,
    "depreciationAndAmortization": 440000000,
    "ebitda": 1449000000,
    "ebitdaratio": 0.3455759599,
    "operatingIncome": 2036000000,
    "operatingIncomeRatio": 0.4855711901,
    "totalOtherIncomeExpensesNet": -1079000000,
    "incomeBeforeTax": 957000000,
    "incomeBeforeTaxRatio": 0.2282375388,
    "incomeTaxExpense": 74000000,
    "netIncome": 883000000,
    "netIncomeRatio": 0.210589077,
    "eps": 7.29,
    "epsdiluted": 6.12,
    "weightedAverageShsOut": 121150000,
    "weightedAverageShsOutDil": 144390000,
    "link": "https://www.sec.gov/Archives/edgar/data/895126/000089512622000184/0000895126-22-000184-index.htm",
    "finalLink": "https://www.sec.gov/Archives/edgar/data/895126/000089512622000184/chk-20220930.htm"
  },
  {
    "date": "2022-06-30",
    "symbol": "EXE",
    "reportedCurrency": "USD",
    "cik": "0000895126",
    "fillingDate": "2022-08-02",
    "acceptedDate": "2022-08-02 21:02:22",
    "calendarYear": "2022",
    "period": "Q2",
    "revenue": 4013000000,
    "costOfRevenue": 2128000000,
    "grossProfit": 1885000000,
    "grossProfitRatio": 0.469723399,
    "researchAndDevelopmentExpenses": 0,
    "generalAndAdministrativeExpenses": 36000000,
    "sellingAndMarketingExpenses": 0,
    "sellingGeneralAndAdministrativeExpenses": 36000000,
    "otherExpenses": -6000000,
    "operatingExpenses": 44000000,
    "costAndExpenses": 2672000000,
    "interestIncome": 0,
    "interestExpense": 36000000,
    "depreciationAndAmortization": 451000000,
    "ebitda": 1801000000,
    "ebitdaratio": 0.4487914279,
    "operatingIncome": 1834000000,
    "operatingIncomeRatio": 0.4570147022,
    "totalOtherIncomeExpensesNet": -520000000,
    "incomeBeforeTax": 1314000000,
    "incomeBeforeTaxRatio": 0.3274358335,
    "incomeTaxExpense": 77000000,
    "netIncome": 1237000000,
    "netIncomeRatio": 0.3082481934,
    "eps": 9.75,
    "epsdiluted": 8.27,
    "weightedAverageShsOut": 126814000,
    "weightedAverageShsOutDil": 149532000,
    "link": "https://www.sec.gov/Archives/edgar/data/895126/000089512622000132/0000895126-22-000132-index.htm",
    "finalLink": "https://www.sec.gov/Archives/edgar/data/895126/000089512622000132/chk-20220630.htm"
  },
  {
    "date": "2022-03-31",
    "symbol": "EXE",
    "reportedCurrency": "USD",
    "cik": "0000895126",
    "fillingDate": "2022-05-06",
    "acceptedDate": "2022-05-06 20:08:42",
    "calendarYear": "2022",
    "period": "Q1",
    "revenue": 2781000000,
    "costOfRevenue": 1675000000,
    "grossProfit": 1106000000,
    "grossProfitRatio": 0.3976986695,
    "researchAndDevelopmentExpenses": 0,
    "generalAndAdministrativeExpenses": 26000000,
    "sellingAndMarketingExpenses": 0,
    "sellingGeneralAndAdministrativeExpenses": 26000000,
    "otherExpenses": -23000000,
    "operatingExpenses": 49000000,
    "costAndExpenses": 1729000000,
    "interestIncome": 0,
    "interestExpense": 32000000,
    "depreciationAndAmortization": 409000000,
    "ebitda": -369000000,
    "ebitdaratio": -0.1326860841,
    "operatingIncome": 1052000000,
    "operatingIncomeRatio": 0.3782811938,
    "totalOtherIncomeExpensesNet": -1862000000,
    "incomeBeforeTax": -810000000,
    "incomeBeforeTaxRatio": -0.2912621359,
    "incomeTaxExpense": -46000000,
    "netIncome": -764000000,
    "netIncomeRatio": -0.2747213233,
    "eps": -6.32,
    "epsdiluted": -6.32,
    "weightedAverageShsOut": 120805000,
    "weightedAverageShsOutDil": 120805000,
    "link": "https://www.sec.gov/Archives/edgar/data/895126/000089512622000077/0000895126-22-000077-index.htm",
    "finalLink": "https://www.sec.gov/Archives/edgar/data/895126/000089512622000077/chk-20220331.htm"
  },
  {
    "date": "2021-12-31",
    "symbol": "EXE",
    "reportedCurrency": "USD",
    "cik": "0000895126",
    "fillingDate": "2022-02-24",
    "acceptedDate": "2022-02-24 22:20:03",
    "calendarYear": "2021",
    "period": "Q4",
    "revenue": 2785000000,
    "costOfRevenue": 1554000000,
    "grossProfit": 1231000000,
    "grossProfitRatio": 0.442010772,
    "researchAndDevelopmentExpenses": 0,
    "generalAndAdministrativeExpenses": 28000000,
    "sellingAndMarketingExpenses": 3000000,
    "sellingGeneralAndAdministrativeExpenses": 31000000,
    "otherExpenses": 0,
    "operatingExpenses": -190000000,
    "costAndExpenses": 1570000000,
    "interestIncome": 0,
    "interestExpense": 26000000,
    "depreciationAndAmortization": 344000000,
    "ebitda": 1765000000,
    "ebitdaratio": 0.6337522442,
    "operatingIncome": 1421000000,
    "operatingIncomeRatio": 0.5102333932,
    "totalOtherIncomeExpensesNet": -26000000,
    "incomeBeforeTax": 1395000000,
    "incomeBeforeTaxRatio": 0.5008976661,
    "incomeTaxExpense": -39000000,
    "netIncome": 1434000000,
    "netIncomeRatio": 0.5149012567,
    "eps": 12.1611,
    "epsdiluted": 12.1611,
    "weightedAverageShsOut": 117917349,
    "weightedAverageShsOutDil": 117917349,
    "link": "https://www.sec.gov/Archives/edgar/data/895126/000089512622000029/0000895126-22-000029-index.htm",
    "finalLink": "https://www.sec.gov/Archives/edgar/data/895126/000089512622000029/chk-20211231.htm"
  },
  {
    "date": "2021-09-30",
    "symbol": "EXE",
    "reportedCurrency": "USD",
    "cik": "0000895126",
    "fillingDate": "2021-11-02",
    "acceptedDate": "2021-11-02 21:11:35",
    "calendarYear": "2021",
    "period": "Q3",
    "revenue": 1634000000,
    "costOfRevenue": 1193000000,
    "grossProfit": 441000000,
    "grossProfitRatio": 0.2698898409,
    "researchAndDevelopmentExpenses": 0,
    "generalAndAdministrativeExpenses": 30000000,
    "sellingAndMarketingExpenses": 0,
    "sellingGeneralAndAdministrativeExpenses": 30000000,
    "otherExpenses": 2000000,
    "operatingExpenses": 33000000,
    "costAndExpenses": 1228000000,
    "interestIncome": 0,
    "interestExpense": 17000000,
    "depreciationAndAmortization": 228000000,
    "ebitda": -110000000,
    "ebitdaratio": -0.0673194614,
    "operatingIncome": 406000000,
    "operatingIncomeRatio": 0.2484700122,
    "totalOtherIncomeExpensesNet": -761000000,
    "incomeBeforeTax": -355000000,
    "incomeBeforeTaxRatio": -0.2172582619,
    "incomeTaxExpense": -10000000,
    "netIncome": -345000000,
    "netIncomeRatio": -0.2111383109,
    "eps": -3.51,
    "epsdiluted": -3.51,
    "weightedAverageShsOut": 98221000,
    "weightedAverageShsOutDil": 98221000,
    "link": "https://www.sec.gov/Archives/edgar/data/895126/000089512621000156/0000895126-21-000156-index.htm",
    "finalLink": "https://www.sec.gov/Archives/edgar/data/895126/000089512621000156/chk-20210930.htm"
  },
  {
    "date": "2021-06-30",
    "symbol": "EXE",
    "reportedCurrency": "USD",
    "cik": "0000895126",
    "fillingDate": "2021-08-10",
    "acceptedDate": "2021-08-10 20:38:13",
    "calendarYear": "2021",
    "period": "Q2",
    "revenue": 1431000000,
    "costOfRevenue": 1090000000,
    "grossProfit": 341000000,
    "grossProfitRatio": 0.2382948987,
    "researchAndDevelopmentExpenses": 0,
    "generalAndAdministrativeExpenses": 24000000,
    "sellingAndMarketingExpenses": 0,
    "sellingGeneralAndAdministrativeExpenses": 24000000,
    "otherExpenses": 7000000,
    "operatingExpenses": 20000000,
    "costAndExpenses": 1121000000,
    "interestIncome": 0,
    "interestExpense": 18000000,
    "depreciationAndAmortization": 229000000,
    "ebitda": -192000000,
    "ebitdaratio": -0.1341719078,
    "operatingIncome": -430000000,
    "operatingIncomeRatio": -0.3004891684,
    "totalOtherIncomeExpensesNet": -9000000,
    "incomeBeforeTax": -439000000,
    "incomeBeforeTaxRatio": -0.3067784766,
    "incomeTaxExpense": 0,
    "netIncome": -439000000,
    "netIncomeRatio": -0.3067784766,
    "eps": -4.48,
    "epsdiluted": -4.48,
    "weightedAverageShsOut": 97931000,
    "weightedAverageShsOutDil": 97931000,
    "link": "https://www.sec.gov/Archives/edgar/data/895126/000089512621000136/0000895126-21-000136-index.htm",
    "finalLink": "https://www.sec.gov/Archives/edgar/data/895126/000089512621000136/chk-20210630.htm"
  },
  {
    "date": "2021-03-31",
    "symbol": "EXE",
    "reportedCurrency": "USD",
    "cik": "0000895126",
    "fillingDate": "2021-05-13",
    "acceptedDate": "2021-05-13 12:33:23",
    "calendarYear": "2021",
    "period": "Q1",
    "revenue": 1467000000,
    "costOfRevenue": 1041000000,
    "grossProfit": 426000000,
    "grossProfitRatio": 0.2903885481,
    "researchAndDevelopmentExpenses": 0,
    "generalAndAdministrativeExpenses": 36000000,
    "sellingAndMarketingExpenses": 0,
    "sellingGeneralAndAdministrativeExpenses": 36000000,
    "otherExpenses": -10000000,
    "operatingExpenses": 26000000,
    "costAndExpenses": 1067000000,
    "interestIncome": 0,
    "interestExpense": 23000000,
    "depreciationAndAmortization": 194000000,
    "ebitda": 5838000000,
    "ebitdaratio": 3.9795501022,
    "operatingIncome": 400000000,
    "operatingIncomeRatio": 0.2726653033,
    "totalOtherIncomeExpensesNet": 5221000000,
    "incomeBeforeTax": 5621000000,
    "incomeBeforeTaxRatio": 3.8316291752,
    "incomeTaxExpense": -57000000,
    "netIncome": 5678000000,
    "netIncomeRatio": 3.8704839809,
    "eps": 57.99,
    "epsdiluted": 57.99,
    "weightedAverageShsOut": 97907081,
    "weightedAverageShsOutDil": 97907081,
    "link": "https://www.sec.gov/Archives/edgar/data/895126/000089512621000107/0000895126-21-000107-index.htm",
    "finalLink": "https://www.sec.gov/Archives/edgar/data/895126/000089512621000107/chk-20210331.htm"
  },
  {
    "date": "2020-12-31",
    "symbol": "EXE",
    "reportedCurrency": "USD",
    "cik": "0000895126",
    "fillingDate": "2021-03-01",
    "acceptedDate": "2021-03-01 21:42:00",
    "calendarYear": "2020",
    "period": "Q4",
    "revenue": 1207000000,
    "costOfRevenue": 1007000000,
    "grossProfit": 200000000,
    "grossProfitRatio": 0.1657000829,
    "researchAndDevelopmentExpenses": 0,
    "generalAndAdministrativeExpenses": 38000000,
    "sellingAndMarketingExpenses": 1000000,
    "sellingGeneralAndAdministrativeExpenses": 39000000,
    "otherExpenses": -17000000,
    "operatingExpenses": 55000000,
    "costAndExpenses": 1020000000,
    "interestIncome": 0,
    "interestExpense": 24000000,
    "depreciationAndAmortization": 584000000,
    "ebitda": 186000000,
    "ebitdaratio": 0.1541010771,
    "operatingIncome": 176000000,
    "operatingIncomeRatio": 0.1458160729,
    "totalOtherIncomeExpensesNet": -598000000,
    "incomeBeforeTax": -422000000,
    "incomeBeforeTaxRatio": -0.3496271748,
    "incomeTaxExpense": -6000000,
    "netIncome": -416000000,
    "netIncomeRatio": -0.3446561723,
    "eps": -42.53,
    "epsdiluted": -42.53,
    "weightedAverageShsOut": 9780547,
    "weightedAverageShsOutDil": 9780547,
    "link": "https://www.sec.gov/Archives/edgar/data/895126/000089512621000078/0000895126-21-000078-index.htm",
    "finalLink": "https://www.sec.gov/Archives/edgar/data/895126/000089512621000078/chk-20201231.htm"
  },
  {
    "date": "2020-09-30",
    "symbol": "EXE",
    "reportedCurrency": "USD",
    "cik": "0000895126",
    "fillingDate": "2020-11-09",
    "acceptedDate": "2020-11-09 21:44:29",
    "calendarYear": "2020",
    "period": "Q3",
    "revenue": 1135000000,
    "costOfRevenue": 1002000000,
    "grossProfit": 133000000,
    "grossProfitRatio": 0.1171806167,
    "researchAndDevelopmentExpenses": 0,
    "generalAndAdministrativeExpenses": 52000000,
    "sellingAndMarketingExpenses": 0,
    "sellingGeneralAndAdministrativeExpenses": 52000000,
    "otherExpenses": 4000000,
    "operatingExpenses": 56000000,
    "costAndExpenses": 1231000000,
    "interestIncome": 0,
    "interestExpense": 25000000,
    "depreciationAndAmortization": 170000000,
    "ebitda": -550000000,
    "ebitdaratio": -0.4845814978,
    "operatingIncome": 77000000,
    "operatingIncomeRatio": 0.0678414097,
    "totalOtherIncomeExpensesNet": -822000000,
    "incomeBeforeTax": -745000000,
    "incomeBeforeTaxRatio": -0.6563876652,
    "incomeTaxExpense": 0,
    "netIncome": -745000000,
    "netIncomeRatio": -0.6563876652,
    "eps": -76.18,
    "epsdiluted": -76.18,
    "weightedAverageShsOut": 9780000,
    "weightedAverageShsOutDil": 9780000,
    "link": "https://www.sec.gov/Archives/edgar/data/895126/000089512620000171/0000895126-20-000171-index.htm",
    "finalLink": "https://www.sec.gov/Archives/edgar/data/895126/000089512620000171/chk-2020093010q.htm"
  },
  {
    "date": "2020-06-30",
    "symbol": "EXE",
    "reportedCurrency": "USD",
    "cik": "0000895126",
    "fillingDate": "2020-08-10",
    "acceptedDate": "2020-08-10 20:50:36",
    "calendarYear": "2020",
    "period": "Q2",
    "revenue": 694000000,
    "costOfRevenue": 916000000,
    "grossProfit": -222000000,
    "grossProfitRatio": -0.3198847262,
    "researchAndDevelopmentExpenses": 0,
    "generalAndAdministrativeExpenses": 112000000,
    "sellingAndMarketingExpenses": 0,
    "sellingGeneralAndAdministrativeExpenses": 112000000,
    "otherExpenses": 5000000,
    "operatingExpenses": 117000000,
    "costAndExpenses": 1221000000,
    "interestIncome": 0,
    "interestExpense": 137000000,
    "depreciationAndAmortization": 158000000,
    "ebitda": 19000000,
    "ebitdaratio": 0.0273775216,
    "operatingIncome": -339000000,
    "operatingIncomeRatio": -0.4884726225,
    "totalOtherIncomeExpensesNet": 63000000,
    "incomeBeforeTax": -276000000,
    "incomeBeforeTaxRatio": -0.3976945245,
    "incomeTaxExpense": 0,
    "netIncome": -276000000,
    "netIncomeRatio": -0.3976945245,
    "eps": -28.22,
    "epsdiluted": -28.22,
    "weightedAverageShsOut": 9779000,
    "weightedAverageShsOutDil": 9779000,
    "link": "https://www.sec.gov/Archives/edgar/data/895126/000089512620000138/0000895126-20-000138-index.htm",
    "finalLink": "https://www.sec.gov/Archives/edgar/data/895126/000089512620000138/chk-2020063010q.htm"
  },
  {
    "date": "2020-03-31",
    "symbol": "EXE",
    "reportedCurrency": "USD",
    "cik": "0000895126",
    "fillingDate": "2020-05-11",
    "acceptedDate": "2020-05-11 12:23:44",
    "calendarYear": "2020",
    "period": "Q1",
    "revenue": 1634000000,
    "costOfRevenue": 2092000000,
    "grossProfit": -458000000,
    "grossProfitRatio": -0.2802937576,
    "researchAndDevelopmentExpenses": 0,
    "generalAndAdministrativeExpenses": 65000000,
    "sellingAndMarketingExpenses": 0,
    "sellingGeneralAndAdministrativeExpenses": 65000000,
    "otherExpenses": 8563000000,
    "operatingExpenses": 148000000,
    "costAndExpenses": 10752000000,
    "interestIncome": 0,
    "interestExpense": 145000000,
    "depreciationAndAmortization": 603000000,
    "ebitda": -7578000000,
    "ebitdaratio": -4.6376988984,
    "operatingIncome": -8227000000,
    "operatingIncomeRatio": -5.0348837209,
    "totalOtherIncomeExpensesNet": -99000000,
    "incomeBeforeTax": -8326000000,
    "incomeBeforeTaxRatio": -5.0954712362,
    "incomeTaxExpense": -13000000,
    "netIncome": -8297000000,
    "netIncomeRatio": -5.0777233782,
    "eps": -852.97,
    "epsdiluted": -852.97,
    "weightedAverageShsOut": 9753000,
    "weightedAverageShsOutDil": 9753000,
    "link": "https://www.sec.gov/Archives/edgar/data/895126/000089512620000115/0000895126-20-000115-index.htm",
    "finalLink": "https://www.sec.gov/Archives/edgar/data/895126/000089512620000115/chk-2020033110q.htm"
  },
  {
    "date": "2019-12-31",
    "symbol": "EXE",
    "reportedCurrency": "USD",
    "cik": "0000895126",
    "fillingDate": "2020-02-27",
    "acceptedDate": "2020-02-27 13:36:49",
    "calendarYear": "2019",
    "period": "Q4",
    "revenue": 2052000000,
    "costOfRevenue": 2001000000,
    "grossProfit": 51000000,
    "grossProfitRatio": 0.0248538012,
    "researchAndDevelopmentExpenses": 0,
    "generalAndAdministrativeExpenses": 57000000,
    "sellingAndMarketingExpenses": 0,
    "sellingGeneralAndAdministrativeExpenses": 57000000,
    "otherExpenses": 29000000,
    "operatingExpenses": 67000000,
    "costAndExpenses": 2054000000,
    "interestIncome": 0,
    "interestExpense": 139000000,
    "depreciationAndAmortization": 615000000,
    "ebitda": 414000000,
    "ebitdaratio": 0.201754386,
    "operatingIncome": -173000000,
    "operatingIncomeRatio": -0.0843079922,
    "totalOtherIncomeExpensesNet": -167000000,
    "incomeBeforeTax": -340000000,
    "incomeBeforeTaxRatio": -0.1656920078,
    "incomeTaxExpense": -16000000,
    "netIncome": -324000000,
    "netIncomeRatio": -0.1578947368,
    "eps": -36,
    "epsdiluted": -36,
    "weightedAverageShsOut": 9740000,
    "weightedAverageShsOutDil": 9740000,
    "link": "https://www.sec.gov/Archives/edgar/data/895126/000089512620000061/0000895126-20-000061-index.htm",
    "finalLink": "https://www.sec.gov/Archives/edgar/data/895126/000089512620000061/chk-2019123110k.htm"
  },
  {
    "date": "2019-09-30",
    "symbol": "EXE",
    "reportedCurrency": "USD",
    "cik": "0000895126",
    "fillingDate": "2019-11-05",
    "acceptedDate": "2019-11-05 13:28:07",
    "calendarYear": "2019",
    "period": "Q3",
    "revenue": 1920000000,
    "costOfRevenue": 1934000000,
    "grossProfit": -14000000,
    "grossProfitRatio": -0.0072916667,
    "researchAndDevelopmentExpenses": 0,
    "generalAndAdministrativeExpenses": 66000000,
    "sellingAndMarketingExpenses": 0,
    "sellingGeneralAndAdministrativeExpenses": 66000000,
    "otherExpenses": 13000000,
    "operatingExpenses": 79000000,
    "costAndExpenses": 1993000000,
    "interestIncome": 0,
    "interestExpense": 177000000,
    "depreciationAndAmortization": 582000000,
    "ebitda": 697000000,
    "ebitdaratio": 0.3630208333,
    "operatingIncome": -104000000,
    "operatingIncomeRatio": -0.0541666667,
    "totalOtherIncomeExpensesNet": 42000000,
    "incomeBeforeTax": -62000000,
    "incomeBeforeTaxRatio": -0.0322916667,
    "incomeTaxExpense": -1000000,
    "netIncome": -61000000,
    "netIncomeRatio": -0.0317708333,
    "eps": -11.89,
    "epsdiluted": -11.89,
    "weightedAverageShsOut": 8492000,
    "weightedAverageShsOutDil": 8492000,
    "link": "https://www.sec.gov/Archives/edgar/data/895126/000089512619000220/0000895126-19-000220-index.htm",
    "finalLink": "https://www.sec.gov/Archives/edgar/data/895126/000089512619000220/chk-2019093010q.htm"
  },
  {
    "date": "2019-06-30",
    "symbol": "EXE",
    "reportedCurrency": "USD",
    "cik": "0000895126",
    "fillingDate": "2019-08-06",
    "acceptedDate": "2019-08-06 12:42:42",
    "calendarYear": "2019",
    "period": "Q2",
    "revenue": 2111000000,
    "costOfRevenue": 1997000000,
    "grossProfit": 114000000,
    "grossProfitRatio": 0.0540028423,
    "researchAndDevelopmentExpenses": 0,
    "generalAndAdministrativeExpenses": 89000000,
    "sellingAndMarketingExpenses": 0,
    "sellingGeneralAndAdministrativeExpenses": 89000000,
    "otherExpenses": -3000000,
    "operatingExpenses": 95000000,
    "costAndExpenses": 2067000000,
    "interestIncome": 0,
    "interestExpense": 175000000,
    "depreciationAndAmortization": 587000000,
    "ebitda": 860000000,
    "ebitdaratio": 0.4073898626,
    "operatingIncome": 278000000,
    "operatingIncomeRatio": 0.1316911416,
    "totalOtherIncomeExpensesNet": -180000000,
    "incomeBeforeTax": 98000000,
    "incomeBeforeTaxRatio": 0.046423496,
    "incomeTaxExpense": 0,
    "netIncome": 98000000,
    "netIncomeRatio": 0.046423496,
    "eps": 9.21,
    "epsdiluted": 9.21,
    "weightedAverageShsOut": 8141000,
    "weightedAverageShsOutDil": 8141000,
    "link": "https://www.sec.gov/Archives/edgar/data/895126/000089512619000196/0000895126-19-000196-index.htm",
    "finalLink": "https://www.sec.gov/Archives/edgar/data/895126/000089512619000196/chk-2019063010q.htm"
  },
  {
    "date": "2019-03-31",
    "symbol": "EXE",
    "reportedCurrency": "USD",
    "cik": "0000895126",
    "fillingDate": "2019-05-09",
    "acceptedDate": "2019-05-09 20:46:56",
    "calendarYear": "2019",
    "period": "Q1",
    "revenue": 2162000000,
    "costOfRevenue": 2213000000,
    "grossProfit": -51000000,
    "grossProfitRatio": -0.0235892692,
    "researchAndDevelopmentExpenses": 0,
    "generalAndAdministrativeExpenses": 103000000,
    "sellingAndMarketingExpenses": 0,
    "sellingGeneralAndAdministrativeExpenses": 103000000,
    "otherExpenses": 52000000,
    "operatingExpenses": 155000000,
    "costAndExpenses": 2325000000,
    "interestIncome": 0,
    "interestExpense": 161000000,
    "depreciationAndAmortization": 519000000,
    "ebitda": 345000000,
    "ebitdaratio": 0.1595744681,
    "operatingIncome": -182000000,
    "operatingIncomeRatio": -0.0841813136,
    "totalOtherIncomeExpensesNet": -153000000,
    "incomeBeforeTax": -335000000,
    "incomeBeforeTaxRatio": -0.1549491212,
    "incomeTaxExpense": -314000000,
    "netIncome": -21000000,
    "netIncomeRatio": -0.0097132285,
    "eps": -6,
    "epsdiluted": -6,
    "weightedAverageShsOut": 6900000,
    "weightedAverageShsOutDil": 6900000,
    "link": "https://www.sec.gov/Archives/edgar/data/895126/000089512619000144/0000895126-19-000144-index.htm",
    "finalLink": "https://www.sec.gov/Archives/edgar/data/895126/000089512619000144/chk-20190331_10q.htm"
  },
  {
    "date": "2018-12-31",
    "symbol": "EXE",
    "reportedCurrency": "USD",
    "cik": "0000895126",
    "fillingDate": "2019-02-27",
    "acceptedDate": "2019-02-27 13:50:42",
    "calendarYear": "2018",
    "period": "Q4",
    "revenue": 3069000000,
    "costOfRevenue": 2131000000,
    "grossProfit": 938000000,
    "grossProfitRatio": 0.3056370153,
    "researchAndDevelopmentExpenses": 0,
    "generalAndAdministrativeExpenses": 51000000,
    "sellingAndMarketingExpenses": 0,
    "sellingGeneralAndAdministrativeExpenses": 51000000,
    "otherExpenses": -4000000,
    "operatingExpenses": 55000000,
    "costAndExpenses": 2633000000,
    "interestIncome": 1000000,
    "interestExpense": 121000000,
    "depreciationAndAmortization": 278000000,
    "ebitda": 911000000,
    "ebitdaratio": 0.2968393614,
    "operatingIncome": 417000000,
    "operatingIncomeRatio": 0.1358748778,
    "totalOtherIncomeExpensesNet": 95000000,
    "incomeBeforeTax": 512000000,
    "incomeBeforeTaxRatio": 0.1668295862,
    "incomeTaxExpense": -2000000,
    "netIncome": 509000000,
    "netIncomeRatio": 0.1658520691,
    "eps": 106.81,
    "epsdiluted": 87.1,
    "weightedAverageShsOut": 4550000,
    "weightedAverageShsOutDil": 5580000,
    "link": "https://www.sec.gov/Archives/edgar/data/895126/000089512619000070/0000895126-19-000070-index.htm",
    "finalLink": "https://www.sec.gov/Archives/edgar/data/895126/000089512619000070/chk-20181231_10k.htm"
  },
  {
    "date": "2018-09-30",
    "symbol": "EXE",
    "reportedCurrency": "USD",
    "cik": "0000895126",
    "fillingDate": "2018-10-30",
    "acceptedDate": "2018-10-30 21:27:14",
    "calendarYear": "2018",
    "period": "Q3",
    "revenue": 2550000000,
    "costOfRevenue": 2059000000,
    "grossProfit": 491000000,
    "grossProfitRatio": 0.1925490196,
    "researchAndDevelopmentExpenses": 0,
    "generalAndAdministrativeExpenses": 81000000,
    "sellingAndMarketingExpenses": 0,
    "sellingGeneralAndAdministrativeExpenses": 81000000,
    "otherExpenses": 0,
    "operatingExpenses": 163000000,
    "costAndExpenses": 2318000000,
    "interestIncome": 24000000,
    "interestExpense": 189000000,
    "depreciationAndAmortization": 291000000,
    "ebitda": 449000000,
    "ebitdaratio": 0.1760784314,
    "operatingIncome": 425000000,
    "operatingIncomeRatio": 0.1666666667,
    "totalOtherIncomeExpensesNet": -570000000,
    "incomeBeforeTax": -145000000,
    "incomeBeforeTaxRatio": -0.0568627451,
    "incomeTaxExpense": 1000000,
    "netIncome": -146000000,
    "netIncomeRatio": -0.057254902,
    "eps": -38,
    "epsdiluted": -38,
    "weightedAverageShsOut": 4550000,
    "weightedAverageShsOutDil": 4555000,
    "link": "https://www.sec.gov/Archives/edgar/data/895126/000089512618000260/0000895126-18-000260-index.htm",
    "finalLink": "https://www.sec.gov/Archives/edgar/data/895126/000089512618000260/chk-20180930_10q.htm"
  },
  {
    "date": "2018-06-30",
    "symbol": "EXE",
    "reportedCurrency": "USD",
    "cik": "0000895126",
    "fillingDate": "2018-08-01",
    "acceptedDate": "2018-08-01 13:09:36",
    "calendarYear": "2018",
    "period": "Q2",
    "revenue": 2506000000,
    "costOfRevenue": 2086000000,
    "grossProfit": 420000000,
    "grossProfitRatio": 0.1675977654,
    "researchAndDevelopmentExpenses": 0,
    "generalAndAdministrativeExpenses": 105000000,
    "sellingAndMarketingExpenses": 0,
    "sellingGeneralAndAdministrativeExpenses": 105000000,
    "otherExpenses": 1000000,
    "operatingExpenses": 90000000,
    "costAndExpenses": 2405000000,
    "interestIncome": 24000000,
    "interestExpense": 179000000,
    "depreciationAndAmortization": 290000000,
    "ebitda": 382000000,
    "ebitdaratio": 0.152434158,
    "operatingIncome": -160000000,
    "operatingIncomeRatio": -0.0638467678,
    "totalOtherIncomeExpensesNet": -98000000,
    "incomeBeforeTax": -258000000,
    "incomeBeforeTaxRatio": -0.102952913,
    "incomeTaxExpense": -9000000,
    "netIncome": -249000000,
    "netIncomeRatio": -0.0993615323,
    "eps": -60,
    "epsdiluted": -60,
    "weightedAverageShsOut": 4545000,
    "weightedAverageShsOutDil": 4545000,
    "link": "https://www.sec.gov/Archives/edgar/data/895126/000089512618000196/0000895126-18-000196-index.htm",
    "finalLink": "https://www.sec.gov/Archives/edgar/data/895126/000089512618000196/chk-20180630_10q.htm"
  },
  {
    "date": "2018-03-31",
    "symbol": "EXE",
    "reportedCurrency": "USD",
    "cik": "0000895126",
    "fillingDate": "2018-05-02",
    "acceptedDate": "2018-05-02 12:26:44",
    "calendarYear": "2018",
    "period": "Q1",
    "revenue": 2606000000,
    "costOfRevenue": 2088000000,
    "grossProfit": 518000000,
    "grossProfitRatio": 0.1987720645,
    "researchAndDevelopmentExpenses": 0,
    "generalAndAdministrativeExpenses": 87000000,
    "sellingAndMarketingExpenses": 0,
    "sellingGeneralAndAdministrativeExpenses": 87000000,
    "otherExpenses": 0,
    "operatingExpenses": 72000000,
    "costAndExpenses": 2432000000,
    "interestIncome": 24000000,
    "interestExpense": 186000000,
    "depreciationAndAmortization": 286000000,
    "ebitda": 703000000,
    "ebitdaratio": 0.2697620875,
    "operatingIncome": 446000000,
    "operatingIncomeRatio": 0.171143515,
    "totalOtherIncomeExpensesNet": -152000000,
    "incomeBeforeTax": 294000000,
    "incomeBeforeTaxRatio": 0.1128165771,
    "incomeTaxExpense": 0,
    "netIncome": 17000000,
    "netIncomeRatio": 0.0065234075,
    "eps": -2,
    "epsdiluted": -2,
    "weightedAverageShsOut": 4535000,
    "weightedAverageShsOutDil": 5265000,
    "link": "https://www.sec.gov/Archives/edgar/data/895126/000089512618000129/0000895126-18-000129-index.htm",
    "finalLink": "https://www.sec.gov/Archives/edgar/data/895126/000089512618000129/chk-20180331_10q.htm"
  },
  {
    "date": "2017-12-31",
    "symbol": "EXE",
    "reportedCurrency": "USD",
    "cik": "0000895126",
    "fillingDate": "2018-02-22",
    "acceptedDate": "2018-02-22 14:19:08",
    "calendarYear": "2017",
    "period": "Q4",
    "revenue": 2569000000,
    "costOfRevenue": 2122000000,
    "grossProfit": 447000000,
    "grossProfitRatio": 0.1739976645,
    "researchAndDevelopmentExpenses": 0,
    "generalAndAdministrativeExpenses": 73000000,
    "sellingAndMarketingExpenses": 0,
    "sellingGeneralAndAdministrativeExpenses": 73000000,
    "otherExpenses": -81000000,
    "operatingExpenses": 146000000,
    "costAndExpenses": 2089000000,
    "interestIncome": 0,
    "interestExpense": 123000000,
    "depreciationAndAmortization": 306000000,
    "ebitda": 763000000,
    "ebitdaratio": 0.2970027248,
    "operatingIncome": 447000000,
    "operatingIncomeRatio": 0.1739976645,
    "totalOtherIncomeExpensesNet": -113000000,
    "incomeBeforeTax": 334000000,
    "incomeBeforeTaxRatio": 0.1300116777,
    "incomeTaxExpense": 0,
    "netIncome": 333000000,
    "netIncomeRatio": 0.1296224212,
    "eps": 68,
    "epsdiluted": 58.69,
    "weightedAverageShsOut": 4535000,
    "weightedAverageShsOutDil": 5265000,
    "link": "https://www.sec.gov/Archives/edgar/data/895126/000089512618000060/0000895126-18-000060-index.htm",
    "finalLink": "https://www.sec.gov/Archives/edgar/data/895126/000089512618000060/chk-20171231_10k.htm"
  },
  {
    "date": "2017-09-30",
    "symbol": "EXE",
    "reportedCurrency": "USD",
    "cik": "0000895126",
    "fillingDate": "2017-11-02",
    "acceptedDate": "2017-11-02 11:58:09",
    "calendarYear": "2017",
    "period": "Q3",
    "revenue": 2005000000,
    "costOfRevenue": 1767000000,
    "grossProfit": 238000000,
    "grossProfitRatio": 0.1187032419,
    "researchAndDevelopmentExpenses": 0,
    "generalAndAdministrativeExpenses": 54000000,
    "sellingAndMarketingExpenses": 0,
    "sellingGeneralAndAdministrativeExpenses": 54000000,
    "otherExpenses": 0,
    "operatingExpenses": 54000000,
    "costAndExpenses": 1828000000,
    "interestIncome": 0,
    "interestExpense": 115000000,
    "depreciationAndAmortization": 248000000,
    "ebitda": 346000000,
    "ebitdaratio": 0.1725685786,
    "operatingIncome": 94000000,
    "operatingIncomeRatio": 0.046882793,
    "totalOtherIncomeExpensesNet": -111000000,
    "incomeBeforeTax": -17000000,
    "incomeBeforeTaxRatio": -0.008478803,
    "incomeTaxExpense": 0,
    "netIncome": -18000000,
    "netIncomeRatio": -0.0089775561,
    "eps": -10,
    "epsdiluted": -10,
    "weightedAverageShsOut": 4545000,
    "weightedAverageShsOutDil": 4545000,
    "link": "https://www.sec.gov/Archives/edgar/data/895126/000089512617000306/0000895126-17-000306-index.htm",
    "finalLink": "https://www.sec.gov/Archives/edgar/data/895126/000089512617000306/chk-20170930_10q.htm"
  },
  {
    "date": "2017-06-30",
    "symbol": "EXE",
    "reportedCurrency": "USD",
    "cik": "0000895126",
    "fillingDate": "2017-08-03",
    "acceptedDate": "2017-08-03 11:54:32",
    "calendarYear": "2017",
    "period": "Q2",
    "revenue": 2281000000,
    "costOfRevenue": 1768000000,
    "grossProfit": 513000000,
    "grossProfitRatio": 0.2249013591,
    "researchAndDevelopmentExpenses": 0,
    "generalAndAdministrativeExpenses": 70000000,
    "sellingAndMarketingExpenses": 0,
    "sellingGeneralAndAdministrativeExpenses": 70000000,
    "otherExpenses": 0,
    "operatingExpenses": 70000000,
    "costAndExpenses": 1861000000,
    "interestIncome": 0,
    "interestExpense": 93000000,
    "depreciationAndAmortization": 223000000,
    "ebitda": 812000000,
    "ebitdaratio": 0.3559842174,
    "operatingIncome": 236000000,
    "operatingIncomeRatio": 0.1034633932,
    "totalOtherIncomeExpensesNet": 260000000,
    "incomeBeforeTax": 496000000,
    "incomeBeforeTaxRatio": 0.2174484875,
    "incomeTaxExpense": 1000000,
    "netIncome": 494000000,
    "netIncomeRatio": 0.2165716791,
    "eps": 104,
    "epsdiluted": 94,
    "weightedAverageShsOut": 4540000,
    "weightedAverageShsOutDil": 5570000,
    "link": "https://www.sec.gov/Archives/edgar/data/895126/000089512617000234/0000895126-17-000234-index.htm",
    "finalLink": "https://www.sec.gov/Archives/edgar/data/895126/000089512617000234/chk-20170630_10q.htm"
  },
  {
    "date": "2017-03-31",
    "symbol": "EXE",
    "reportedCurrency": "USD",
    "cik": "0000895126",
    "fillingDate": "2017-05-04",
    "acceptedDate": "2017-05-04 20:35:23",
    "calendarYear": "2017",
    "period": "Q1",
    "revenue": 2753000000,
    "costOfRevenue": 2058000000,
    "grossProfit": 695000000,
    "grossProfitRatio": 0.2524518707,
    "researchAndDevelopmentExpenses": 0,
    "generalAndAdministrativeExpenses": 65000000,
    "sellingAndMarketingExpenses": 0,
    "sellingGeneralAndAdministrativeExpenses": 65000000,
    "otherExpenses": 2000000,
    "operatingExpenses": 454000000,
    "costAndExpenses": 2490000000,
    "interestIncome": 0,
    "interestExpense": 94000000,
    "depreciationAndAmortization": 218000000,
    "ebitda": 454000000,
    "ebitdaratio": 0.1649110062,
    "operatingIncome": 300000000,
    "operatingIncomeRatio": 0.1089720305,
    "totalOtherIncomeExpensesNet": -158000000,
    "incomeBeforeTax": 142000000,
    "incomeBeforeTaxRatio": 0.0515800944,
    "incomeTaxExpense": 1000000,
    "netIncome": 139000000,
    "netIncomeRatio": 0.0504903741,
    "eps": 16,
    "epsdiluted": 16,
    "weightedAverageShsOut": 4530000,
    "weightedAverageShsOutDil": 4535000,
    "link": "https://www.sec.gov/Archives/edgar/data/895126/000089512617000127/0000895126-17-000127-index.htm",
    "finalLink": "https://www.sec.gov/Archives/edgar/data/895126/000089512617000127/chk-20170331_10q.htm"
  },
  {
    "date": "2016-12-31",
    "symbol": "EXE",
    "reportedCurrency": "USD",
    "cik": "0000895126",
    "fillingDate": "2017-03-03",
    "acceptedDate": "2017-03-03 13:25:29",
    "calendarYear": "2016",
    "period": "Q4",
    "revenue": 2021000000,
    "costOfRevenue": 2200000000,
    "grossProfit": -179000000,
    "grossProfitRatio": -0.0885700148,
    "researchAndDevelopmentExpenses": 0,
    "generalAndAdministrativeExpenses": 68000000,
    "sellingAndMarketingExpenses": 0,
    "sellingGeneralAndAdministrativeExpenses": 68000000,
    "otherExpenses": 280000000,
    "operatingExpenses": 348000000,
    "costAndExpenses": 2288000000,
    "interestIncome": 0,
    "interestExpense": 87000000,
    "depreciationAndAmortization": 233000000,
    "ebitda": -230000000,
    "ebitdaratio": -0.113805047,
    "operatingIncome": -528000000,
    "operatingIncomeRatio": -0.2612568036,
    "totalOtherIncomeExpensesNet": -4000000,
    "incomeBeforeTax": -532000000,
    "incomeBeforeTaxRatio": -0.2632360218,
    "incomeTaxExpense": -190000000,
    "netIncome": -343000000,
    "netIncomeRatio": -0.1697179614,
    "eps": -168,
    "epsdiluted": -168,
    "weightedAverageShsOut": 4435000,
    "weightedAverageShsOutDil": 4435000,
    "link": "https://www.sec.gov/Archives/edgar/data/895126/000089512617000068/0000895126-17-000068-index.htm",
    "finalLink": "https://www.sec.gov/Archives/edgar/data/895126/000089512617000068/chk-20161231_10k.htm"
  },
  {
    "date": "2016-09-30",
    "symbol": "EXE",
    "reportedCurrency": "USD",
    "cik": "0000895126",
    "fillingDate": "2016-11-03",
    "acceptedDate": "2016-11-03 20:18:01",
    "calendarYear": "2016",
    "period": "Q3",
    "revenue": 2143000000,
    "costOfRevenue": 2191000000,
    "grossProfit": -48000000,
    "grossProfitRatio": -0.0223985068,
    "researchAndDevelopmentExpenses": 0,
    "generalAndAdministrativeExpenses": 63000000,
    "sellingAndMarketingExpenses": 0,
    "sellingGeneralAndAdministrativeExpenses": 63000000,
    "otherExpenses": 1256000000,
    "operatingExpenses": 1319000000,
    "costAndExpenses": 2258000000,
    "interestIncome": 1000000,
    "interestExpense": 74000000,
    "depreciationAndAmortization": 276000000,
    "ebitda": -800000000,
    "ebitdaratio": -0.3733084461,
    "operatingIncome": -1234000000,
    "operatingIncomeRatio": -0.5758282781,
    "totalOtherIncomeExpensesNet": 20000000,
    "incomeBeforeTax": -1214000000,
    "incomeBeforeTaxRatio": -0.566495567,
    "incomeTaxExpense": -60000000,
    "netIncome": -1215000000,
    "netIncomeRatio": -0.5669622025,
    "eps": -324,
    "epsdiluted": -324,
    "weightedAverageShsOut": 3885000,
    "weightedAverageShsOutDil": 3885000,
    "link": "https://www.sec.gov/Archives/edgar/data/895126/000089512616000593/0000895126-16-000593-index.htm",
    "finalLink": "https://www.sec.gov/Archives/edgar/data/895126/000089512616000593/chk-20160930_10q.htm"
  },
  {
    "date": "2016-06-30",
    "symbol": "EXE",
    "reportedCurrency": "USD",
    "cik": "0000895126",
    "fillingDate": "2016-08-04",
    "acceptedDate": "2016-08-04 12:29:27",
    "calendarYear": "2016",
    "period": "Q2",
    "revenue": 1622000000,
    "costOfRevenue": 2198000000,
    "grossProfit": -576000000,
    "grossProfitRatio": -0.3551171393,
    "researchAndDevelopmentExpenses": 0,
    "generalAndAdministrativeExpenses": 61000000,
    "sellingAndMarketingExpenses": 0,
    "sellingGeneralAndAdministrativeExpenses": 61000000,
    "otherExpenses": 1146000000,
    "operatingExpenses": 1207000000,
    "costAndExpenses": 3405000000,
    "interestIncome": 41000000,
    "interestExpense": 104000000,
    "depreciationAndAmortization": 306000000,
    "ebitda": -1366000000,
    "ebitdaratio": -0.8421701603,
    "operatingIncome": -1783000000,
    "operatingIncomeRatio": -1.0992601726,
    "totalOtherIncomeExpensesNet": 7000000,
    "incomeBeforeTax": -1776000000,
    "incomeBeforeTaxRatio": -1.0949445129,
    "incomeTaxExpense": 0,
    "netIncome": -1776000000,
    "netIncomeRatio": -1.0949445129,
    "eps": -502,
    "epsdiluted": -502,
    "weightedAverageShsOut": 3620000,
    "weightedAverageShsOutDil": 3620000,
    "link": "https://www.sec.gov/Archives/edgar/data/895126/000089512616000516/0000895126-16-000516-index.htm",
    "finalLink": "https://www.sec.gov/Archives/edgar/data/895126/000089512616000516/chk-20160630_10q.htm"
  },
  {
    "date": "2016-03-31",
    "symbol": "EXE",
    "reportedCurrency": "USD",
    "cik": "0000895126",
    "fillingDate": "2016-05-05",
    "acceptedDate": "2016-05-05 12:25:31",
    "calendarYear": "2016",
    "period": "Q1",
    "revenue": 1953000000,
    "costOfRevenue": 1940000000,
    "grossProfit": 13000000,
    "grossProfitRatio": 0.006656426,
    "researchAndDevelopmentExpenses": 0,
    "generalAndAdministrativeExpenses": 48000000,
    "sellingAndMarketingExpenses": 0,
    "sellingGeneralAndAdministrativeExpenses": 48000000,
    "otherExpenses": 1064000000,
    "operatingExpenses": 1112000000,
    "costAndExpenses": 3052000000,
    "interestIncome": 42000000,
    "interestExpense": 104000000,
    "depreciationAndAmortization": 292000000,
    "ebitda": -672000000,
    "ebitdaratio": -0.3440860215,
    "operatingIncome": -1099000000,
    "operatingIncomeRatio": -0.5627240143,
    "totalOtherIncomeExpensesNet": 31000000,
    "incomeBeforeTax": -1068000000,
    "incomeBeforeTaxRatio": -0.5468509985,
    "incomeTaxExpense": 0,
    "netIncome": -1068000000,
    "netIncomeRatio": -0.5468509985,
    "eps": -332,
    "epsdiluted": -332,
    "weightedAverageShsOut": 3340000,
    "weightedAverageShsOutDil": 3340000,
    "link": "https://www.sec.gov/Archives/edgar/data/895126/000089512616000435/0000895126-16-000435-index.htm",
    "finalLink": "https://www.sec.gov/Archives/edgar/data/895126/000089512616000435/chk-20160331_10q.htm"
  },
  {
    "date": "2015-12-31",
    "symbol": "EXE",
    "reportedCurrency": "USD",
    "cik": "0000895126",
    "fillingDate": "2016-02-25",
    "acceptedDate": "2016-02-25 13:59:17",
    "calendarYear": "2015",
    "period": "Q4",
    "revenue": 4078000000,
    "costOfRevenue": 4083000000,
    "grossProfit": -5000000,
    "grossProfitRatio": -0.0012260912,
    "researchAndDevelopmentExpenses": 0,
    "generalAndAdministrativeExpenses": 61000000,
    "sellingAndMarketingExpenses": 0,
    "sellingGeneralAndAdministrativeExpenses": 61000000,
    "otherExpenses": 2853000000,
    "operatingExpenses": 2914000000,
    "costAndExpenses": 6997000000,
    "interestIncome": 0,
    "interestExpense": 107000000,
    "depreciationAndAmortization": 356000000,
    "ebitda": -2371000000,
    "ebitdaratio": -0.5814124571,
    "operatingIncome": -2919000000,
    "operatingIncomeRatio": -0.7157920549,
    "totalOtherIncomeExpensesNet": 85000000,
    "incomeBeforeTax": -2834000000,
    "incomeBeforeTaxRatio": -0.6949485042,
    "incomeTaxExpense": -649000000,
    "netIncome": -2185000000,
    "netIncomeRatio": -0.5358018637,
    "eps": -672,
    "epsdiluted": -672,
    "weightedAverageShsOut": 3315000,
    "weightedAverageShsOutDil": 3315000,
    "link": "https://www.sec.gov/Archives/edgar/data/895126/000089512616000395/0000895126-16-000395-index.htm",
    "finalLink": "https://www.sec.gov/Archives/edgar/data/895126/000089512616000395/chk-20151231_10k.htm"
  },
  {
    "date": "2015-09-30",
    "symbol": "EXE",
    "reportedCurrency": "USD",
    "cik": "0000895126",
    "fillingDate": "2015-11-04",
    "acceptedDate": "2015-11-04 13:01:27",
    "calendarYear": "2015",
    "period": "Q3",
    "revenue": 3376000000,
    "costOfRevenue": 3286000000,
    "grossProfit": 90000000,
    "grossProfitRatio": 0.0266587678,
    "researchAndDevelopmentExpenses": 0,
    "generalAndAdministrativeExpenses": 49000000,
    "sellingAndMarketingExpenses": 0,
    "sellingGeneralAndAdministrativeExpenses": 49000000,
    "otherExpenses": 5494000000,
    "operatingExpenses": 5543000000,
    "costAndExpenses": 8829000000,
    "interestIncome": 0,
    "interestExpense": 88000000,
    "depreciationAndAmortization": 519000000,
    "ebitda": -4969000000,
    "ebitdaratio": -1.4718601896,
    "operatingIncome": -5453000000,
    "operatingIncomeRatio": -1.6152251185,
    "totalOtherIncomeExpensesNet": -123000000,
    "incomeBeforeTax": -5576000000,
    "incomeBeforeTaxRatio": -1.6516587678,
    "incomeTaxExpense": -937000000,
    "netIncome": -4652000000,
    "netIncomeRatio": -1.3779620853,
    "eps": -1416,
    "epsdiluted": -1416,
    "weightedAverageShsOut": 3315000,
    "weightedAverageShsOutDil": 3315000,
    "link": "https://www.sec.gov/Archives/edgar/data/895126/000089512615000292/0000895126-15-000292-index.htm",
    "finalLink": "https://www.sec.gov/Archives/edgar/data/895126/000089512615000292/chk-20150930_10q.htm"
  },
  {
    "date": "2015-06-30",
    "symbol": "EXE",
    "reportedCurrency": "USD",
    "cik": "0000895126",
    "fillingDate": "2015-08-05",
    "acceptedDate": "2015-08-05 12:29:01",
    "calendarYear": "2015",
    "period": "Q2",
    "revenue": 3521000000,
    "costOfRevenue": 3525000000,
    "grossProfit": -4000000,
    "grossProfitRatio": -0.0011360409,
    "researchAndDevelopmentExpenses": 0,
    "generalAndAdministrativeExpenses": 69000000,
    "sellingAndMarketingExpenses": 0,
    "sellingGeneralAndAdministrativeExpenses": 69000000,
    "otherExpenses": 5434000000,
    "operatingExpenses": 5503000000,
    "costAndExpenses": 9028000000,
    "interestIncome": 0,
    "interestExpense": 72000000,
    "depreciationAndAmortization": 635000000,
    "ebitda": -4889000000,
    "ebitdaratio": -1.3885259869,
    "operatingIncome": -5507000000,
    "operatingIncomeRatio": -1.5640443056,
    "totalOtherIncomeExpensesNet": -89000000,
    "incomeBeforeTax": -5596000000,
    "incomeBeforeTaxRatio": -1.5893212156,
    "incomeTaxExpense": -1506000000,
    "netIncome": -4108000000,
    "netIncomeRatio": -1.1667140017,
    "eps": -1254,
    "epsdiluted": -1254,
    "weightedAverageShsOut": 3310000,
    "weightedAverageShsOutDil": 3310000,
    "link": "https://www.sec.gov/Archives/edgar/data/895126/000089512615000203/0000895126-15-000203-index.htm",
    "finalLink": "https://www.sec.gov/Archives/edgar/data/895126/000089512615000203/chk-20150630_10q.htm"
  },
  {
    "date": "2015-03-31",
    "symbol": "EXE",
    "reportedCurrency": "USD",
    "cik": "0000895126",
    "fillingDate": "2015-05-06",
    "acceptedDate": "2015-05-06 12:32:21",
    "calendarYear": "2015",
    "period": "Q1",
    "revenue": 3218000000,
    "costOfRevenue": 3194000000,
    "grossProfit": 24000000,
    "grossProfitRatio": 0.0074580485,
    "researchAndDevelopmentExpenses": 0,
    "generalAndAdministrativeExpenses": 56000000,
    "sellingAndMarketingExpenses": 0,
    "sellingGeneralAndAdministrativeExpenses": 56000000,
    "otherExpenses": 5008000000,
    "operatingExpenses": 5064000000,
    "costAndExpenses": 8258000000,
    "interestIncome": 0,
    "interestExpense": 62000000,
    "depreciationAndAmortization": 719000000,
    "ebitda": -4311000000,
    "ebitdaratio": -1.3396519577,
    "operatingIncome": -5040000000,
    "operatingIncomeRatio": -1.5661901802,
    "totalOtherIncomeExpensesNet": -52000000,
    "incomeBeforeTax": -5092000000,
    "incomeBeforeTaxRatio": -1.5823492853,
    "incomeTaxExpense": -1372000000,
    "netIncome": -3739000000,
    "netIncomeRatio": -1.1619018024,
    "eps": -1144,
    "epsdiluted": -1144,
    "weightedAverageShsOut": 3305000,
    "weightedAverageShsOutDil": 3305000,
    "link": "https://www.sec.gov/Archives/edgar/data/895126/000089512615000128/0000895126-15-000128-index.htm",
    "finalLink": "https://www.sec.gov/Archives/edgar/data/895126/000089512615000128/chk-20150331_10q.htm"
  },
  {
    "date": "2014-12-31",
    "symbol": "EXE",
    "reportedCurrency": "USD",
    "cik": "0000895126",
    "fillingDate": "2015-02-27",
    "acceptedDate": "2015-02-27 14:08:37",
    "calendarYear": "2014",
    "period": "Q4",
    "revenue": 5050000000,
    "costOfRevenue": 3847000000,
    "grossProfit": 1203000000,
    "grossProfitRatio": 0.2382178218,
    "researchAndDevelopmentExpenses": 0,
    "generalAndAdministrativeExpenses": 93000000,
    "sellingAndMarketingExpenses": 0,
    "sellingGeneralAndAdministrativeExpenses": 93000000,
    "otherExpenses": 149000000,
    "operatingExpenses": 242000000,
    "costAndExpenses": 4089000000,
    "interestIncome": 0,
    "interestExpense": 41000000,
    "depreciationAndAmortization": 744000000,
    "ebitda": 1739000000,
    "ebitdaratio": 0.3443564356,
    "operatingIncome": 961000000,
    "operatingIncomeRatio": 0.1902970297,
    "totalOtherIncomeExpensesNet": -7000000,
    "incomeBeforeTax": 954000000,
    "incomeBeforeTaxRatio": 0.1889108911,
    "incomeTaxExpense": 285000000,
    "netIncome": 640000000,
    "netIncomeRatio": 0.1267326733,
    "eps": 178,
    "epsdiluted": 162,
    "weightedAverageShsOut": 3300000,
    "weightedAverageShsOutDil": 3865000,
    "link": "https://www.sec.gov/Archives/edgar/data/895126/000089512615000076/0000895126-15-000076-index.htm",
    "finalLink": "https://www.sec.gov/Archives/edgar/data/895126/000089512615000076/chk-20141231_10k.htm"
  },
  {
    "date": "2014-09-30",
    "symbol": "EXE",
    "reportedCurrency": "USD",
    "cik": "0000895126",
    "fillingDate": "2014-11-06",
    "acceptedDate": "2014-11-05 23:39:44",
    "calendarYear": "2014",
    "period": "Q3",
    "revenue": 5703000000,
    "costOfRevenue": 4440000000,
    "grossProfit": 1263000000,
    "grossProfitRatio": 0.2214623882,
    "researchAndDevelopmentExpenses": 0,
    "generalAndAdministrativeExpenses": 60000000,
    "sellingAndMarketingExpenses": 0,
    "sellingGeneralAndAdministrativeExpenses": 60000000,
    "otherExpenses": 29000000,
    "operatingExpenses": 89000000,
    "costAndExpenses": 4529000000,
    "interestIncome": 0,
    "interestExpense": 15000000,
    "depreciationAndAmortization": 726000000,
    "ebitda": 1870000000,
    "ebitdaratio": 0.3278975978,
    "operatingIncome": 1174000000,
    "operatingIncomeRatio": 0.2058565667,
    "totalOtherIncomeExpensesNet": -45000000,
    "incomeBeforeTax": 1129000000,
    "incomeBeforeTaxRatio": 0.1979659828,
    "incomeTaxExpense": 437000000,
    "netIncome": 662000000,
    "netIncomeRatio": 0.1160792565,
    "eps": 52,
    "epsdiluted": 52,
    "weightedAverageShsOut": 3300000,
    "weightedAverageShsOutDil": 3300000,
    "link": "https://www.sec.gov/Archives/edgar/data/895126/000089512614000268/0000895126-14-000268-index.htm",
    "finalLink": "https://www.sec.gov/Archives/edgar/data/895126/000089512614000268/chk-20140930_10xq.htm"
  },
  {
    "date": "2014-06-30",
    "symbol": "EXE",
    "reportedCurrency": "USD",
    "cik": "0000895126",
    "fillingDate": "2014-08-06",
    "acceptedDate": "2014-08-06 21:03:18",
    "calendarYear": "2014",
    "period": "Q2",
    "revenue": 5152000000,
    "costOfRevenue": 4505000000,
    "grossProfit": 647000000,
    "grossProfitRatio": 0.1255822981,
    "researchAndDevelopmentExpenses": 0,
    "generalAndAdministrativeExpenses": 90000000,
    "sellingAndMarketingExpenses": 0,
    "sellingGeneralAndAdministrativeExpenses": 90000000,
    "otherExpenses": -53000000,
    "operatingExpenses": 37000000,
    "costAndExpenses": 4542000000,
    "interestIncome": 0,
    "interestExpense": 61000000,
    "depreciationAndAmortization": 739000000,
    "ebitda": 1171000000,
    "ebitdaratio": 0.2272903727,
    "operatingIncome": 610000000,
    "operatingIncomeRatio": 0.1184006211,
    "totalOtherIncomeExpensesNet": -239000000,
    "incomeBeforeTax": 371000000,
    "incomeBeforeTaxRatio": 0.0720108696,
    "incomeTaxExpense": 141000000,
    "netIncome": 191000000,
    "netIncomeRatio": 0.0370729814,
    "eps": 44,
    "epsdiluted": 44,
    "weightedAverageShsOut": 3295000,
    "weightedAverageShsOutDil": 3295000,
    "link": "https://www.sec.gov/Archives/edgar/data/895126/000089512614000225/0000895126-14-000225-index.htm",
    "finalLink": "https://www.sec.gov/Archives/edgar/data/895126/000089512614000225/chk-20140630_10xq.htm"
  },
  {
    "date": "2014-03-31",
    "symbol": "EXE",
    "reportedCurrency": "USD",
    "cik": "0000895126",
    "fillingDate": "2014-05-07",
    "acceptedDate": "2014-05-07 21:25:04",
    "calendarYear": "2014",
    "period": "Q1",
    "revenue": 5046000000,
    "costOfRevenue": 4237000000,
    "grossProfit": 809000000,
    "grossProfitRatio": 0.1603250099,
    "researchAndDevelopmentExpenses": 0,
    "generalAndAdministrativeExpenses": 79000000,
    "sellingAndMarketingExpenses": 0,
    "sellingGeneralAndAdministrativeExpenses": 79000000,
    "otherExpenses": -3000000,
    "operatingExpenses": 76000000,
    "costAndExpenses": 4313000000,
    "interestIncome": 0,
    "interestExpense": 58000000,
    "depreciationAndAmortization": 706000000,
    "ebitda": 1510000000,
    "ebitdaratio": 0.2992469283,
    "operatingIncome": 733000000,
    "operatingIncomeRatio": 0.1452635751,
    "totalOtherIncomeExpensesNet": 13000000,
    "incomeBeforeTax": 746000000,
    "incomeBeforeTaxRatio": 0.1478398732,
    "incomeTaxExpense": 280000000,
    "netIncome": 425000000,
    "netIncomeRatio": 0.0842251288,
    "eps": 114,
    "epsdiluted": 108,
    "weightedAverageShsOut": 3290000,
    "weightedAverageShsOutDil": 3825000,
    "link": "https://www.sec.gov/Archives/edgar/data/895126/000089512614000142/0000895126-14-000142-index.htm",
    "finalLink": "https://www.sec.gov/Archives/edgar/data/895126/000089512614000142/chk-20140331_10xq.htm"
  },
  {
    "date": "2013-12-31",
    "symbol": "EXE",
    "reportedCurrency": "USD",
    "cik": "0000895126",
    "fillingDate": "2014-02-27",
    "acceptedDate": "2014-02-27 02:36:02",
    "calendarYear": "2013",
    "period": "Q4",
    "revenue": 4541000000,
    "costOfRevenue": 3980000000,
    "grossProfit": 561000000,
    "grossProfitRatio": 0.1235410702,
    "researchAndDevelopmentExpenses": 0,
    "generalAndAdministrativeExpenses": 121000000,
    "sellingAndMarketingExpenses": 0,
    "sellingGeneralAndAdministrativeExpenses": 121000000,
    "otherExpenses": 191000000,
    "operatingExpenses": 312000000,
    "costAndExpenses": 4292000000,
    "interestIncome": 0,
    "interestExpense": 56000000,
    "depreciationAndAmortization": 724000000,
    "ebitda": 661000000,
    "ebitdaratio": 0.1455626514,
    "operatingIncome": 249000000,
    "operatingIncomeRatio": 0.0548337371,
    "totalOtherIncomeExpensesNet": -368000000,
    "incomeBeforeTax": -119000000,
    "incomeBeforeTaxRatio": -0.0262056816,
    "incomeTaxExpense": -46000000,
    "netIncome": -116000000,
    "netIncomeRatio": -0.0255450341,
    "eps": -48,
    "epsdiluted": -48,
    "weightedAverageShsOut": 3280000,
    "weightedAverageShsOutDil": 3280000,
    "link": "https://www.sec.gov/Archives/edgar/data/895126/000089512614000104/0000895126-14-000104-index.htm",
    "finalLink": "https://www.sec.gov/Archives/edgar/data/895126/000089512614000104/chk-20131231_10xk.htm"
  },
  {
    "date": "2013-09-30",
    "symbol": "EXE",
    "reportedCurrency": "USD",
    "cik": "0000895126",
    "fillingDate": "2013-11-06",
    "acceptedDate": "2013-11-06 22:24:56",
    "calendarYear": "2013",
    "period": "Q3",
    "revenue": 4867000000,
    "costOfRevenue": 4358000000,
    "grossProfit": 509000000,
    "grossProfitRatio": 0.104581878,
    "researchAndDevelopmentExpenses": 0,
    "generalAndAdministrativeExpenses": 120000000,
    "sellingAndMarketingExpenses": 0,
    "sellingGeneralAndAdministrativeExpenses": 120000000,
    "otherExpenses": -47000000,
    "operatingExpenses": 73000000,
    "costAndExpenses": 4431000000,
    "interestIncome": 0,
    "interestExpense": 43000000,
    "depreciationAndAmortization": 732000000,
    "ebitda": 1162000000,
    "ebitdaratio": 0.2387507705,
    "operatingIncome": 436000000,
    "operatingIncomeRatio": 0.0895829053,
    "totalOtherIncomeExpensesNet": -49000000,
    "incomeBeforeTax": 387000000,
    "incomeBeforeTaxRatio": 0.0795151017,
    "incomeTaxExpense": 147000000,
    "netIncome": 202000000,
    "netIncomeRatio": 0.0415040066,
    "eps": 48,
    "epsdiluted": 48,
    "weightedAverageShsOut": 3280000,
    "weightedAverageShsOutDil": 3280000,
    "link": "https://www.sec.gov/Archives/edgar/data/895126/000089512613000326/0000895126-13-000326-index.htm",
    "finalLink": "https://www.sec.gov/Archives/edgar/data/895126/000089512613000326/chk-2013093010xq.htm"
  },
  {
    "date": "2013-06-30",
    "symbol": "EXE",
    "reportedCurrency": "USD",
    "cik": "0000895126",
    "fillingDate": "2013-08-06",
    "acceptedDate": "2013-08-06 20:49:29",
    "calendarYear": "2013",
    "period": "Q2",
    "revenue": 4675000000,
    "costOfRevenue": 3280000000,
    "grossProfit": 1395000000,
    "grossProfitRatio": 0.2983957219,
    "researchAndDevelopmentExpenses": 0,
    "generalAndAdministrativeExpenses": 106000000,
    "sellingAndMarketingExpenses": 0,
    "sellingGeneralAndAdministrativeExpenses": 106000000,
    "otherExpenses": 122000000,
    "operatingExpenses": 228000000,
    "costAndExpenses": 3508000000,
    "interestIncome": 0,
    "interestExpense": 54000000,
    "depreciationAndAmortization": 721000000,
    "ebitda": 1784000000,
    "ebitdaratio": 0.3816042781,
    "operatingIncome": 1167000000,
    "operatingIncomeRatio": 0.2496256684,
    "totalOtherIncomeExpensesNet": -158000000,
    "incomeBeforeTax": 1009000000,
    "incomeBeforeTaxRatio": 0.215828877,
    "incomeTaxExpense": 384000000,
    "netIncome": 580000000,
    "netIncomeRatio": 0.1240641711,
    "eps": 140,
    "epsdiluted": 132,
    "weightedAverageShsOut": 3265000,
    "weightedAverageShsOutDil": 3800000,
    "link": "https://www.sec.gov/Archives/edgar/data/895126/000089512613000254/0000895126-13-000254-index.htm",
    "finalLink": "https://www.sec.gov/Archives/edgar/data/895126/000089512613000254/chk-2013063010xq.htm"
  },
  {
    "date": "2013-03-31",
    "symbol": "EXE",
    "reportedCurrency": "USD",
    "cik": "0000895126",
    "fillingDate": "2013-05-10",
    "acceptedDate": "2013-05-10 11:47:49",
    "calendarYear": "2013",
    "period": "Q1",
    "revenue": 3424000000,
    "costOfRevenue": 3119000000,
    "grossProfit": 305000000,
    "grossProfitRatio": 0.0890771028,
    "researchAndDevelopmentExpenses": 0,
    "generalAndAdministrativeExpenses": 110000000,
    "sellingAndMarketingExpenses": 0,
    "sellingGeneralAndAdministrativeExpenses": 110000000,
    "otherExpenses": -22000000,
    "operatingExpenses": 88000000,
    "costAndExpenses": 3207000000,
    "interestIncome": 0,
    "interestExpense": 17000000,
    "depreciationAndAmortization": 726000000,
    "ebitda": 908000000,
    "ebitdaratio": 0.2651869159,
    "operatingIncome": 217000000,
    "operatingIncomeRatio": 0.0633761682,
    "totalOtherIncomeExpensesNet": -52000000,
    "incomeBeforeTax": 165000000,
    "incomeBeforeTaxRatio": 0.0481892523,
    "incomeTaxExpense": 63000000,
    "netIncome": 58000000,
    "netIncomeRatio": 0.0169392523,
    "eps": 4,
    "epsdiluted": 4,
    "weightedAverageShsOut": 3255000,
    "weightedAverageShsOutDil": 3255000,
    "link": "https://www.sec.gov/Archives/edgar/data/895126/000089512613000157/0000895126-13-000157-index.htm",
    "finalLink": "https://www.sec.gov/Archives/edgar/data/895126/000089512613000157/chk-2013033110xq.htm"
  },
  {
    "date": "2012-12-31",
    "symbol": "EXE",
    "reportedCurrency": "USD",
    "cik": "0000895126",
    "fillingDate": "2013-03-01",
    "acceptedDate": "2013-03-01 12:27:43",
    "calendarYear": "2012",
    "period": "Q4",
    "revenue": 3538000000,
    "costOfRevenue": 4982000000,
    "grossProfit": -1444000000,
    "grossProfitRatio": -0.4081401922,
    "researchAndDevelopmentExpenses": 0,
    "generalAndAdministrativeExpenses": 0,
    "sellingAndMarketingExpenses": 0,
    "sellingGeneralAndAdministrativeExpenses": 102000000,
    "otherExpenses": -2302000000,
    "operatingExpenses": -2200000000,
    "costAndExpenses": 2782000000,
    "interestIncome": 0,
    "interestExpense": 14000000,
    "depreciationAndAmortization": 722000000,
    "ebitda": 1299000000,
    "ebitdaratio": 0.3671565856,
    "operatingIncome": 756000000,
    "operatingIncomeRatio": 0.2136800452,
    "totalOtherIncomeExpensesNet": -193000000,
    "incomeBeforeTax": 563000000,
    "incomeBeforeTaxRatio": 0.1591294517,
    "incomeTaxExpense": 219000000,
    "netIncome": 300000000,
    "netIncomeRatio": 0.0847936687,
    "eps": 78,
    "epsdiluted": 78,
    "weightedAverageShsOut": 3220000,
    "weightedAverageShsOutDil": 3240000,
    "link": "https://www.sec.gov/Archives/edgar/data/895126/000089512613000076/0000895126-13-000076-index.htm",
    "finalLink": "https://www.sec.gov/Archives/edgar/data/895126/000089512613000076/chk-2012123110k.htm"
  },
  {
    "date": "2012-09-30",
    "symbol": "EXE",
    "reportedCurrency": "USD",
    "cik": "0000895126",
    "fillingDate": "2012-11-09",
    "acceptedDate": "2012-11-09 21:15:11",
    "calendarYear": "2012",
    "period": "Q3",
    "revenue": 2970000000,
    "costOfRevenue": 2659000000,
    "grossProfit": 311000000,
    "grossProfitRatio": 0.1047138047,
    "researchAndDevelopmentExpenses": 0,
    "generalAndAdministrativeExpenses": 145000000,
    "sellingAndMarketingExpenses": 0,
    "sellingGeneralAndAdministrativeExpenses": 145000000,
    "otherExpenses": 3360000000,
    "operatingExpenses": 3505000000,
    "costAndExpenses": 6164000000,
    "interestIncome": 0,
    "interestExpense": 38000000,
    "depreciationAndAmortization": 829000000,
    "ebitda": -2364000000,
    "ebitdaratio": -0.795959596,
    "operatingIncome": -3194000000,
    "operatingIncomeRatio": -1.0754208754,
    "totalOtherIncomeExpensesNet": -37000000,
    "incomeBeforeTax": -3231000000,
    "incomeBeforeTaxRatio": -1.0878787879,
    "incomeTaxExpense": -1260000000,
    "netIncome": -2012000000,
    "netIncomeRatio": -0.6774410774,
    "eps": -638,
    "epsdiluted": -638,
    "weightedAverageShsOut": 3220000,
    "weightedAverageShsOutDil": 3220000,
    "link": "https://www.sec.gov/Archives/edgar/data/895126/000089512612000310/0000895126-12-000310-index.htm",
    "finalLink": "https://www.sec.gov/Archives/edgar/data/895126/000089512612000310/chk-2012930x10q.htm"
  },
  {
    "date": "2012-06-30",
    "symbol": "EXE",
    "reportedCurrency": "USD",
    "cik": "0000895126",
    "fillingDate": "2012-08-09",
    "acceptedDate": "2012-08-09 20:55:26",
    "calendarYear": "2012",
    "period": "Q2",
    "revenue": 3389000000,
    "costOfRevenue": 2252000000,
    "grossProfit": 1137000000,
    "grossProfitRatio": 0.3354971968,
    "researchAndDevelopmentExpenses": 0,
    "generalAndAdministrativeExpenses": 156000000,
    "sellingAndMarketingExpenses": 0,
    "sellingGeneralAndAdministrativeExpenses": 156000000,
    "otherExpenses": 243000000,
    "operatingExpenses": 399000000,
    "costAndExpenses": 2651000000,
    "interestIncome": 0,
    "interestExpense": 14000000,
    "depreciationAndAmortization": 670000000,
    "ebitda": 2384000000,
    "ebitdaratio": 0.7034523458,
    "operatingIncome": 738000000,
    "operatingIncomeRatio": 0.217763352,
    "totalOtherIncomeExpensesNet": 962000000,
    "incomeBeforeTax": 1700000000,
    "incomeBeforeTaxRatio": 0.5016228976,
    "incomeTaxExpense": 663000000,
    "netIncome": 972000000,
    "netIncomeRatio": 0.2868102685,
    "eps": 290,
    "epsdiluted": 258,
    "weightedAverageShsOut": 3210000,
    "weightedAverageShsOutDil": 3755000,
    "link": "https://www.sec.gov/Archives/edgar/data/895126/000119312512347824/0001193125-12-347824-index.htm",
    "finalLink": "https://www.sec.gov/Archives/edgar/data/895126/000119312512347824/d365885d10q.htm"
  },
  {
    "date": "2012-03-31",
    "symbol": "EXE",
    "reportedCurrency": "USD",
    "cik": "0000895126",
    "fillingDate": "2012-05-11",
    "acceptedDate": "2012-05-11 19:14:11",
    "calendarYear": "2012",
    "period": "Q1",
    "revenue": 2419000000,
    "costOfRevenue": 2279000000,
    "grossProfit": 140000000,
    "grossProfitRatio": 0.057875155,
    "researchAndDevelopmentExpenses": 0,
    "generalAndAdministrativeExpenses": 136000000,
    "sellingAndMarketingExpenses": 0,
    "sellingGeneralAndAdministrativeExpenses": 136000000,
    "otherExpenses": -2000000,
    "operatingExpenses": 134000000,
    "costAndExpenses": 2413000000,
    "interestIncome": 0,
    "interestExpense": 12000000,
    "depreciationAndAmortization": 590000000,
    "ebitda": 597000000,
    "ebitdaratio": 0.2467961968,
    "operatingIncome": 6000000,
    "operatingIncomeRatio": 0.0024803638,
    "totalOtherIncomeExpensesNet": -11000000,
    "incomeBeforeTax": -5000000,
    "incomeBeforeTaxRatio": -0.0020669698,
    "incomeTaxExpense": -2000000,
    "netIncome": -28000000,
    "netIncomeRatio": -0.011575031,
    "eps": -22,
    "epsdiluted": -22,
    "weightedAverageShsOut": 3210000,
    "weightedAverageShsOutDil": 3210000,
    "link": "https://www.sec.gov/Archives/edgar/data/895126/000119312512228139/0001193125-12-228139-index.htm",
    "finalLink": "https://www.sec.gov/Archives/edgar/data/895126/000119312512228139/d333835d10q.htm"
  },
  {
    "date": "2011-12-31",
    "symbol": "EXE",
    "reportedCurrency": "USD",
    "cik": "0000895126",
    "fillingDate": "2012-02-29",
    "acceptedDate": "2012-02-29 22:17:22",
    "calendarYear": "2011",
    "period": "Q4",
    "revenue": 2727000000,
    "costOfRevenue": 1681000000,
    "grossProfit": 1046000000,
    "grossProfitRatio": 0.3835716905,
    "researchAndDevelopmentExpenses": 0,
    "generalAndAdministrativeExpenses": 0,
    "sellingAndMarketingExpenses": 0,
    "sellingGeneralAndAdministrativeExpenses": 138000000,
    "otherExpenses": 172000000,
    "operatingExpenses": 310000000,
    "costAndExpenses": 1991000000,
    "interestIncome": 0,
    "interestExpense": 7000000,
    "depreciationAndAmortization": 570000000,
    "ebitda": 1376000000,
    "ebitdaratio": 0.5045837917,
    "operatingIncome": 736000000,
    "operatingIncomeRatio": 0.269893656,
    "totalOtherIncomeExpensesNet": 63000000,
    "incomeBeforeTax": 799000000,
    "incomeBeforeTaxRatio": 0.2929959663,
    "incomeTaxExpense": 311000000,
    "netIncome": 473000000,
    "netIncomeRatio": 0.1734506784,
    "eps": 134,
    "epsdiluted": 126,
    "weightedAverageShsOut": 3200000,
    "weightedAverageShsOutDil": 3750000,
    "link": "https://www.sec.gov/Archives/edgar/data/895126/000119312512089591/0001193125-12-089591-index.htm",
    "finalLink": "https://www.sec.gov/Archives/edgar/data/895126/000119312512089591/d270087d10k.htm"
  },
  {
    "date": "2011-09-30",
    "symbol": "EXE",
    "reportedCurrency": "USD",
    "cik": "0000895126",
    "fillingDate": "2011-11-09",
    "acceptedDate": "2011-11-09 22:05:03",
    "calendarYear": "2011",
    "period": "Q3",
    "revenue": 3977000000,
    "costOfRevenue": 1842000000,
    "grossProfit": 2135000000,
    "grossProfitRatio": 0.5368368117,
    "researchAndDevelopmentExpenses": 0,
    "generalAndAdministrativeExpenses": 0,
    "sellingAndMarketingExpenses": 0,
    "sellingGeneralAndAdministrativeExpenses": 151000000,
    "otherExpenses": 501000000,
    "operatingExpenses": 652000000,
    "costAndExpenses": 2494000000,
    "interestIncome": 0,
    "interestExpense": 4000000,
    "depreciationAndAmortization": 498000000,
    "ebitda": 2013000000,
    "ebitdaratio": 0.5061604224,
    "operatingIncome": 1483000000,
    "operatingIncomeRatio": 0.3728941413,
    "totalOtherIncomeExpensesNet": 28000000,
    "incomeBeforeTax": 1511000000,
    "incomeBeforeTaxRatio": 0.3799346241,
    "incomeTaxExpense": 589000000,
    "netIncome": 922000000,
    "netIncomeRatio": 0.23183304,
    "eps": 276,
    "epsdiluted": 246,
    "weightedAverageShsOut": 3190000,
    "weightedAverageShsOutDil": 3765000,
    "link": "https://www.sec.gov/Archives/edgar/data/895126/000119312511304766/0001193125-11-304766-index.htm",
    "finalLink": "https://www.sec.gov/Archives/edgar/data/895126/000119312511304766/d240402d10q.htm"
  },
  {
    "date": "2011-06-30",
    "symbol": "EXE",
    "reportedCurrency": "USD",
    "cik": "0000895126",
    "fillingDate": "2011-08-09",
    "acceptedDate": "2011-08-09 20:50:18",
    "calendarYear": "2011",
    "period": "Q2",
    "revenue": 3318000000,
    "costOfRevenue": 1766000000,
    "grossProfit": 1552000000,
    "grossProfitRatio": 0.4677516576,
    "researchAndDevelopmentExpenses": 0,
    "generalAndAdministrativeExpenses": 0,
    "sellingAndMarketingExpenses": 0,
    "sellingGeneralAndAdministrativeExpenses": 130000000,
    "otherExpenses": 437000000,
    "operatingExpenses": 567000000,
    "costAndExpenses": 2333000000,
    "interestIncome": 0,
    "interestExpense": 25000000,
    "depreciationAndAmortization": 429000000,
    "ebitda": 1289000000,
    "ebitdaratio": 0.3884870404,
    "operatingIncome": 985000000,
    "operatingIncomeRatio": 0.2968655817,
    "totalOtherIncomeExpensesNet": -150000000,
    "incomeBeforeTax": 835000000,
    "incomeBeforeTaxRatio": 0.2516576251,
    "incomeTaxExpense": 325000000,
    "netIncome": 510000000,
    "netIncomeRatio": 0.1537070524,
    "eps": 148,
    "epsdiluted": 136,
    "weightedAverageShsOut": 3175000,
    "weightedAverageShsOutDil": 3755000,
    "link": "https://www.sec.gov/Archives/edgar/data/895126/000119312511216653/0001193125-11-216653-index.htm",
    "finalLink": "https://www.sec.gov/Archives/edgar/data/895126/000119312511216653/d10q.htm"
  },
  {
    "date": "2011-03-31",
    "symbol": "EXE",
    "reportedCurrency": "USD",
    "cik": "0000895126",
    "fillingDate": "2011-05-10",
    "acceptedDate": "2011-05-10 21:06:03",
    "calendarYear": "2011",
    "period": "Q1",
    "revenue": 1612000000,
    "costOfRevenue": 1345000000,
    "grossProfit": 267000000,
    "grossProfitRatio": 0.1656327543,
    "researchAndDevelopmentExpenses": 0,
    "generalAndAdministrativeExpenses": 0,
    "sellingAndMarketingExpenses": 0,
    "sellingGeneralAndAdministrativeExpenses": 130000000,
    "otherExpenses": 421000000,
    "operatingExpenses": 551000000,
    "costAndExpenses": 1896000000,
    "interestIncome": 0,
    "interestExpense": 7000000,
    "depreciationAndAmortization": 426000000,
    "ebitda": 167000000,
    "ebitdaratio": 0.1035980149,
    "operatingIncome": -284000000,
    "operatingIncomeRatio": -0.17617866,
    "totalOtherIncomeExpensesNet": 18000000,
    "incomeBeforeTax": -266000000,
    "incomeBeforeTaxRatio": -0.1650124069,
    "incomeTaxExpense": -104000000,
    "netIncome": -162000000,
    "netIncomeRatio": -0.1004962779,
    "eps": -64,
    "epsdiluted": -64,
    "weightedAverageShsOut": 3170000,
    "weightedAverageShsOutDil": 3170000,
    "link": "https://www.sec.gov/Archives/edgar/data/895126/000119312511134388/0001193125-11-134388-index.htm",
    "finalLink": "https://www.sec.gov/Archives/edgar/data/895126/000119312511134388/d10q.htm"
  },
  {
    "date": "2010-12-31",
    "symbol": "EXE",
    "reportedCurrency": "USD",
    "cik": "0000895126",
    "fillingDate": "2011-03-01",
    "acceptedDate": "2011-03-01 22:12:04",
    "calendarYear": "2010",
    "period": "Q4",
    "revenue": 1975000000,
    "costOfRevenue": 3685000000,
    "grossProfit": -1710000000,
    "grossProfitRatio": -0.8658227848,
    "researchAndDevelopmentExpenses": 0,
    "generalAndAdministrativeExpenses": 0,
    "sellingAndMarketingExpenses": 0,
    "sellingGeneralAndAdministrativeExpenses": -2316000000,
    "otherExpenses": 277000000,
    "operatingExpenses": -2039000000,
    "costAndExpenses": 1646000000,
    "interestIncome": 0,
    "interestExpense": 7000000,
    "depreciationAndAmortization": 430000000,
    "ebitda": 801000000,
    "ebitdaratio": 0.4055696203,
    "operatingIncome": 329000000,
    "operatingIncomeRatio": 0.1665822785,
    "totalOtherIncomeExpensesNet": 35000000,
    "incomeBeforeTax": 364000000,
    "incomeBeforeTaxRatio": 0.1843037975,
    "incomeTaxExpense": 140000000,
    "netIncome": 224000000,
    "netIncomeRatio": 0.1134177215,
    "eps": 70.94,
    "epsdiluted": 61.79,
    "weightedAverageShsOut": 3157500,
    "weightedAverageShsOutDil": 3625000,
    "link": "https://www.sec.gov/Archives/edgar/data/895126/000119312511052349/0001193125-11-052349-index.htm",
    "finalLink": "https://www.sec.gov/Archives/edgar/data/895126/000119312511052349/d10k.htm"
  },
  {
    "date": "2010-09-30",
    "symbol": "EXE",
    "reportedCurrency": "USD",
    "cik": "0000895126",
    "fillingDate": "2010-11-09",
    "acceptedDate": "2010-11-09 22:09:16",
    "calendarYear": "2010",
    "period": "Q3",
    "revenue": 2581000000,
    "costOfRevenue": 1168000000,
    "grossProfit": 1413000000,
    "grossProfitRatio": 0.5474622239,
    "researchAndDevelopmentExpenses": 0,
    "generalAndAdministrativeExpenses": 0,
    "sellingAndMarketingExpenses": 0,
    "sellingGeneralAndAdministrativeExpenses": 125000000,
    "otherExpenses": 471000000,
    "operatingExpenses": 596000000,
    "costAndExpenses": 1764000000,
    "interestIncome": 0,
    "interestExpense": 3000000,
    "depreciationAndAmortization": 434000000,
    "ebitda": 1344000000,
    "ebitdaratio": 0.5207283998,
    "operatingIncome": 817000000,
    "operatingIncomeRatio": 0.3165439752,
    "totalOtherIncomeExpensesNet": 90000000,
    "incomeBeforeTax": 907000000,
    "incomeBeforeTaxRatio": 0.3514141806,
    "incomeTaxExpense": 349000000,
    "netIncome": 558000000,
    "netIncomeRatio": 0.2161952731,
    "eps": 162,
    "epsdiluted": 150,
    "weightedAverageShsOut": 3160000,
    "weightedAverageShsOutDil": 3720000,
    "link": "https://www.sec.gov/Archives/edgar/data/895126/000119312510254365/0001193125-10-254365-index.htm",
    "finalLink": "https://www.sec.gov/Archives/edgar/data/895126/000119312510254365/d10q.htm"
  },
  {
    "date": "2010-06-30",
    "symbol": "EXE",
    "reportedCurrency": "USD",
    "cik": "0000895126",
    "fillingDate": "2010-08-09",
    "acceptedDate": "2010-08-09 11:34:57",
    "calendarYear": "2010",
    "period": "Q2",
    "revenue": 2012000000,
    "costOfRevenue": 1066000000,
    "grossProfit": 946000000,
    "grossProfitRatio": 0.4701789264,
    "researchAndDevelopmentExpenses": 0,
    "generalAndAdministrativeExpenses": 0,
    "sellingAndMarketingExpenses": 0,
    "sellingGeneralAndAdministrativeExpenses": 106000000,
    "otherExpenses": 393000000,
    "operatingExpenses": 499000000,
    "costAndExpenses": 1565000000,
    "interestIncome": 0,
    "interestExpense": 202000000,
    "depreciationAndAmortization": 392000000,
    "ebitda": 1009000000,
    "ebitdaratio": 0.5014910537,
    "operatingIncome": 447000000,
    "operatingIncomeRatio": 0.222166998,
    "totalOtherIncomeExpensesNet": -33000000,
    "incomeBeforeTax": 414000000,
    "incomeBeforeTaxRatio": 0.2057654076,
    "incomeTaxExpense": 159000000,
    "netIncome": 255000000,
    "netIncomeRatio": 0.1267395626,
    "eps": 74,
    "epsdiluted": 74,
    "weightedAverageShsOut": 3155000,
    "weightedAverageShsOutDil": 3175000,
    "link": "https://www.sec.gov/Archives/edgar/data/895126/000119312510182451/0001193125-10-182451-index.htm",
    "finalLink": "https://www.sec.gov/Archives/edgar/data/895126/000119312510182451/d10q.htm"
  },
  {
    "date": "2010-03-31",
    "symbol": "EXE",
    "reportedCurrency": "USD",
    "cik": "0000895126",
    "fillingDate": "2010-05-10",
    "acceptedDate": "2010-05-10 21:01:50",
    "calendarYear": "2010",
    "period": "Q1",
    "revenue": 2798000000,
    "costOfRevenue": 1119000000,
    "grossProfit": 1679000000,
    "grossProfitRatio": 0.6000714796,
    "researchAndDevelopmentExpenses": 0,
    "generalAndAdministrativeExpenses": 0,
    "sellingAndMarketingExpenses": 0,
    "sellingGeneralAndAdministrativeExpenses": 109000000,
    "otherExpenses": 358000000,
    "operatingExpenses": 467000000,
    "costAndExpenses": 1586000000,
    "interestIncome": 0,
    "interestExpense": 25000000,
    "depreciationAndAmortization": 358000000,
    "ebitda": 1583000000,
    "ebitdaratio": 0.565761258,
    "operatingIncome": 1212000000,
    "operatingIncomeRatio": 0.4331665475,
    "totalOtherIncomeExpensesNet": -12000000,
    "incomeBeforeTax": 1200000000,
    "incomeBeforeTaxRatio": 0.4288777698,
    "incomeTaxExpense": 462000000,
    "netIncome": 738000000,
    "netIncomeRatio": 0.2637598284,
    "eps": 188,
    "epsdiluted": 184,
    "weightedAverageShsOut": 3150000,
    "weightedAverageShsOutDil": 3235000,
    "link": "https://www.sec.gov/Archives/edgar/data/895126/000119312510114778/0001193125-10-114778-index.htm",
    "finalLink": "https://www.sec.gov/Archives/edgar/data/895126/000119312510114778/d10q.htm"
  },
  {
    "date": "2009-12-31",
    "symbol": "EXE",
    "reportedCurrency": "USD",
    "cik": "0000895126",
    "fillingDate": "2010-03-01",
    "acceptedDate": "2010-03-01 21:42:14",
    "calendarYear": "2009",
    "period": "Q4",
    "revenue": 2222000000,
    "costOfRevenue": 288000000,
    "grossProfit": 1934000000,
    "grossProfitRatio": 0.8703870387,
    "researchAndDevelopmentExpenses": 0,
    "generalAndAdministrativeExpenses": 0,
    "sellingAndMarketingExpenses": 0,
    "sellingGeneralAndAdministrativeExpenses": 837000000,
    "otherExpenses": 1810000000,
    "operatingExpenses": 2647000000,
    "costAndExpenses": 2935000000,
    "interestIncome": 0,
    "interestExpense": 61000000,
    "depreciationAndAmortization": 401000000,
    "ebitda": -336000000,
    "ebitdaratio": -0.1512151215,
    "operatingIncome": -713000000,
    "operatingIncomeRatio": -0.3208820882,
    "totalOtherIncomeExpensesNet": -85000000,
    "incomeBeforeTax": -798000000,
    "incomeBeforeTaxRatio": -0.3591359136,
    "incomeTaxExpense": -299000000,
    "netIncome": -524000000,
    "netIncomeRatio": -0.2358235824,
    "eps": -170.27,
    "epsdiluted": -169.31,
    "weightedAverageShsOut": 3077500,
    "weightedAverageShsOutDil": 3095000,
    "link": "https://www.sec.gov/Archives/edgar/data/895126/000119312510044784/0001193125-10-044784-index.htm",
    "finalLink": "https://www.sec.gov/Archives/edgar/data/895126/000119312510044784/d10k.htm"
  },
  {
    "date": "2009-09-30",
    "symbol": "EXE",
    "reportedCurrency": "USD",
    "cik": "0000895126",
    "fillingDate": "2009-11-09",
    "acceptedDate": "2009-11-09 21:12:24",
    "calendarYear": "2009",
    "period": "Q3",
    "revenue": 1811000000,
    "costOfRevenue": 292000000,
    "grossProfit": 1519000000,
    "grossProfitRatio": 0.8387631143,
    "researchAndDevelopmentExpenses": 0,
    "generalAndAdministrativeExpenses": 0,
    "sellingAndMarketingExpenses": 0,
    "sellingGeneralAndAdministrativeExpenses": 641000000,
    "otherExpenses": 481000000,
    "operatingExpenses": 1122000000,
    "costAndExpenses": 1414000000,
    "interestIncome": 0,
    "interestExpense": 43000000,
    "depreciationAndAmortization": 357000000,
    "ebitda": 707000000,
    "ebitdaratio": 0.3903920486,
    "operatingIncome": 397000000,
    "operatingIncomeRatio": 0.2192159028,
    "totalOtherIncomeExpensesNet": -90000000,
    "incomeBeforeTax": 307000000,
    "incomeBeforeTaxRatio": 0.1695196024,
    "incomeTaxExpense": 115000000,
    "netIncome": 192000000,
    "netIncomeRatio": 0.1060187742,
    "eps": 60,
    "epsdiluted": 60,
    "weightedAverageShsOut": 3095000,
    "weightedAverageShsOutDil": 3130000,
    "link": "https://www.sec.gov/Archives/edgar/data/895126/000119312509229377/0001193125-09-229377-index.htm",
    "finalLink": "https://www.sec.gov/Archives/edgar/data/895126/000119312509229377/d10q.htm"
  },
  {
    "date": "2009-06-30",
    "symbol": "EXE",
    "reportedCurrency": "USD",
    "cik": "0000895126",
    "fillingDate": "2009-08-10",
    "acceptedDate": "2009-08-10 20:12:17",
    "calendarYear": "2009",
    "period": "Q2",
    "revenue": 1673000000,
    "costOfRevenue": 283000000,
    "grossProfit": 1390000000,
    "grossProfitRatio": 0.8308427974,
    "researchAndDevelopmentExpenses": 0,
    "generalAndAdministrativeExpenses": 0,
    "sellingAndMarketingExpenses": 0,
    "sellingGeneralAndAdministrativeExpenses": 574000000,
    "otherExpenses": 392000000,
    "operatingExpenses": 966000000,
    "costAndExpenses": 1249000000,
    "interestIncome": 0,
    "interestExpense": 69000000,
    "depreciationAndAmortization": 353000000,
    "ebitda": 810000000,
    "ebitdaratio": 0.4841601913,
    "operatingIncome": 424000000,
    "operatingIncomeRatio": 0.2534369396,
    "totalOtherIncomeExpensesNet": -36000000,
    "incomeBeforeTax": 388000000,
    "incomeBeforeTaxRatio": 0.2319187089,
    "incomeTaxExpense": 145000000,
    "netIncome": 243000000,
    "netIncomeRatio": 0.1452480574,
    "eps": 78,
    "epsdiluted": 78,
    "weightedAverageShsOut": 3015000,
    "weightedAverageShsOutDil": 3050000,
    "link": "https://www.sec.gov/Archives/edgar/data/895126/000119312509170647/0001193125-09-170647-index.htm",
    "finalLink": "https://www.sec.gov/Archives/edgar/data/895126/000119312509170647/d10q.htm"
  },
  {
    "date": "2009-03-31",
    "symbol": "EXE",
    "reportedCurrency": "USD",
    "cik": "0000895126",
    "fillingDate": "2009-05-11",
    "acceptedDate": "2009-05-11 21:20:16",
    "calendarYear": "2009",
    "period": "Q1",
    "revenue": 1995000000,
    "costOfRevenue": 301000000,
    "grossProfit": 1694000000,
    "grossProfitRatio": 0.849122807,
    "researchAndDevelopmentExpenses": 0,
    "generalAndAdministrativeExpenses": 0,
    "sellingAndMarketingExpenses": 0,
    "sellingGeneralAndAdministrativeExpenses": 613000000,
    "otherExpenses": 10134000000,
    "operatingExpenses": 10747000000,
    "costAndExpenses": 11048000000,
    "interestIncome": 0,
    "interestExpense": 33000000,
    "depreciationAndAmortization": 504000000,
    "ebitda": -8647000000,
    "ebitdaratio": -4.3343358396,
    "operatingIncome": -9053000000,
    "operatingIncomeRatio": -4.5378446115,
    "totalOtherIncomeExpensesNet": -131000000,
    "incomeBeforeTax": -9184000000,
    "incomeBeforeTaxRatio": -4.6035087719,
    "incomeTaxExpense": -3444000000,
    "netIncome": -5740000000,
    "netIncomeRatio": -2.8771929825,
    "eps": -1926,
    "epsdiluted": -1926,
    "weightedAverageShsOut": 2985000,
    "weightedAverageShsOutDil": 2985000,
    "link": "https://www.sec.gov/Archives/edgar/data/895126/000119312509107365/0001193125-09-107365-index.htm",
    "finalLink": "https://www.sec.gov/Archives/edgar/data/895126/000119312509107365/d10q.htm"
  },
  {
    "date": "2008-12-31",
    "symbol": "EXE",
    "reportedCurrency": "USD",
    "cik": "0000895126",
    "fillingDate": "2009-03-02",
    "acceptedDate": "2009-03-02 22:15:17",
    "calendarYear": "2008",
    "period": "Q4",
    "revenue": 2981000000,
    "costOfRevenue": 911000000,
    "grossProfit": 2070000000,
    "grossProfitRatio": 0.6943978531,
    "researchAndDevelopmentExpenses": 0,
    "generalAndAdministrativeExpenses": 0,
    "sellingAndMarketingExpenses": 0,
    "sellingGeneralAndAdministrativeExpenses": 89000000,
    "otherExpenses": 3368000000,
    "operatingExpenses": 3457000000,
    "costAndExpenses": 4368000000,
    "interestIncome": 0,
    "interestExpense": 0,
    "depreciationAndAmortization": 504000000,
    "ebitda": 2127000000,
    "ebitdaratio": 0.7135189534,
    "operatingIncome": -1387000000,
    "operatingIncomeRatio": -0.4652801073,
    "totalOtherIncomeExpensesNet": -2000000,
    "incomeBeforeTax": -1389000000,
    "incomeBeforeTaxRatio": -0.4659510231,
    "incomeTaxExpense": -528000000,
    "netIncome": -861000000,
    "netIncomeRatio": -0.2888292519,
    "eps": -303.97,
    "epsdiluted": -301.58,
    "weightedAverageShsOut": 2832500,
    "weightedAverageShsOutDil": 2855000,
    "link": "https://www.sec.gov/Archives/edgar/data/895126/000119312509042739/0001193125-09-042739-index.htm",
    "finalLink": "https://www.sec.gov/Archives/edgar/data/895126/000119312509042739/d10k.htm"
  },
  {
    "date": "2008-09-30",
    "symbol": "EXE",
    "reportedCurrency": "USD",
    "cik": "0000895126",
    "fillingDate": "2008-11-10",
    "acceptedDate": "2008-11-10 21:37:07",
    "calendarYear": "2008",
    "period": "Q3",
    "revenue": 7491000000,
    "costOfRevenue": 363000000,
    "grossProfit": 7128000000,
    "grossProfitRatio": 0.9515418502,
    "researchAndDevelopmentExpenses": 0,
    "generalAndAdministrativeExpenses": 0,
    "sellingAndMarketingExpenses": 0,
    "sellingGeneralAndAdministrativeExpenses": 1122000000,
    "otherExpenses": 528000000,
    "operatingExpenses": 1650000000,
    "costAndExpenses": 2013000000,
    "interestIncome": 0,
    "interestExpense": 34000000,
    "depreciationAndAmortization": 522000000,
    "ebitda": 5963000000,
    "ebitdaratio": 0.7960218929,
    "operatingIncome": 5478000000,
    "operatingIncomeRatio": 0.731277533,
    "totalOtherIncomeExpensesNet": -77000000,
    "incomeBeforeTax": 5401000000,
    "incomeBeforeTaxRatio": 0.7209985316,
    "incomeTaxExpense": 2079000000,
    "netIncome": 3322000000,
    "netIncomeRatio": 0.4434654919,
    "eps": 1188,
    "epsdiluted": 1124,
    "weightedAverageShsOut": 2770000,
    "weightedAverageShsOutDil": 2940000,
    "link": "https://www.sec.gov/Archives/edgar/data/895126/000119312508231841/0001193125-08-231841-index.htm",
    "finalLink": "https://www.sec.gov/Archives/edgar/data/895126/000119312508231841/d10q.htm"
  },
  {
    "date": "2008-06-30",
    "symbol": "EXE",
    "reportedCurrency": "USD",
    "cik": "0000895126",
    "fillingDate": "2008-08-11",
    "acceptedDate": "2008-08-11 20:02:21",
    "calendarYear": "2008",
    "period": "Q2",
    "revenue": 0,
    "costOfRevenue": 1630000000,
    "grossProfit": -1630000000,
    "grossProfitRatio": null,
    "researchAndDevelopmentExpenses": 0,
    "generalAndAdministrativeExpenses": 0,
    "sellingAndMarketingExpenses": 0,
    "sellingGeneralAndAdministrativeExpenses": 320000000,
    "otherExpenses": 583000000,
    "operatingExpenses": 903000000,
    "costAndExpenses": 2533000000,
    "interestIncome": 0,
    "interestExpense": 0,
    "depreciationAndAmortization": 569000000,
    "ebitda": -1964000000,
    "ebitdaratio": null,
    "operatingIncome": -2533000000,
    "operatingIncomeRatio": null,
    "totalOtherIncomeExpensesNet": -64000000,
    "incomeBeforeTax": -2597000000,
    "incomeBeforeTaxRatio": null,
    "incomeTaxExpense": -1000000000,
    "netIncome": -1597000000,
    "netIncomeRatio": null,
    "eps": -634,
    "epsdiluted": -634,
    "weightedAverageShsOut": 2605000,
    "weightedAverageShsOutDil": 2605000,
    "link": "https://www.sec.gov/Archives/edgar/data/895126/000119312508173415/0001193125-08-173415-index.htm",
    "finalLink": "https://www.sec.gov/Archives/edgar/data/895126/000119312508173415/d10q.htm"
  },
  {
    "date": "2008-03-31",
    "symbol": "EXE",
    "reportedCurrency": "USD",
    "cik": "0000895126",
    "fillingDate": "2008-05-12",
    "acceptedDate": "2008-05-12 20:41:35",
    "calendarYear": "2008",
    "period": "Q1",
    "revenue": 1611000000,
    "costOfRevenue": 1085000000,
    "grossProfit": 526000000,
    "grossProfitRatio": 0.3265052762,
    "researchAndDevelopmentExpenses": 0,
    "generalAndAdministrativeExpenses": 0,
    "sellingAndMarketingExpenses": 0,
    "sellingGeneralAndAdministrativeExpenses": 79000000,
    "otherExpenses": 551000000,
    "operatingExpenses": 630000000,
    "costAndExpenses": 1715000000,
    "interestIncome": 0,
    "interestExpense": 99000000,
    "depreciationAndAmortization": 551000000,
    "ebitda": 438000000,
    "ebitdaratio": 0.2718808194,
    "operatingIncome": -104000000,
    "operatingIncomeRatio": -0.0645561763,
    "totalOtherIncomeExpensesNet": -108000000,
    "incomeBeforeTax": -212000000,
    "incomeBeforeTaxRatio": -0.1315952824,
    "incomeTaxExpense": -82000000,
    "netIncome": -130000000,
    "netIncomeRatio": -0.0806952204,
    "eps": -58,
    "epsdiluted": -58,
    "weightedAverageShsOut": 2465000,
    "weightedAverageShsOutDil": 2465000,
    "link": "https://www.sec.gov/Archives/edgar/data/895126/000119312508111564/0001193125-08-111564-index.htm",
    "finalLink": "https://www.sec.gov/Archives/edgar/data/895126/000119312508111564/d10q.htm"
  },
  {
    "date": "2007-12-31",
    "symbol": "EXE",
    "reportedCurrency": "USD",
    "cik": "0000895126",
    "fillingDate": "2008-02-29",
    "acceptedDate": "2008-02-29 21:40:09",
    "calendarYear": "2007",
    "period": "Q4",
    "revenue": 2089000000,
    "costOfRevenue": 997000000,
    "grossProfit": 1092000000,
    "grossProfitRatio": 0.5227381522,
    "researchAndDevelopmentExpenses": 0,
    "generalAndAdministrativeExpenses": 0,
    "sellingAndMarketingExpenses": 0,
    "sellingGeneralAndAdministrativeExpenses": 75000000,
    "otherExpenses": 404000000,
    "operatingExpenses": 479000000,
    "costAndExpenses": 1476000000,
    "interestIncome": 0,
    "interestExpense": 0,
    "depreciationAndAmortization": 530000000,
    "ebitda": 1266000000,
    "ebitdaratio": 0.6060315941,
    "operatingIncome": 613000000,
    "operatingIncomeRatio": 0.2934418382,
    "totalOtherIncomeExpensesNet": -124000000,
    "incomeBeforeTax": 489000000,
    "incomeBeforeTaxRatio": 0.2340832934,
    "incomeTaxExpense": 186000000,
    "netIncome": 303000000,
    "netIncomeRatio": 0.1450454763,
    "eps": 127.71,
    "epsdiluted": 123.67,
    "weightedAverageShsOut": 2372500,
    "weightedAverageShsOutDil": 2450000,
    "link": "https://www.sec.gov/Archives/edgar/data/895126/000119312508043772/0001193125-08-043772-index.htm",
    "finalLink": "https://www.sec.gov/Archives/edgar/data/895126/000119312508043772/d10k.htm"
  },
  {
    "date": "2007-09-30",
    "symbol": "EXE",
    "reportedCurrency": "USD",
    "cik": "0000895126",
    "fillingDate": "2007-11-09",
    "acceptedDate": "2007-11-09 21:19:27",
    "calendarYear": "2007",
    "period": "Q3",
    "revenue": 2027000000,
    "costOfRevenue": 671000000,
    "grossProfit": 1356000000,
    "grossProfitRatio": 0.6689689196,
    "researchAndDevelopmentExpenses": 0,
    "generalAndAdministrativeExpenses": 0,
    "sellingAndMarketingExpenses": 0,
    "sellingGeneralAndAdministrativeExpenses": 62000000,
    "otherExpenses": 579000000,
    "operatingExpenses": 641000000,
    "costAndExpenses": 1312000000,
    "interestIncome": 0,
    "interestExpense": 0,
    "depreciationAndAmortization": 526000000,
    "ebitda": 1241000000,
    "ebitdaratio": 0.6122348298,
    "operatingIncome": 715000000,
    "operatingIncomeRatio": 0.3527380365,
    "totalOtherIncomeExpensesNet": -115000000,
    "incomeBeforeTax": 600000000,
    "incomeBeforeTaxRatio": 0.2960039467,
    "incomeTaxExpense": 228000000,
    "netIncome": 372000000,
    "netIncomeRatio": 0.183522447,
    "eps": 152,
    "epsdiluted": 144,
    "weightedAverageShsOut": 2270000,
    "weightedAverageShsOutDil": 2585000,
    "link": "https://www.sec.gov/Archives/edgar/data/895126/000119312507242481/0001193125-07-242481-index.htm",
    "finalLink": "https://www.sec.gov/Archives/edgar/data/895126/000119312507242481/d10q.htm"
  },
  {
    "date": "2007-06-30",
    "symbol": "EXE",
    "reportedCurrency": "USD",
    "cik": "0000895126",
    "fillingDate": "2007-08-08",
    "acceptedDate": "2007-08-08 17:59:00",
    "calendarYear": "2007",
    "period": "Q2",
    "revenue": 2105000000,
    "costOfRevenue": 680000000,
    "grossProfit": 1425000000,
    "grossProfitRatio": 0.67695962,
    "researchAndDevelopmentExpenses": 0,
    "generalAndAdministrativeExpenses": 0,
    "sellingAndMarketingExpenses": 0,
    "sellingGeneralAndAdministrativeExpenses": 54000000,
    "otherExpenses": 535000000,
    "operatingExpenses": 589000000,
    "costAndExpenses": 1269000000,
    "interestIncome": 0,
    "interestExpense": 0,
    "depreciationAndAmortization": 484000000,
    "ebitda": 1320000000,
    "ebitdaratio": 0.6270783848,
    "operatingIncome": 836000000,
    "operatingIncomeRatio": 0.3971496437,
    "totalOtherIncomeExpensesNet": 0,
    "incomeBeforeTax": 836000000,
    "incomeBeforeTaxRatio": 0.3971496437,
    "incomeTaxExpense": 318000000,
    "netIncome": 518000000,
    "netIncomeRatio": 0.2460807601,
    "eps": 218,
    "epsdiluted": 202,
    "weightedAverageShsOut": 2260000,
    "weightedAverageShsOutDil": 2580000,
    "link": "https://www.sec.gov/Archives/edgar/data/895126/000119312507175283/0001193125-07-175283-index.htm",
    "finalLink": "https://www.sec.gov/Archives/edgar/data/895126/000119312507175283/d10q.htm"
  },
  {
    "date": "2007-03-31",
    "symbol": "EXE",
    "reportedCurrency": "USD",
    "cik": "0000895126",
    "fillingDate": "2007-05-08",
    "acceptedDate": "2007-05-08 17:24:16",
    "calendarYear": "2007",
    "period": "Q1",
    "revenue": 1580000000,
    "costOfRevenue": 164000000,
    "grossProfit": 1416000000,
    "grossProfitRatio": 0.8962025316,
    "researchAndDevelopmentExpenses": 0,
    "generalAndAdministrativeExpenses": 0,
    "sellingAndMarketingExpenses": 0,
    "sellingGeneralAndAdministrativeExpenses": 459000000,
    "otherExpenses": 471000000,
    "operatingExpenses": 930000000,
    "costAndExpenses": 1094000000,
    "interestIncome": 0,
    "interestExpense": 0,
    "depreciationAndAmortization": 431000000,
    "ebitda": 917000000,
    "ebitdaratio": 0.5803797468,
    "operatingIncome": 486000000,
    "operatingIncomeRatio": 0.3075949367,
    "totalOtherIncomeExpensesNet": -70000000,
    "incomeBeforeTax": 416000000,
    "incomeBeforeTaxRatio": 0.2632911392,
    "incomeTaxExpense": 158000000,
    "netIncome": 258000000,
    "netIncomeRatio": 0.1632911392,
    "eps": 102,
    "epsdiluted": 100,
    "weightedAverageShsOut": 2255000,
    "weightedAverageShsOutDil": 2580000,
    "link": "https://www.sec.gov/Archives/edgar/data/895126/000119312507105694/0001193125-07-105694-index.htm",
    "finalLink": "https://www.sec.gov/Archives/edgar/data/895126/000119312507105694/d10q.htm"
  },
  {
    "date": "2006-12-31",
    "symbol": "EXE",
    "reportedCurrency": "USD",
    "cik": "0000895126",
    "fillingDate": "2007-03-01",
    "acceptedDate": "2007-03-01 18:19:46",
    "calendarYear": "2006",
    "period": "Q4",
    "revenue": 1867601000,
    "costOfRevenue": 711129000,
    "grossProfit": 1156472000,
    "grossProfitRatio": 0.6192286254,
    "researchAndDevelopmentExpenses": 0,
    "generalAndAdministrativeExpenses": 0,
    "sellingAndMarketingExpenses": 0,
    "sellingGeneralAndAdministrativeExpenses": 39424000,
    "otherExpenses": 282011000,
    "operatingExpenses": 321435000,
    "costAndExpenses": 1032564000,
    "interestIncome": 0,
    "interestExpense": 0,
    "depreciationAndAmortization": 393244000,
    "ebitda": 1389765000,
    "ebitdaratio": 0.7441444934,
    "operatingIncome": 835037000,
    "operatingIncomeRatio": 0.4471174517,
    "totalOtherIncomeExpensesNet": -74775000,
    "incomeBeforeTax": 760262000,
    "incomeBeforeTaxRatio": 0.4070794565,
    "incomeTaxExpense": 288900000,
    "netIncome": 471362000,
    "netIncomeRatio": 0.2523890274,
    "eps": 221.95,
    "epsdiluted": 193.46,
    "weightedAverageShsOut": 2123718,
    "weightedAverageShsOutDil": 2436508,
    "link": "https://www.sec.gov/Archives/edgar/data/895126/000119312507043979/0001193125-07-043979-index.htm",
    "finalLink": "https://www.sec.gov/Archives/edgar/data/895126/000119312507043979/d10k.htm"
  },
  {
    "date": "2006-09-30",
    "symbol": "EXE",
    "reportedCurrency": "USD",
    "cik": "0000895126",
    "fillingDate": "2006-11-07",
    "acceptedDate": "2006-11-07 19:24:23",
    "calendarYear": "2006",
    "period": "Q3",
    "revenue": 1929000000,
    "costOfRevenue": 527000000,
    "grossProfit": 1402000000,
    "grossProfitRatio": 0.7268014515,
    "researchAndDevelopmentExpenses": 0,
    "generalAndAdministrativeExpenses": 0,
    "sellingAndMarketingExpenses": 0,
    "sellingGeneralAndAdministrativeExpenses": 37000000,
    "otherExpenses": 412000000,
    "operatingExpenses": 449000000,
    "costAndExpenses": 976000000,
    "interestIncome": 0,
    "interestExpense": 0,
    "depreciationAndAmortization": 373000000,
    "ebitda": 1326000000,
    "ebitdaratio": 0.6874027994,
    "operatingIncome": 953000000,
    "operatingIncomeRatio": 0.4940383618,
    "totalOtherIncomeExpensesNet": -69000000,
    "incomeBeforeTax": 884000000,
    "incomeBeforeTaxRatio": 0.4582685329,
    "incomeTaxExpense": 335000000,
    "netIncome": 549000000,
    "netIncomeRatio": 0.2846034215,
    "eps": 250,
    "epsdiluted": 226,
    "weightedAverageShsOut": 2090000,
    "weightedAverageShsOutDil": 2415000,
    "link": "https://www.sec.gov/Archives/edgar/data/895126/000119312506226461/0001193125-06-226461-index.htm",
    "finalLink": "https://www.sec.gov/Archives/edgar/data/895126/000119312506226461/d10q.htm"
  },
  {
    "date": "2006-06-30",
    "symbol": "EXE",
    "reportedCurrency": "USD",
    "cik": "0000895126",
    "fillingDate": "2006-08-09",
    "acceptedDate": "2006-08-09 18:58:26",
    "calendarYear": "2006",
    "period": "Q2",
    "revenue": 1584000000,
    "costOfRevenue": 492000000,
    "grossProfit": 1092000000,
    "grossProfitRatio": 0.6893939394,
    "researchAndDevelopmentExpenses": 0,
    "generalAndAdministrativeExpenses": 0,
    "sellingAndMarketingExpenses": 0,
    "sellingGeneralAndAdministrativeExpenses": 34000000,
    "otherExpenses": 385000000,
    "operatingExpenses": 419000000,
    "costAndExpenses": 911000000,
    "interestIncome": 0,
    "interestExpense": 0,
    "depreciationAndAmortization": 352000000,
    "ebitda": 1025000000,
    "ebitdaratio": 0.6470959596,
    "operatingIncome": 673000000,
    "operatingIncomeRatio": 0.4248737374,
    "totalOtherIncomeExpensesNet": -68000000,
    "incomeBeforeTax": 605000000,
    "incomeBeforeTaxRatio": 0.3819444444,
    "incomeTaxExpense": 245000000,
    "netIncome": 350000000,
    "netIncomeRatio": 0.220959596,
    "eps": 174,
    "epsdiluted": 164,
    "weightedAverageShsOut": 1905000,
    "weightedAverageShsOutDil": 2157275,
    "link": "https://www.sec.gov/Archives/edgar/data/895126/000119312506167520/0001193125-06-167520-index.htm",
    "finalLink": "https://www.sec.gov/Archives/edgar/data/895126/000119312506167520/d10q.htm"
  },
  {
    "date": "2006-03-31",
    "symbol": "EXE",
    "reportedCurrency": "USD",
    "cik": "0000895126",
    "fillingDate": "2006-05-10",
    "acceptedDate": "2006-05-10 17:33:19",
    "calendarYear": "2006",
    "period": "Q1",
    "revenue": 1944000000,
    "costOfRevenue": 133000000,
    "grossProfit": 1811000000,
    "grossProfitRatio": 0.9315843621,
    "researchAndDevelopmentExpenses": 0,
    "generalAndAdministrativeExpenses": 0,
    "sellingAndMarketingExpenses": 0,
    "sellingGeneralAndAdministrativeExpenses": 475000000,
    "otherExpenses": 384000000,
    "operatingExpenses": 859000000,
    "costAndExpenses": 992000000,
    "interestIncome": 0,
    "interestExpense": 0,
    "depreciationAndAmortization": 331000000,
    "ebitda": 1283000000,
    "ebitdaratio": 0.6599794239,
    "operatingIncome": 952000000,
    "operatingIncomeRatio": 0.4897119342,
    "totalOtherIncomeExpensesNet": 54000000,
    "incomeBeforeTax": 1006000000,
    "incomeBeforeTaxRatio": 0.5174897119,
    "incomeTaxExpense": 382000000,
    "netIncome": 624000000,
    "netIncomeRatio": 0.3209876543,
    "eps": 328,
    "epsdiluted": 288,
    "weightedAverageShsOut": 1845000,
    "weightedAverageShsOutDil": 2155000,
    "link": "https://www.sec.gov/Archives/edgar/data/895126/000119312506107216/0001193125-06-107216-index.htm",
    "finalLink": "https://www.sec.gov/Archives/edgar/data/895126/000119312506107216/d10q.htm"
  },
  {
    "date": "2005-12-31",
    "symbol": "EXE",
    "reportedCurrency": "USD",
    "cik": "0000895126",
    "fillingDate": "2006-03-14",
    "acceptedDate": "2006-03-14 20:17:01",
    "calendarYear": "2005",
    "period": "Q4",
    "revenue": 1750979000,
    "costOfRevenue": 1660197000,
    "grossProfit": 90782000,
    "grossProfitRatio": 0.0518464242,
    "researchAndDevelopmentExpenses": 0,
    "generalAndAdministrativeExpenses": 0,
    "sellingAndMarketingExpenses": 0,
    "sellingGeneralAndAdministrativeExpenses": -836157000,
    "otherExpenses": 152413000,
    "operatingExpenses": -683744000,
    "costAndExpenses": 976453000,
    "interestIncome": 0,
    "interestExpense": 0,
    "depreciationAndAmortization": 275482000,
    "ebitda": 933238000,
    "ebitdaratio": 0.5329806925,
    "operatingIncome": 774526000,
    "operatingIncomeRatio": 0.4423388287,
    "totalOtherIncomeExpensesNet": -61887000,
    "incomeBeforeTax": 712639000,
    "incomeBeforeTaxRatio": 0.4069946013,
    "incomeTaxExpense": 260114000,
    "netIncome": 452525000,
    "netIncomeRatio": 0.2584411349,
    "eps": 281.01,
    "epsdiluted": 246.5,
    "weightedAverageShsOut": 1610338,
    "weightedAverageShsOutDil": 1835805,
    "link": "https://www.sec.gov/Archives/edgar/data/895126/000119312506053543/0001193125-06-053543-index.htm",
    "finalLink": "https://www.sec.gov/Archives/edgar/data/895126/000119312506053543/d10k.htm"
  },
  {
    "date": "2005-09-30",
    "symbol": "EXE",
    "reportedCurrency": "USD",
    "cik": "0000895126",
    "fillingDate": "2005-11-01",
    "acceptedDate": "2005-11-01 21:29:20",
    "calendarYear": "2005",
    "period": "Q3",
    "revenue": 1082843000,
    "costOfRevenue": 434275000,
    "grossProfit": 648568000,
    "grossProfitRatio": 0.5989492475,
    "researchAndDevelopmentExpenses": 0,
    "generalAndAdministrativeExpenses": 0,
    "sellingAndMarketingExpenses": 0,
    "sellingGeneralAndAdministrativeExpenses": 15785000,
    "otherExpenses": 297149000,
    "operatingExpenses": 312934000,
    "costAndExpenses": 747209000,
    "interestIncome": 0,
    "interestExpense": 0,
    "depreciationAndAmortization": 245490000,
    "ebitda": 581871000,
    "ebitdaratio": 0.5373549074,
    "operatingIncome": 335634000,
    "operatingIncomeRatio": 0.309956291,
    "totalOtherIncomeExpensesNet": -56912000,
    "incomeBeforeTax": 278722000,
    "incomeBeforeTaxRatio": 0.2573983486,
    "incomeTaxExpense": 101734000,
    "netIncome": 176988000,
    "netIncomeRatio": 0.1634475173,
    "eps": 92,
    "epsdiluted": 86,
    "weightedAverageShsOut": 1610505,
    "weightedAverageShsOutDil": 1838195,
    "link": "https://www.sec.gov/Archives/edgar/data/895126/000119312505213104/0001193125-05-213104-index.htm",
    "finalLink": "https://www.sec.gov/Archives/edgar/data/895126/000119312505213104/d10q.htm"
  },
  {
    "date": "2005-06-30",
    "symbol": "EXE",
    "reportedCurrency": "USD",
    "cik": "0000895126",
    "fillingDate": "2005-06-30",
    "acceptedDate": "2005-06-30 00:00:00",
    "calendarYear": "2005",
    "period": "Q2",
    "revenue": 1048018000,
    "costOfRevenue": 72333000,
    "grossProfit": 975685000,
    "grossProfitRatio": 0.9309811473,
    "researchAndDevelopmentExpenses": 0,
    "generalAndAdministrativeExpenses": 0,
    "sellingAndMarketingExpenses": 0,
    "sellingGeneralAndAdministrativeExpenses": 281791000,
    "otherExpenses": 268431000,
    "operatingExpenses": 550222000,
    "costAndExpenses": 622555000,
    "interestIncome": 0,
    "interestExpense": 0,
    "depreciationAndAmortization": 222605000,
    "ebitda": 716468000,
    "ebitdaratio": 0.6836409298,
    "operatingIncome": 425463000,
    "operatingIncomeRatio": 0.4059691723,
    "totalOtherIncomeExpensesNet": -120297000,
    "incomeBeforeTax": 305166000,
    "incomeBeforeTaxRatio": 0.29118393,
    "incomeTaxExpense": 111387000,
    "netIncome": 189036000,
    "netIncomeRatio": 0.1803747646,
    "eps": 116,
    "epsdiluted": 104,
    "weightedAverageShsOut": 1555905,
    "weightedAverageShsOutDil": 1820315,
    "link": null,
    "finalLink": null
  },
  {
    "date": "2005-03-31",
    "symbol": "EXE",
    "reportedCurrency": "USD",
    "cik": "0000895126",
    "fillingDate": "2005-03-31",
    "acceptedDate": "2005-03-31 00:00:00",
    "calendarYear": "2005",
    "period": "Q1",
    "revenue": 783450000,
    "costOfRevenue": 69562000,
    "grossProfit": 713888000,
    "grossProfitRatio": 0.9112106708,
    "researchAndDevelopmentExpenses": 0,
    "generalAndAdministrativeExpenses": 0,
    "sellingAndMarketingExpenses": 0,
    "sellingGeneralAndAdministrativeExpenses": 249343000,
    "otherExpenses": 227008000,
    "operatingExpenses": 476351000,
    "costAndExpenses": 545913000,
    "interestIncome": 0,
    "interestExpense": 0,
    "depreciationAndAmortization": 192388000,
    "ebitda": 430825000,
    "ebitdaratio": 0.5499074606,
    "operatingIncome": 237537000,
    "operatingIncomeRatio": 0.3031935669,
    "totalOtherIncomeExpensesNet": -40671000,
    "incomeBeforeTax": 196866000,
    "incomeBeforeTaxRatio": 0.2512808731,
    "incomeTaxExpense": 71856000,
    "netIncome": 125010000,
    "netIncomeRatio": 0.1595634693,
    "eps": 78,
    "epsdiluted": 72,
    "weightedAverageShsOut": 1549285,
    "weightedAverageShsOutDil": 1756785,
    "link": null,
    "finalLink": null
  },
  {
    "date": "2004-12-31",
    "symbol": "EXE",
    "reportedCurrency": "USD",
    "cik": "0000895126",
    "fillingDate": "2004-12-31",
    "acceptedDate": "2004-12-31 00:00:00",
    "calendarYear": "2004",
    "period": "Q4",
    "revenue": 942051000,
    "costOfRevenue": 915566000,
    "grossProfit": 26485000,
    "grossProfitRatio": 0.0281141891,
    "researchAndDevelopmentExpenses": 0,
    "generalAndAdministrativeExpenses": 0,
    "sellingAndMarketingExpenses": 0,
    "sellingGeneralAndAdministrativeExpenses": -476232000,
    "otherExpenses": 116871000,
    "operatingExpenses": -359361000,
    "costAndExpenses": 556205000,
    "interestIncome": 0,
    "interestExpense": 0,
    "depreciationAndAmortization": 171901000,
    "ebitda": 539770000,
    "ebitdaratio": 0.5729732254,
    "operatingIncome": 385846000,
    "operatingIncomeRatio": 0.4095807976,
    "totalOtherIncomeExpensesNet": -60007000,
    "incomeBeforeTax": 325839000,
    "incomeBeforeTaxRatio": 0.3458825478,
    "incomeTaxExpense": 117301000,
    "netIncome": 208538000,
    "netIncomeRatio": 0.2213659345,
    "eps": 148.14,
    "epsdiluted": 126.95,
    "weightedAverageShsOut": 1407673,
    "weightedAverageShsOutDil": 1642688,
    "link": null,
    "finalLink": null
  },
  {
    "date": "2004-09-30",
    "symbol": "EXE",
    "reportedCurrency": "USD",
    "cik": "0000895126",
    "fillingDate": "2004-09-30",
    "acceptedDate": "2004-09-30 00:00:00",
    "calendarYear": "2004",
    "period": "Q3",
    "revenue": 629796000,
    "costOfRevenue": 54102000,
    "grossProfit": 575694000,
    "grossProfitRatio": 0.914095993,
    "researchAndDevelopmentExpenses": 0,
    "generalAndAdministrativeExpenses": 0,
    "sellingAndMarketingExpenses": 0,
    "sellingGeneralAndAdministrativeExpenses": 184371000,
    "otherExpenses": 192158000,
    "operatingExpenses": 376529000,
    "costAndExpenses": 430631000,
    "interestIncome": 0,
    "interestExpense": 0,
    "depreciationAndAmortization": 162489000,
    "ebitda": 361654000,
    "ebitdaratio": 0.5742399126,
    "operatingIncome": 199165000,
    "operatingIncomeRatio": 0.3162373213,
    "totalOtherIncomeExpensesNet": -47804000,
    "incomeBeforeTax": 151361000,
    "incomeBeforeTaxRatio": 0.2403333778,
    "incomeTaxExpense": 54489000,
    "netIncome": 96872000,
    "netIncomeRatio": 0.1538148861,
    "eps": 66,
    "epsdiluted": 58,
    "weightedAverageShsOut": 1285480,
    "weightedAverageShsOutDil": 1691425,
    "link": null,
    "finalLink": null
  },
  {
    "date": "2004-06-30",
    "symbol": "EXE",
    "reportedCurrency": "USD",
    "cik": "0000895126",
    "fillingDate": "2004-06-30",
    "acceptedDate": "2004-06-30 00:00:00",
    "calendarYear": "2004",
    "period": "Q2",
    "revenue": 574292000,
    "costOfRevenue": 49595000,
    "grossProfit": 524697000,
    "grossProfitRatio": 0.9136414925,
    "researchAndDevelopmentExpenses": 0,
    "generalAndAdministrativeExpenses": 0,
    "sellingAndMarketingExpenses": 0,
    "sellingGeneralAndAdministrativeExpenses": 179207000,
    "otherExpenses": 166210000,
    "operatingExpenses": 345417000,
    "costAndExpenses": 395012000,
    "interestIncome": 0,
    "interestExpense": 0,
    "depreciationAndAmortization": 144582000,
    "ebitda": 323862000,
    "ebitdaratio": 0.5639326336,
    "operatingIncome": 179280000,
    "operatingIncomeRatio": 0.3121756876,
    "totalOtherIncomeExpensesNet": -27471000,
    "incomeBeforeTax": 151809000,
    "incomeBeforeTaxRatio": 0.2643411366,
    "incomeTaxExpense": 54654000,
    "netIncome": 97155000,
    "netIncomeRatio": 0.1691735215,
    "eps": 72,
    "epsdiluted": 62,
    "weightedAverageShsOut": 1205735,
    "weightedAverageShsOutDil": 1517415,
    "link": null,
    "finalLink": null
  },
  {
    "date": "2004-03-31",
    "symbol": "EXE",
    "reportedCurrency": "USD",
    "cik": "0000895126",
    "fillingDate": "2004-03-31",
    "acceptedDate": "2004-03-31 00:00:00",
    "calendarYear": "2004",
    "period": "Q1",
    "revenue": 563129000,
    "costOfRevenue": 44803000,
    "grossProfit": 518326000,
    "grossProfitRatio": 0.9204391889,
    "researchAndDevelopmentExpenses": 0,
    "generalAndAdministrativeExpenses": 0,
    "sellingAndMarketingExpenses": 0,
    "sellingGeneralAndAdministrativeExpenses": 149699000,
    "otherExpenses": 140583000,
    "operatingExpenses": 290282000,
    "costAndExpenses": 335085000,
    "interestIncome": 0,
    "interestExpense": 0,
    "depreciationAndAmortization": 126621000,
    "ebitda": 361590000,
    "ebitdaratio": 0.6421086465,
    "operatingIncome": 228044000,
    "operatingIncomeRatio": 0.4049587217,
    "totalOtherIncomeExpensesNet": -52127000,
    "incomeBeforeTax": 175917000,
    "incomeBeforeTaxRatio": 0.3123920096,
    "incomeTaxExpense": 63327000,
    "netIncome": 112590000,
    "netIncomeRatio": 0.1999364266,
    "eps": 88,
    "epsdiluted": 76,
    "weightedAverageShsOut": 1184420,
    "weightedAverageShsOutDil": 1498020,
    "link": null,
    "finalLink": null
  },
  {
    "date": "2003-12-31",
    "symbol": "EXE",
    "reportedCurrency": "USD",
    "cik": "0000895126",
    "fillingDate": "2003-12-31",
    "acceptedDate": "2003-12-31 00:00:00",
    "calendarYear": "2003",
    "period": "Q4",
    "revenue": 456741000,
    "costOfRevenue": 524100000,
    "grossProfit": -67359000,
    "grossProfitRatio": -0.1474774544,
    "researchAndDevelopmentExpenses": 0,
    "generalAndAdministrativeExpenses": 0,
    "sellingAndMarketingExpenses": 0,
    "sellingGeneralAndAdministrativeExpenses": -295565000,
    "otherExpenses": 56546000,
    "operatingExpenses": -239019000,
    "costAndExpenses": 285081000,
    "interestIncome": 0,
    "interestExpense": 0,
    "depreciationAndAmortization": 102167000,
    "ebitda": 259193000,
    "ebitdaratio": 0.567483541,
    "operatingIncome": 171660000,
    "operatingIncomeRatio": 0.3758366339,
    "totalOtherIncomeExpensesNet": -59768000,
    "incomeBeforeTax": 111892000,
    "incomeBeforeTaxRatio": 0.2449791019,
    "incomeTaxExpense": 42519000,
    "netIncome": 69373000,
    "netIncomeRatio": 0.1518869556,
    "eps": 61.93,
    "epsdiluted": 49.71,
    "weightedAverageShsOut": 1120218,
    "weightedAverageShsOutDil": 1395428,
    "link": null,
    "finalLink": null
  },
  {
    "date": "2003-09-30",
    "symbol": "EXE",
    "reportedCurrency": "USD",
    "cik": "0000895126",
    "fillingDate": "2003-09-30",
    "acceptedDate": "2003-09-30 00:00:00",
    "calendarYear": "2003",
    "period": "Q3",
    "revenue": 454549000,
    "costOfRevenue": 35944000,
    "grossProfit": 418605000,
    "grossProfitRatio": 0.9209238168,
    "researchAndDevelopmentExpenses": 0,
    "generalAndAdministrativeExpenses": 0,
    "sellingAndMarketingExpenses": 0,
    "sellingGeneralAndAdministrativeExpenses": 111438000,
    "otherExpenses": 124426000,
    "operatingExpenses": 235864000,
    "costAndExpenses": 271808000,
    "interestIncome": 0,
    "interestExpense": 0,
    "depreciationAndAmortization": 103184000,
    "ebitda": 285925000,
    "ebitdaratio": 0.6290300936,
    "operatingIncome": 182741000,
    "operatingIncomeRatio": 0.4020270642,
    "totalOtherIncomeExpensesNet": -41039000,
    "incomeBeforeTax": 141702000,
    "incomeBeforeTaxRatio": 0.3117419684,
    "incomeTaxExpense": 53843000,
    "netIncome": 87859000,
    "netIncomeRatio": 0.1932882924,
    "eps": 76,
    "epsdiluted": 66,
    "weightedAverageShsOut": 1080400,
    "weightedAverageShsOutDil": 1327725,
    "link": null,
    "finalLink": null
  },
  {
    "date": "2003-06-30",
    "symbol": "EXE",
    "reportedCurrency": "USD",
    "cik": "0000895126",
    "fillingDate": "2003-06-30",
    "acceptedDate": "2003-06-30 00:00:00",
    "calendarYear": "2003",
    "period": "Q2",
    "revenue": 429552000,
    "costOfRevenue": 34263000,
    "grossProfit": 395289000,
    "grossProfitRatio": 0.9202355012,
    "researchAndDevelopmentExpenses": 0,
    "generalAndAdministrativeExpenses": 0,
    "sellingAndMarketingExpenses": 0,
    "sellingGeneralAndAdministrativeExpenses": 112857000,
    "otherExpenses": 112793000,
    "operatingExpenses": 225650000,
    "costAndExpenses": 259913000,
    "interestIncome": 0,
    "interestExpense": 0,
    "depreciationAndAmortization": 96037000,
    "ebitda": 265676000,
    "ebitdaratio": 0.6184955489,
    "operatingIncome": 169639000,
    "operatingIncomeRatio": 0.3949207546,
    "totalOtherIncomeExpensesNet": -36992000,
    "incomeBeforeTax": 132647000,
    "incomeBeforeTaxRatio": 0.3088031251,
    "incomeTaxExpense": 50407000,
    "netIncome": 82240000,
    "netIncomeRatio": 0.1914552836,
    "eps": 72,
    "epsdiluted": 62,
    "weightedAverageShsOut": 1071705,
    "weightedAverageShsOutDil": 1319595,
    "link": null,
    "finalLink": null
  },
  {
    "date": "2003-03-31",
    "symbol": "EXE",
    "reportedCurrency": "USD",
    "cik": "0000895126",
    "fillingDate": "2003-03-31",
    "acceptedDate": "2003-03-31 00:00:00",
    "calendarYear": "2003",
    "period": "Q1",
    "revenue": 374350000,
    "costOfRevenue": 31457000,
    "grossProfit": 342893000,
    "grossProfitRatio": 0.915969013,
    "researchAndDevelopmentExpenses": 0,
    "generalAndAdministrativeExpenses": 0,
    "sellingAndMarketingExpenses": 0,
    "sellingGeneralAndAdministrativeExpenses": 95023000,
    "otherExpenses": 98895000,
    "operatingExpenses": 193918000,
    "costAndExpenses": 225375000,
    "interestIncome": 0,
    "interestExpense": 0,
    "depreciationAndAmortization": 80616000,
    "ebitda": 229591000,
    "ebitdaratio": 0.6133057299,
    "operatingIncome": 148975000,
    "operatingIncomeRatio": 0.3979564579,
    "totalOtherIncomeExpensesNet": -34264000,
    "incomeBeforeTax": 114711000,
    "incomeBeforeTaxRatio": 0.3064271404,
    "incomeTaxExpense": 43591000,
    "netIncome": 73509000,
    "netIncomeRatio": 0.1963643649,
    "eps": 70,
    "epsdiluted": 64,
    "weightedAverageShsOut": 988040,
    "weightedAverageShsOutDil": 1153360,
    "link": null,
    "finalLink": null
  },
  {
    "date": "2002-12-31",
    "symbol": "EXE",
    "reportedCurrency": "USD",
    "cik": "0000895126",
    "fillingDate": "2002-12-31",
    "acceptedDate": "2002-12-31 00:00:00",
    "calendarYear": "2002",
    "period": "Q4",
    "revenue": 168425000,
    "costOfRevenue": 222776000,
    "grossProfit": -54351000,
    "grossProfitRatio": -0.3227014992,
    "researchAndDevelopmentExpenses": 0,
    "generalAndAdministrativeExpenses": 0,
    "sellingAndMarketingExpenses": 0,
    "sellingGeneralAndAdministrativeExpenses": -103148000,
    "otherExpenses": -39951000,
    "operatingExpenses": -143099000,
    "costAndExpenses": 79677000,
    "interestIncome": 0,
    "interestExpense": 0,
    "depreciationAndAmortization": 62245000,
    "ebitda": 137116000,
    "ebitdaratio": 0.8141071694,
    "operatingIncome": 88748000,
    "operatingIncomeRatio": 0.5269289001,
    "totalOtherIncomeExpensesNet": -45021000,
    "incomeBeforeTax": 43727000,
    "incomeBeforeTaxRatio": 0.2596229776,
    "incomeTaxExpense": 17488000,
    "netIncome": 26239000,
    "netIncomeRatio": 0.1557904112,
    "eps": 28.79,
    "epsdiluted": 26.02,
    "weightedAverageShsOut": 911295,
    "weightedAverageShsOutDil": 1008465,
    "link": null,
    "finalLink": null
  },
  {
    "date": "2002-09-30",
    "symbol": "EXE",
    "reportedCurrency": "USD",
    "cik": "0000895126",
    "fillingDate": "2002-09-30",
    "acceptedDate": "2002-09-30 00:00:00",
    "calendarYear": "2002",
    "period": "Q3",
    "revenue": 205228000,
    "costOfRevenue": 24950000,
    "grossProfit": 180278000,
    "grossProfitRatio": 0.8784278948,
    "researchAndDevelopmentExpenses": 0,
    "generalAndAdministrativeExpenses": 0,
    "sellingAndMarketingExpenses": 0,
    "sellingGeneralAndAdministrativeExpenses": 44925000,
    "otherExpenses": 75914000,
    "operatingExpenses": 120839000,
    "costAndExpenses": 145789000,
    "interestIncome": 0,
    "interestExpense": 0,
    "depreciationAndAmortization": 61322000,
    "ebitda": 126759000,
    "ebitdaratio": 0.6176496385,
    "operatingIncome": 59439000,
    "operatingIncomeRatio": 0.2896242228,
    "totalOtherIncomeExpensesNet": -31769000,
    "incomeBeforeTax": 27670000,
    "incomeBeforeTaxRatio": 0.1348256573,
    "incomeTaxExpense": 11070000,
    "netIncome": 16600000,
    "netIncomeRatio": 0.0808856491,
    "eps": 16,
    "epsdiluted": 16,
    "weightedAverageShsOut": 830720,
    "weightedAverageShsOutDil": 855910,
    "link": null,
    "finalLink": null
  },
  {
    "date": "2002-06-30",
    "symbol": "EXE",
    "reportedCurrency": "USD",
    "cik": "0000895126",
    "fillingDate": "2002-06-30",
    "acceptedDate": "2002-06-30 00:00:00",
    "calendarYear": "2002",
    "period": "Q2",
    "revenue": 194794000,
    "costOfRevenue": 24242000,
    "grossProfit": 170552000,
    "grossProfitRatio": 0.8755505816,
    "researchAndDevelopmentExpenses": 0,
    "generalAndAdministrativeExpenses": 0,
    "sellingAndMarketingExpenses": 0,
    "sellingGeneralAndAdministrativeExpenses": 45040000,
    "otherExpenses": 62822000,
    "operatingExpenses": 107862000,
    "costAndExpenses": 132104000,
    "interestIncome": 0,
    "interestExpense": 0,
    "depreciationAndAmortization": 54696000,
    "ebitda": 117386000,
    "ebitdaratio": 0.602616097,
    "operatingIncome": 62690000,
    "operatingIncomeRatio": 0.321827161,
    "totalOtherIncomeExpensesNet": -20971000,
    "incomeBeforeTax": 41719000,
    "incomeBeforeTaxRatio": 0.214169841,
    "incomeTaxExpense": 16686000,
    "netIncome": 25033000,
    "netIncomeRatio": 0.1285101184,
    "eps": 28,
    "epsdiluted": 26,
    "weightedAverageShsOut": 829815,
    "weightedAverageShsOutDil": 959735,
    "link": null,
    "finalLink": null
  },
  {
    "date": "2002-03-31",
    "symbol": "EXE",
    "reportedCurrency": "USD",
    "cik": "0000895126",
    "fillingDate": "2002-03-31",
    "acceptedDate": "2002-03-31 00:00:00",
    "calendarYear": "2002",
    "period": "Q1",
    "revenue": 89836000,
    "costOfRevenue": 22060000,
    "grossProfit": 67776000,
    "grossProfitRatio": 0.7544414266,
    "researchAndDevelopmentExpenses": 0,
    "generalAndAdministrativeExpenses": 0,
    "sellingAndMarketingExpenses": 0,
    "sellingGeneralAndAdministrativeExpenses": 30801000,
    "otherExpenses": 56945000,
    "operatingExpenses": 87746000,
    "costAndExpenses": 109806000,
    "interestIncome": 0,
    "interestExpense": 0,
    "depreciationAndAmortization": 51973000,
    "ebitda": 32594000,
    "ebitdaratio": 0.3628166882,
    "operatingIncome": -19970000,
    "operatingIncomeRatio": -0.2222939579,
    "totalOtherIncomeExpensesNet": -26006000,
    "incomeBeforeTax": -45976000,
    "incomeBeforeTaxRatio": -0.5117770159,
    "incomeTaxExpense": -18390000,
    "netIncome": -27586000,
    "netIncomeRatio": -0.3070706621,
    "eps": -36,
    "epsdiluted": -36,
    "weightedAverageShsOut": 826860,
    "weightedAverageShsOutDil": 826860,
    "link": null,
    "finalLink": null
  },
  {
    "date": "2001-12-31",
    "symbol": "EXE",
    "reportedCurrency": "USD",
    "cik": "0000895126",
    "fillingDate": "2001-12-31",
    "acceptedDate": "2001-12-31 00:00:00",
    "calendarYear": "2001",
    "period": "Q4",
    "revenue": 177075000,
    "costOfRevenue": 196824000,
    "grossProfit": -19749000,
    "grossProfitRatio": -0.1115290131,
    "researchAndDevelopmentExpenses": 0,
    "generalAndAdministrativeExpenses": 0,
    "sellingAndMarketingExpenses": 0,
    "sellingGeneralAndAdministrativeExpenses": -115002000,
    "otherExpenses": 19358000,
    "operatingExpenses": -95644000,
    "costAndExpenses": 101180000,
    "interestIncome": 0,
    "interestExpense": 0,
    "depreciationAndAmortization": 45985000,
    "ebitda": 139616000,
    "ebitdaratio": 0.7884568686,
    "operatingIncome": 75895000,
    "operatingIncomeRatio": 0.428603699,
    "totalOtherIncomeExpensesNet": -6930000,
    "incomeBeforeTax": 68965000,
    "incomeBeforeTaxRatio": 0.3894677397,
    "incomeTaxExpense": 26340000,
    "netIncome": 42625000,
    "netIncomeRatio": 0.2407172102,
    "eps": 52.02,
    "epsdiluted": 50.24,
    "weightedAverageShsOut": 819335,
    "weightedAverageShsOutDil": 848383,
    "link": null,
    "finalLink": null
  },
  {
    "date": "2001-09-30",
    "symbol": "EXE",
    "reportedCurrency": "USD",
    "cik": "0000895126",
    "fillingDate": "2001-09-30",
    "acceptedDate": "2001-09-30 00:00:00",
    "calendarYear": "2001",
    "period": "Q3",
    "revenue": 238911000,
    "costOfRevenue": 19303000,
    "grossProfit": 219608000,
    "grossProfitRatio": 0.9192042225,
    "researchAndDevelopmentExpenses": 0,
    "generalAndAdministrativeExpenses": 0,
    "sellingAndMarketingExpenses": 0,
    "sellingGeneralAndAdministrativeExpenses": 31186000,
    "otherExpenses": 56048000,
    "operatingExpenses": 87234000,
    "costAndExpenses": 106537000,
    "interestIncome": 0,
    "interestExpense": 0,
    "depreciationAndAmortization": 49336000,
    "ebitda": 181710000,
    "ebitdaratio": 0.7605761141,
    "operatingIncome": 132374000,
    "operatingIncomeRatio": 0.554072437,
    "totalOtherIncomeExpensesNet": -23972000,
    "incomeBeforeTax": 108402000,
    "incomeBeforeTaxRatio": 0.4537338172,
    "incomeTaxExpense": 43394000,
    "netIncome": 65008000,
    "netIncomeRatio": 0.2721013264,
    "eps": 80,
    "epsdiluted": 76,
    "weightedAverageShsOut": 822200,
    "weightedAverageShsOutDil": 851920,
    "link": null,
    "finalLink": null
  },
  {
    "date": "2001-06-30",
    "symbol": "EXE",
    "reportedCurrency": "USD",
    "cik": "0000895126",
    "fillingDate": "2001-06-30",
    "acceptedDate": "2001-06-30 00:00:00",
    "calendarYear": "2001",
    "period": "Q2",
    "revenue": 275681000,
    "costOfRevenue": 18842000,
    "grossProfit": 256839000,
    "grossProfitRatio": 0.9316528887,
    "researchAndDevelopmentExpenses": 0,
    "generalAndAdministrativeExpenses": 0,
    "sellingAndMarketingExpenses": 0,
    "sellingGeneralAndAdministrativeExpenses": 39786000,
    "otherExpenses": 51738000,
    "operatingExpenses": 91524000,
    "costAndExpenses": 110366000,
    "interestIncome": 0,
    "interestExpense": 0,
    "depreciationAndAmortization": 42077000,
    "ebitda": 207392000,
    "ebitdaratio": 0.7522897842,
    "operatingIncome": 165315000,
    "operatingIncomeRatio": 0.5996604771,
    "totalOtherIncomeExpensesNet": -22301000,
    "incomeBeforeTax": 143014000,
    "incomeBeforeTaxRatio": 0.5187662552,
    "incomeTaxExpense": 57529000,
    "netIncome": 39485000,
    "netIncomeRatio": 0.1432271357,
    "eps": 48,
    "epsdiluted": 46,
    "weightedAverageShsOut": 812940,
    "weightedAverageShsOutDil": 856605,
    "link": null,
    "finalLink": null
  },
  {
    "date": "2001-03-31",
    "symbol": "EXE",
    "reportedCurrency": "USD",
    "cik": "0000895126",
    "fillingDate": "2001-03-31",
    "acceptedDate": "2001-03-31 00:00:00",
    "calendarYear": "2001",
    "period": "Q1",
    "revenue": 277384000,
    "costOfRevenue": 18798000,
    "grossProfit": 258586000,
    "grossProfitRatio": 0.9322311309,
    "researchAndDevelopmentExpenses": 0,
    "generalAndAdministrativeExpenses": 0,
    "sellingAndMarketingExpenses": 0,
    "sellingGeneralAndAdministrativeExpenses": 58479000,
    "otherExpenses": 56803000,
    "operatingExpenses": 115282000,
    "costAndExpenses": 134080000,
    "interestIncome": 0,
    "interestExpense": 0,
    "depreciationAndAmortization": 40145000,
    "ebitda": 186841000,
    "ebitdaratio": 0.6735824705,
    "operatingIncome": 143304000,
    "operatingIncomeRatio": 0.5166267701,
    "totalOtherIncomeExpensesNet": -25320000,
    "incomeBeforeTax": 117984000,
    "incomeBeforeTaxRatio": 0.4253453696,
    "incomeTaxExpense": 47696000,
    "netIncome": 70288000,
    "netIncomeRatio": 0.2533960142,
    "eps": 88,
    "epsdiluted": 82,
    "weightedAverageShsOut": 788535,
    "weightedAverageShsOutDil": 851630,
    "link": null,
    "finalLink": null
  },
  {
    "date": "2000-12-31",
    "symbol": "EXE",
    "reportedCurrency": "USD",
    "cik": "0000895126",
    "fillingDate": "2000-12-31",
    "acceptedDate": "2000-12-31 00:00:00",
    "calendarYear": "2000",
    "period": "Q4",
    "revenue": -39360000,
    "costOfRevenue": 141746000,
    "grossProfit": -181106000,
    "grossProfitRatio": 4.6012703252,
    "researchAndDevelopmentExpenses": 0,
    "generalAndAdministrativeExpenses": 0,
    "sellingAndMarketingExpenses": 0,
    "sellingGeneralAndAdministrativeExpenses": -92262000,
    "otherExpenses": 938388000,
    "operatingExpenses": 846126000,
    "costAndExpenses": 987872000,
    "interestIncome": 0,
    "interestExpense": 0,
    "depreciationAndAmortization": 72003000,
    "ebitda": -948787000,
    "ebitdaratio": 24.1053607724,
    "operatingIncome": -1027232000,
    "operatingIncomeRatio": 26.0983739837,
    "totalOtherIncomeExpensesNet": -3692000,
    "incomeBeforeTax": -1030924000,
    "incomeBeforeTaxRatio": 26.1921747967,
    "incomeTaxExpense": -2879000,
    "netIncome": -1041379000,
    "netIncomeRatio": 26.4577997967,
    "eps": -1452.92,
    "epsdiluted": -1294.08,
    "weightedAverageShsOut": 716750,
    "weightedAverageShsOutDil": 804725,
    "link": null,
    "finalLink": null
  },
  {
    "date": "2000-09-30",
    "symbol": "EXE",
    "reportedCurrency": "USD",
    "cik": "0000895126",
    "fillingDate": "2000-09-30",
    "acceptedDate": "2000-09-30 00:00:00",
    "calendarYear": "2000",
    "period": "Q3",
    "revenue": 168182000,
    "costOfRevenue": 11675000,
    "grossProfit": 156507000,
    "grossProfitRatio": 0.9305811561,
    "researchAndDevelopmentExpenses": 0,
    "generalAndAdministrativeExpenses": 0,
    "sellingAndMarketingExpenses": 0,
    "sellingGeneralAndAdministrativeExpenses": 46294000,
    "otherExpenses": 33295000,
    "operatingExpenses": 79589000,
    "costAndExpenses": 91264000,
    "interestIncome": 0,
    "interestExpense": 0,
    "depreciationAndAmortization": 27097000,
    "ebitda": 104015000,
    "ebitdaratio": 0.618466899,
    "operatingIncome": 76918000,
    "operatingIncomeRatio": 0.4573497758,
    "totalOtherIncomeExpensesNet": -20813000,
    "incomeBeforeTax": 56105000,
    "incomeBeforeTaxRatio": 0.3335969367,
    "incomeTaxExpense": 1416000,
    "netIncome": 54689000,
    "netIncomeRatio": 0.3251774863,
    "eps": 66,
    "epsdiluted": 62,
    "weightedAverageShsOut": 732965,
    "weightedAverageShsOutDil": 794235,
    "link": null,
    "finalLink": null
  },
  {
    "date": "2000-06-30",
    "symbol": "EXE",
    "reportedCurrency": "USD",
    "cik": "0000895126",
    "fillingDate": "2000-06-30",
    "acceptedDate": "2000-06-30 00:00:00",
    "calendarYear": "2000",
    "period": "Q2",
    "revenue": 134463000,
    "costOfRevenue": 12540000,
    "grossProfit": 121923000,
    "grossProfitRatio": 0.9067401441,
    "researchAndDevelopmentExpenses": 0,
    "generalAndAdministrativeExpenses": 0,
    "sellingAndMarketingExpenses": 0,
    "sellingGeneralAndAdministrativeExpenses": 36310000,
    "otherExpenses": 32471000,
    "operatingExpenses": 68781000,
    "costAndExpenses": 81321000,
    "interestIncome": 0,
    "interestExpense": 0,
    "depreciationAndAmortization": 26754000,
    "ebitda": 79896000,
    "ebitdaratio": 0.5941857611,
    "operatingIncome": 53142000,
    "operatingIncomeRatio": 0.395216528,
    "totalOtherIncomeExpensesNet": -20146000,
    "incomeBeforeTax": 32996000,
    "incomeBeforeTaxRatio": 0.2453909254,
    "incomeTaxExpense": 1362000,
    "netIncome": 31634000,
    "netIncomeRatio": 0.2352617449,
    "eps": 52,
    "epsdiluted": 44,
    "weightedAverageShsOut": 582330,
    "weightedAverageShsOutDil": 730565,
    "link": null,
    "finalLink": null
  },
  {
    "date": "2000-03-31",
    "symbol": "EXE",
    "reportedCurrency": "USD",
    "cik": "0000895126",
    "fillingDate": "2000-03-31",
    "acceptedDate": "2000-03-31 00:00:00",
    "calendarYear": "2000",
    "period": "Q1",
    "revenue": 114661000,
    "costOfRevenue": 12544000,
    "grossProfit": 102117000,
    "grossProfitRatio": 0.8905992447,
    "researchAndDevelopmentExpenses": 0,
    "generalAndAdministrativeExpenses": 0,
    "sellingAndMarketingExpenses": 0,
    "sellingGeneralAndAdministrativeExpenses": 29576000,
    "otherExpenses": 31566000,
    "operatingExpenses": 61142000,
    "costAndExpenses": 73686000,
    "interestIncome": 0,
    "interestExpense": 0,
    "depreciationAndAmortization": 26350000,
    "ebitda": 67325000,
    "ebitdaratio": 0.5871656448,
    "operatingIncome": 40975000,
    "operatingIncomeRatio": 0.3573577764,
    "totalOtherIncomeExpensesNet": -19672000,
    "incomeBeforeTax": 21303000,
    "incomeBeforeTaxRatio": 0.1857911583,
    "incomeTaxExpense": 101000,
    "netIncome": 21202000,
    "netIncomeRatio": 0.1849103008,
    "eps": 54,
    "epsdiluted": 30,
    "weightedAverageShsOut": 508405,
    "weightedAverageShsOutDil": 700650,
    "link": null,
    "finalLink": null
  },
  {
    "date": "1999-12-31",
    "symbol": "EXE",
    "reportedCurrency": "USD",
    "cik": "0000895126",
    "fillingDate": "1999-12-31",
    "acceptedDate": "1999-12-31 00:00:00",
    "calendarYear": "1999",
    "period": "Q4",
    "revenue": 106246000,
    "costOfRevenue": 94195000,
    "grossProfit": 12051000,
    "grossProfitRatio": 0.1134254466,
    "researchAndDevelopmentExpenses": 0,
    "generalAndAdministrativeExpenses": 0,
    "sellingAndMarketingExpenses": 0,
    "sellingGeneralAndAdministrativeExpenses": -44323000,
    "otherExpenses": 18254000,
    "operatingExpenses": -26069000,
    "costAndExpenses": 68126000,
    "interestIncome": 0,
    "interestExpense": 0,
    "depreciationAndAmortization": 23316000,
    "ebitda": 73336000,
    "ebitdaratio": 0.6902471622,
    "operatingIncome": 38120000,
    "operatingIncomeRatio": 0.358789978,
    "totalOtherIncomeExpensesNet": -18390000,
    "incomeBeforeTax": 19730000,
    "incomeBeforeTaxRatio": 0.1857011087,
    "incomeTaxExpense": 764000,
    "netIncome": 18966000,
    "netIncomeRatio": 0.1785102498,
    "eps": 38.17,
    "epsdiluted": 31.33,
    "weightedAverageShsOut": 496895,
    "weightedAverageShsOutDil": 605420,
    "link": null,
    "finalLink": null
  },
  {
    "date": "1999-09-30",
    "symbol": "EXE",
    "reportedCurrency": "USD",
    "cik": "0000895126",
    "fillingDate": "1999-09-30",
    "acceptedDate": "1999-09-30 00:00:00",
    "calendarYear": "1999",
    "period": "Q3",
    "revenue": 102100000,
    "costOfRevenue": 11700000,
    "grossProfit": 90400000,
    "grossProfitRatio": 0.8854064643,
    "researchAndDevelopmentExpenses": 0,
    "generalAndAdministrativeExpenses": 0,
    "sellingAndMarketingExpenses": 0,
    "sellingGeneralAndAdministrativeExpenses": 25600000,
    "otherExpenses": 28300000,
    "operatingExpenses": 53900000,
    "costAndExpenses": 65600000,
    "interestIncome": 0,
    "interestExpense": 0,
    "depreciationAndAmortization": 24641000,
    "ebitda": 61141000,
    "ebitdaratio": 0.598834476,
    "operatingIncome": 36500000,
    "operatingIncomeRatio": 0.3574926543,
    "totalOtherIncomeExpensesNet": -17800000,
    "incomeBeforeTax": 18700000,
    "incomeBeforeTaxRatio": 0.1831537708,
    "incomeTaxExpense": 600000,
    "netIncome": 18100000,
    "netIncomeRatio": 0.1772771792,
    "eps": 28,
    "epsdiluted": 26,
    "weightedAverageShsOut": 485630,
    "weightedAverageShsOutDil": 517880,
    "link": null,
    "finalLink": null
  },
  {
    "date": "1999-06-30",
    "symbol": "EXE",
    "reportedCurrency": "USD",
    "cik": "0000895126",
    "fillingDate": "1999-06-30",
    "acceptedDate": "1999-06-30 00:00:00",
    "calendarYear": "1999",
    "period": "Q2",
    "revenue": 80892000,
    "costOfRevenue": 11169000,
    "grossProfit": 69723000,
    "grossProfitRatio": 0.8619270138,
    "researchAndDevelopmentExpenses": 0,
    "generalAndAdministrativeExpenses": 0,
    "sellingAndMarketingExpenses": 0,
    "sellingGeneralAndAdministrativeExpenses": 14941000,
    "otherExpenses": 29017000,
    "operatingExpenses": 43958000,
    "costAndExpenses": 55127000,
    "interestIncome": 0,
    "interestExpense": 0,
    "depreciationAndAmortization": 26259000,
    "ebitda": 52024000,
    "ebitdaratio": 0.6431291104,
    "operatingIncome": 25765000,
    "operatingIncomeRatio": 0.3185111012,
    "totalOtherIncomeExpensesNet": -17292000,
    "incomeBeforeTax": 8473000,
    "incomeBeforeTaxRatio": 0.1047445977,
    "incomeTaxExpense": 326000,
    "netIncome": 8147000,
    "netIncomeRatio": 0.100714533,
    "eps": 8,
    "epsdiluted": 8,
    "weightedAverageShsOut": 485245,
    "weightedAverageShsOutDil": 507250,
    "link": null,
    "finalLink": null
  },
  {
    "date": "1999-03-31",
    "symbol": "EXE",
    "reportedCurrency": "USD",
    "cik": "0000895126",
    "fillingDate": "1999-03-31",
    "acceptedDate": "1999-03-31 00:00:00",
    "calendarYear": "1999",
    "period": "Q1",
    "revenue": 65700000,
    "costOfRevenue": 14000000,
    "grossProfit": 51700000,
    "grossProfitRatio": 0.7869101979,
    "researchAndDevelopmentExpenses": 0,
    "generalAndAdministrativeExpenses": 0,
    "sellingAndMarketingExpenses": 0,
    "sellingGeneralAndAdministrativeExpenses": 17300000,
    "otherExpenses": 27300000,
    "operatingExpenses": 44600000,
    "costAndExpenses": 58600000,
    "interestIncome": 0,
    "interestExpense": 0,
    "depreciationAndAmortization": 25300000,
    "ebitda": 32400000,
    "ebitdaratio": 0.4931506849,
    "operatingIncome": 7100000,
    "operatingIncomeRatio": 0.1080669711,
    "totalOtherIncomeExpensesNet": -7100000,
    "incomeBeforeTax": 0,
    "incomeBeforeTaxRatio": 0,
    "incomeTaxExpense": 12000000,
    "netIncome": -12000000,
    "netIncomeRatio": -0.1826484018,
    "eps": -1.32,
    "epsdiluted": -34,
    "weightedAverageShsOut": 9063489,
    "weightedAverageShsOutDil": 96710000,
    "link": null,
    "finalLink": null
  },
  {
    "date": "1998-12-31",
    "symbol": "EXE",
    "reportedCurrency": "USD",
    "cik": "0000895126",
    "fillingDate": "1998-12-31",
    "acceptedDate": "1998-12-31 00:00:00",
    "calendarYear": "1998",
    "period": "Q4",
    "revenue": 85546000,
    "costOfRevenue": 141805000,
    "grossProfit": -56259000,
    "grossProfitRatio": -0.6576461787,
    "researchAndDevelopmentExpenses": 0,
    "generalAndAdministrativeExpenses": 0,
    "sellingAndMarketingExpenses": 0,
    "sellingGeneralAndAdministrativeExpenses": -89482000,
    "otherExpenses": 438420000,
    "operatingExpenses": 348938000,
    "costAndExpenses": 490743000,
    "interestIncome": 0,
    "interestExpense": 0,
    "depreciationAndAmortization": 37004000,
    "ebitda": -837751000,
    "ebitdaratio": -9.7929885676,
    "operatingIncome": -405197000,
    "operatingIncomeRatio": -4.7365978538,
    "totalOtherIncomeExpensesNet": 405197000,
    "incomeBeforeTax": 0,
    "incomeBeforeTaxRatio": 0,
    "incomeTaxExpense": 425120000,
    "netIncome": -425154000,
    "netIncomeRatio": -4.9698875459,
    "eps": -24.1,
    "epsdiluted": -8.72,
    "weightedAverageShsOut": 17641733,
    "weightedAverageShsOutDil": 48730410,
    "link": null,
    "finalLink": null
  },
  {
    "date": "1998-09-30",
    "symbol": "EXE",
    "reportedCurrency": "USD",
    "cik": "0000895126",
    "fillingDate": "1998-09-30",
    "acceptedDate": "1998-09-30 00:00:00",
    "calendarYear": "1998",
    "period": "Q3",
    "revenue": 106300000,
    "costOfRevenue": 14200000,
    "grossProfit": 92100000,
    "grossProfitRatio": 0.8664158043,
    "researchAndDevelopmentExpenses": 0,
    "generalAndAdministrativeExpenses": 0,
    "sellingAndMarketingExpenses": 0,
    "sellingGeneralAndAdministrativeExpenses": 39900000,
    "otherExpenses": 38600000,
    "operatingExpenses": 78500000,
    "costAndExpenses": 92700000,
    "interestIncome": 0,
    "interestExpense": 0,
    "depreciationAndAmortization": 36600000,
    "ebitda": 50200000,
    "ebitdaratio": 0.4722483537,
    "operatingIncome": 13600000,
    "operatingIncomeRatio": 0.127939793,
    "totalOtherIncomeExpensesNet": -13600000,
    "incomeBeforeTax": 0,
    "incomeBeforeTaxRatio": 0,
    "incomeTaxExpense": 4100000,
    "netIncome": -4100000,
    "netIncomeRatio": -0.0385700847,
    "eps": -0.23,
    "epsdiluted": -0.23,
    "weightedAverageShsOut": 17641733,
    "weightedAverageShsOutDil": 17698160,
    "link": null,
    "finalLink": null
  },
  {
    "date": "1998-06-30",
    "symbol": "EXE",
    "reportedCurrency": "USD",
    "cik": "0000895126",
    "fillingDate": "1998-06-30",
    "acceptedDate": "1998-06-30 00:00:00",
    "calendarYear": "1998",
    "period": "Q2",
    "revenue": 109300000,
    "costOfRevenue": 14600000,
    "grossProfit": 94700000,
    "grossProfitRatio": 0.8664226898,
    "researchAndDevelopmentExpenses": 0,
    "generalAndAdministrativeExpenses": 0,
    "sellingAndMarketingExpenses": 0,
    "sellingGeneralAndAdministrativeExpenses": 38800000,
    "otherExpenses": 274500000,
    "operatingExpenses": 313300000,
    "costAndExpenses": 327900000,
    "interestIncome": 0,
    "interestExpense": 0,
    "depreciationAndAmortization": 45900000,
    "ebitda": 53300000,
    "ebitdaratio": 0.4876486734,
    "operatingIncome": -218600000,
    "operatingIncomeRatio": -2,
    "totalOtherIncomeExpensesNet": 218600000,
    "incomeBeforeTax": 0,
    "incomeBeforeTaxRatio": 0,
    "incomeTaxExpense": 234700000,
    "netIncome": -248000000,
    "netIncomeRatio": -2.2689844465,
    "eps": -14.06,
    "epsdiluted": -14.01,
    "weightedAverageShsOut": 17641733,
    "weightedAverageShsOutDil": 17698160,
    "link": null,
    "finalLink": null
  },
  {
    "date": "1998-03-31",
    "symbol": "EXE",
    "reportedCurrency": "USD",
    "cik": "0000895126",
    "fillingDate": "1998-03-31",
    "acceptedDate": "1998-03-31 00:00:00",
    "calendarYear": "1998",
    "period": "Q1",
    "revenue": 76800000,
    "costOfRevenue": 7900000,
    "grossProfit": 68900000,
    "grossProfitRatio": 0.8971354167,
    "researchAndDevelopmentExpenses": 0,
    "generalAndAdministrativeExpenses": 0,
    "sellingAndMarketingExpenses": 0,
    "sellingGeneralAndAdministrativeExpenses": 30600000,
    "otherExpenses": 284200000,
    "operatingExpenses": 314800000,
    "costAndExpenses": 322700000,
    "interestIncome": 0,
    "interestExpense": 0,
    "depreciationAndAmortization": 32700000,
    "ebitda": 36800000,
    "ebitdaratio": 0.4791666667,
    "operatingIncome": -245900000,
    "operatingIncomeRatio": -3.2018229167,
    "totalOtherIncomeExpensesNet": 245900000,
    "incomeBeforeTax": 0,
    "incomeBeforeTaxRatio": 0,
    "incomeTaxExpense": 256500000,
    "netIncome": -256500000,
    "netIncomeRatio": -3.33984375,
    "eps": -14.54,
    "epsdiluted": -14.49,
    "weightedAverageShsOut": 17641733,
    "weightedAverageShsOutDil": 17698160,
    "link": null,
    "finalLink": null
  },
  {
    "date": "1997-09-30",
    "symbol": "EXE",
    "reportedCurrency": "USD",
    "cik": "0000895126",
    "fillingDate": "1997-09-30",
    "acceptedDate": "1997-09-30 00:00:00",
    "calendarYear": "1997",
    "period": "Q3",
    "revenue": 72600000,
    "costOfRevenue": 26700000,
    "grossProfit": 45900000,
    "grossProfitRatio": 0.632231405,
    "researchAndDevelopmentExpenses": 0,
    "generalAndAdministrativeExpenses": 0,
    "sellingAndMarketingExpenses": 0,
    "sellingGeneralAndAdministrativeExpenses": 2800000,
    "otherExpenses": 34900000,
    "operatingExpenses": 37700000,
    "costAndExpenses": 64400000,
    "interestIncome": 0,
    "interestExpense": 0,
    "depreciationAndAmortization": 29700000,
    "ebitda": 37900000,
    "ebitdaratio": 0.5220385675,
    "operatingIncome": 8200000,
    "operatingIncomeRatio": 0.1129476584,
    "totalOtherIncomeExpensesNet": -8200000,
    "incomeBeforeTax": 0,
    "incomeBeforeTaxRatio": 0,
    "incomeTaxExpense": -5500000,
    "netIncome": 5500000,
    "netIncomeRatio": 0.0757575758,
    "eps": 0.31,
    "epsdiluted": 0.31,
    "weightedAverageShsOut": 17641733,
    "weightedAverageShsOutDil": 17698160,
    "link": null,
    "finalLink": null
  },
  {
    "date": "1997-06-30",
    "symbol": "EXE",
    "reportedCurrency": "USD",
    "cik": "0000895126",
    "fillingDate": "1997-06-30",
    "acceptedDate": "1997-06-30 00:00:00",
    "calendarYear": "1997",
    "period": "Q2",
    "revenue": 69092000,
    "costOfRevenue": 57697000,
    "grossProfit": 11395000,
    "grossProfitRatio": 0.1649250275,
    "researchAndDevelopmentExpenses": 0,
    "generalAndAdministrativeExpenses": 0,
    "sellingAndMarketingExpenses": 0,
    "sellingGeneralAndAdministrativeExpenses": 2602000,
    "otherExpenses": 257823000,
    "operatingExpenses": 260425000,
    "costAndExpenses": 318122000,
    "interestIncome": 0,
    "interestExpense": 0,
    "depreciationAndAmortization": 41791000,
    "ebitda": 18993000,
    "ebitdaratio": 0.2748943438,
    "operatingIncome": -249030000,
    "operatingIncomeRatio": -3.6043246686,
    "totalOtherIncomeExpensesNet": 4100000,
    "incomeBeforeTax": -244930000,
    "incomeBeforeTaxRatio": -3.5449835003,
    "incomeTaxExpense": -27173000,
    "netIncome": -217777000,
    "netIncomeRatio": -3.1519857581,
    "eps": -12.34,
    "epsdiluted": -12.31,
    "weightedAverageShsOut": 17641733,
    "weightedAverageShsOutDil": 17698160,
    "link": null,
    "finalLink": null
  },
  {
    "date": "1997-03-31",
    "symbol": "EXE",
    "reportedCurrency": "USD",
    "cik": "0000895126",
    "fillingDate": "1997-03-31",
    "acceptedDate": "1997-03-31 00:00:00",
    "calendarYear": "1997",
    "period": "Q1",
    "revenue": 72600000,
    "costOfRevenue": 30600000,
    "grossProfit": 42000000,
    "grossProfitRatio": 0.5785123967,
    "researchAndDevelopmentExpenses": 0,
    "generalAndAdministrativeExpenses": 0,
    "sellingAndMarketingExpenses": 0,
    "sellingGeneralAndAdministrativeExpenses": 2800000,
    "otherExpenses": 31000000,
    "operatingExpenses": 33800000,
    "costAndExpenses": 64400000,
    "interestIncome": 0,
    "interestExpense": 0,
    "depreciationAndAmortization": 60400000,
    "ebitda": 68600000,
    "ebitdaratio": 0.9449035813,
    "operatingIncome": 8200000,
    "operatingIncomeRatio": 0.1129476584,
    "totalOtherIncomeExpensesNet": 17200000,
    "incomeBeforeTax": 25400000,
    "incomeBeforeTaxRatio": 0.349862259,
    "incomeTaxExpense": 9300000,
    "netIncome": 5500000,
    "netIncomeRatio": 0.0757575758,
    "eps": 0.31,
    "epsdiluted": 0.31,
    "weightedAverageShsOut": 17641733,
    "weightedAverageShsOutDil": 17698160,
    "link": null,
    "finalLink": null
  },
  {
    "date": "1996-12-31",
    "symbol": "EXE",
    "reportedCurrency": "USD",
    "cik": "0000895126",
    "fillingDate": "1996-12-31",
    "acceptedDate": "1996-12-31 00:00:00",
    "calendarYear": "1996",
    "period": "Q4",
    "revenue": 71200000,
    "costOfRevenue": 17500000,
    "grossProfit": 53700000,
    "grossProfitRatio": 0.7542134831,
    "researchAndDevelopmentExpenses": 0,
    "generalAndAdministrativeExpenses": 0,
    "sellingAndMarketingExpenses": 0,
    "sellingGeneralAndAdministrativeExpenses": 2100000,
    "otherExpenses": 23600000,
    "operatingExpenses": 25700000,
    "costAndExpenses": 43200000,
    "interestIncome": 0,
    "interestExpense": 0,
    "depreciationAndAmortization": 20300000,
    "ebitda": 48300000,
    "ebitdaratio": 0.6783707865,
    "operatingIncome": 28000000,
    "operatingIncomeRatio": 0.393258427,
    "totalOtherIncomeExpensesNet": -1700000,
    "incomeBeforeTax": 26300000,
    "incomeBeforeTaxRatio": 0.3693820225,
    "incomeTaxExpense": 9600000,
    "netIncome": 10300000,
    "netIncomeRatio": 0.1446629213,
    "eps": 32,
    "epsdiluted": 30,
    "weightedAverageShsOut": 34638500,
    "weightedAverageShsOutDil": 34638500,
    "link": null,
    "finalLink": null
  },
  {
    "date": "1996-09-30",
    "symbol": "EXE",
    "reportedCurrency": "USD",
    "cik": "0000895126",
    "fillingDate": "1996-09-30",
    "acceptedDate": "1996-09-30 00:00:00",
    "calendarYear": "1996",
    "period": "Q3",
    "revenue": 49000000,
    "costOfRevenue": 11900000,
    "grossProfit": 37100000,
    "grossProfitRatio": 0.7571428571,
    "researchAndDevelopmentExpenses": 0,
    "generalAndAdministrativeExpenses": 0,
    "sellingAndMarketingExpenses": 0,
    "sellingGeneralAndAdministrativeExpenses": 1700000,
    "otherExpenses": 20500000,
    "operatingExpenses": 22200000,
    "costAndExpenses": 34100000,
    "interestIncome": 0,
    "interestExpense": 0,
    "depreciationAndAmortization": 18000000,
    "ebitda": 32900000,
    "ebitdaratio": 0.6714285714,
    "operatingIncome": 14900000,
    "operatingIncomeRatio": 0.3040816327,
    "totalOtherIncomeExpensesNet": -2000000,
    "incomeBeforeTax": 12900000,
    "incomeBeforeTaxRatio": 0.2632653061,
    "incomeTaxExpense": 4700000,
    "netIncome": 8200000,
    "netIncomeRatio": 0.1673469388,
    "eps": 28,
    "epsdiluted": 26,
    "weightedAverageShsOut": 30126000,
    "weightedAverageShsOutDil": 30126000,
    "link": null,
    "finalLink": null
  },
  {
    "date": "1996-06-30",
    "symbol": "EXE",
    "reportedCurrency": "USD",
    "cik": "0000895126",
    "fillingDate": "1996-06-30",
    "acceptedDate": "1996-06-30 00:00:00",
    "calendarYear": "1996",
    "period": "Q2",
    "revenue": 47691000,
    "costOfRevenue": 22250000,
    "grossProfit": 25441000,
    "grossProfitRatio": 0.5334549496,
    "researchAndDevelopmentExpenses": 0,
    "generalAndAdministrativeExpenses": 0,
    "sellingAndMarketingExpenses": 0,
    "sellingGeneralAndAdministrativeExpenses": 1528000,
    "otherExpenses": 6625000,
    "operatingExpenses": 8153000,
    "costAndExpenses": 30403000,
    "interestIncome": 0,
    "interestExpense": 0,
    "depreciationAndAmortization": 14968000,
    "ebitda": 33544000,
    "ebitdaratio": 0.7033612212,
    "operatingIncome": 17288000,
    "operatingIncomeRatio": 0.3625002621,
    "totalOtherIncomeExpensesNet": -5879000,
    "incomeBeforeTax": 11409000,
    "incomeBeforeTaxRatio": 0.2392275272,
    "incomeTaxExpense": 4054000,
    "netIncome": 7355000,
    "netIncomeRatio": 0.1542219706,
    "eps": 0.18,
    "epsdiluted": 0.18,
    "weightedAverageShsOut": 41814000,
    "weightedAverageShsOutDil": 41814000,
    "link": null,
    "finalLink": null
  },
  {
    "date": "1996-03-31",
    "symbol": "EXE",
    "reportedCurrency": "USD",
    "cik": "0000895126",
    "fillingDate": "1996-03-31",
    "acceptedDate": "1996-03-31 00:00:00",
    "calendarYear": "1996",
    "period": "Q1",
    "revenue": 44100000,
    "costOfRevenue": 12100000,
    "grossProfit": 32000000,
    "grossProfitRatio": 0.7256235828,
    "researchAndDevelopmentExpenses": 0,
    "generalAndAdministrativeExpenses": 0,
    "sellingAndMarketingExpenses": 0,
    "sellingGeneralAndAdministrativeExpenses": 1400000,
    "otherExpenses": 16000000,
    "operatingExpenses": 17400000,
    "costAndExpenses": 29500000,
    "interestIncome": 0,
    "interestExpense": 0,
    "depreciationAndAmortization": 13900000,
    "ebitda": 28500000,
    "ebitdaratio": 0.6462585034,
    "operatingIncome": 14600000,
    "operatingIncomeRatio": 0.3310657596,
    "totalOtherIncomeExpensesNet": -2800000,
    "incomeBeforeTax": 11800000,
    "incomeBeforeTaxRatio": 0.2675736961,
    "incomeTaxExpense": 4200000,
    "netIncome": 7600000,
    "netIncomeRatio": 0.1723356009,
    "eps": 26,
    "epsdiluted": 26,
    "weightedAverageShsOut": 53502000,
    "weightedAverageShsOutDil": 53502000,
    "link": null,
    "finalLink": null
  },
  {
    "date": "1995-12-31",
    "symbol": "EXE",
    "reportedCurrency": "USD",
    "cik": "0000895126",
    "fillingDate": "1995-12-31",
    "acceptedDate": "1995-12-31 00:00:00",
    "calendarYear": "1995",
    "period": "Q4",
    "revenue": 31800000,
    "costOfRevenue": 4900000,
    "grossProfit": 26900000,
    "grossProfitRatio": 0.8459119497,
    "researchAndDevelopmentExpenses": 0,
    "generalAndAdministrativeExpenses": 0,
    "sellingAndMarketingExpenses": 0,
    "sellingGeneralAndAdministrativeExpenses": 1000000,
    "otherExpenses": 14600000,
    "operatingExpenses": 15600000,
    "costAndExpenses": 20500000,
    "interestIncome": 0,
    "interestExpense": 0,
    "depreciationAndAmortization": 12600000,
    "ebitda": 23900000,
    "ebitdaratio": 0.751572327,
    "operatingIncome": 11300000,
    "operatingIncomeRatio": 0.3553459119,
    "totalOtherIncomeExpensesNet": -2800000,
    "incomeBeforeTax": 8500000,
    "incomeBeforeTaxRatio": 0.2672955975,
    "incomeTaxExpense": 3000000,
    "netIncome": 5500000,
    "netIncomeRatio": 0.1729559748,
    "eps": 20,
    "epsdiluted": 20,
    "weightedAverageShsOut": 53110000,
    "weightedAverageShsOutDil": 53110000,
    "link": null,
    "finalLink": null
  },
  {
    "date": "1995-09-30",
    "symbol": "EXE",
    "reportedCurrency": "USD",
    "cik": "0000895126",
    "fillingDate": "1995-09-30",
    "acceptedDate": "1995-09-30 00:00:00",
    "calendarYear": "1995",
    "period": "Q3",
    "revenue": 22000000,
    "costOfRevenue": 1700000,
    "grossProfit": 20300000,
    "grossProfitRatio": 0.9227272727,
    "researchAndDevelopmentExpenses": 0,
    "generalAndAdministrativeExpenses": 0,
    "sellingAndMarketingExpenses": 0,
    "sellingGeneralAndAdministrativeExpenses": 900000,
    "otherExpenses": 13000000,
    "operatingExpenses": 13900000,
    "costAndExpenses": 15600000,
    "interestIncome": 0,
    "interestExpense": 0,
    "depreciationAndAmortization": 11300000,
    "ebitda": 17700000,
    "ebitdaratio": 0.8045454545,
    "operatingIncome": 6400000,
    "operatingIncomeRatio": 0.2909090909,
    "totalOtherIncomeExpensesNet": -1900000,
    "incomeBeforeTax": 4500000,
    "incomeBeforeTaxRatio": 0.2045454545,
    "incomeTaxExpense": 1600000,
    "netIncome": 2900000,
    "netIncomeRatio": 0.1318181818,
    "eps": 10,
    "epsdiluted": 10,
    "weightedAverageShsOut": 52756000,
    "weightedAverageShsOutDil": 52756000,
    "link": null,
    "finalLink": null
  },
  {
    "date": "1995-06-30",
    "symbol": "EXE",
    "reportedCurrency": "USD",
    "cik": "0000895126",
    "fillingDate": "1995-06-30",
    "acceptedDate": "1995-06-30 00:00:00",
    "calendarYear": "1995",
    "period": "Q2",
    "revenue": 22800000,
    "costOfRevenue": 6600000,
    "grossProfit": 16200000,
    "grossProfitRatio": 0.7105263158,
    "researchAndDevelopmentExpenses": 0,
    "generalAndAdministrativeExpenses": 0,
    "sellingAndMarketingExpenses": 0,
    "sellingGeneralAndAdministrativeExpenses": 1200000,
    "otherExpenses": 7400000,
    "operatingExpenses": 8600000,
    "costAndExpenses": 15200000,
    "interestIncome": 0,
    "interestExpense": 0,
    "depreciationAndAmortization": 10000000,
    "ebitda": 17600000,
    "ebitdaratio": 0.7719298246,
    "operatingIncome": 7600000,
    "operatingIncomeRatio": 0.3333333333,
    "totalOtherIncomeExpensesNet": -1500000,
    "incomeBeforeTax": 6100000,
    "incomeBeforeTaxRatio": 0.2675438596,
    "incomeTaxExpense": 2300000,
    "netIncome": 3800000,
    "netIncomeRatio": 0.1666666667,
    "eps": 0.0723,
    "epsdiluted": 0.0723,
    "weightedAverageShsOut": 52591000,
    "weightedAverageShsOutDil": 52591000,
    "link": null,
    "finalLink": null
  }
]