[
  {
    "date": "2024-12-31",
    "symbol": "EXE",
    "reportedCurrency": "USD",
    "cik": "0000895126",
    "fillingDate": "2025-02-26",
    "acceptedDate": "2025-02-26 21:06:32",
    "calendarYear": "2024",
    "period": "FY",
    "revenue": 4259000000,
    "costOfRevenue": 3080000000,
    "grossProfit": 1141000000,
    "grossProfitRatio": 0.2679032637,
    "researchAndDevelopmentExpenses": 0,
    "generalAndAdministrativeExpenses": 186000000,
    "sellingAndMarketingExpenses": 1290000000,
    "sellingGeneralAndAdministrativeExpenses": 1476000000,
    "otherExpenses": 468000000,
    "operatingExpenses": 1944000000,
    "costAndExpenses": 5038000000,
    "interestIncome": 7000000,
    "interestExpense": 130000000,
    "depreciationAndAmortization": 1729000000,
    "ebitda": 1011000000,
    "ebitdaratio": 0.2373796666,
    "operatingIncome": -803000000,
    "operatingIncomeRatio": -0.1885419112,
    "totalOtherIncomeExpensesNet": -38000000,
    "incomeBeforeTax": -841000000,
    "incomeBeforeTaxRatio": -0.1974641935,
    "incomeTaxExpense": -127000000,
    "netIncome": -714000000,
    "netIncomeRatio": -0.1676449871,
    "eps": -4.55,
    "epsdiluted": -4.55,
    "weightedAverageShsOut": 156989000,
    "weightedAverageShsOutDil": 156989000,
    "link": "https://www.sec.gov/Archives/edgar/data/895126/000089512625000021/0000895126-25-000021-index.htm",
    "finalLink": "https://www.sec.gov/Archives/edgar/data/895126/000089512625000021/exe-20241231.htm"
  },
  {
    "date": "2023-12-31",
    "symbol": "EXE",
    "reportedCurrency": "USD",
    "cik": "0000895126",
    "fillingDate": "2024-02-21",
    "acceptedDate": "2024-02-21 13:06:21",
    "calendarYear": "2023",
    "period": "FY",
    "revenue": 6047000000,
    "costOfRevenue": 5429000000,
    "grossProfit": 4872000000,
    "grossProfitRatio": 0.8056887713,
    "researchAndDevelopmentExpenses": 0,
    "generalAndAdministrativeExpenses": 127000000,
    "sellingAndMarketingExpenses": 2499000000,
    "sellingGeneralAndAdministrativeExpenses": 2626000000,
    "otherExpenses": -2481000000,
    "operatingExpenses": 145000000,
    "costAndExpenses": 2905000000,
    "interestIncome": 0,
    "interestExpense": 104000000,
    "depreciationAndAmortization": 1527000000,
    "ebitda": 4748000000,
    "ebitdaratio": 0.7851827352,
    "operatingIncome": 3142000000,
    "operatingIncomeRatio": 0.5195964941,
    "totalOtherIncomeExpensesNet": -25000000,
    "incomeBeforeTax": 3117000000,
    "incomeBeforeTaxRatio": 0.5154622127,
    "incomeTaxExpense": 698000000,
    "netIncome": 2419000000,
    "netIncomeRatio": 0.4000330743,
    "eps": 18.21,
    "epsdiluted": 16.92,
    "weightedAverageShsOut": 132840000,
    "weightedAverageShsOutDil": 142976000,
    "link": "https://www.sec.gov/Archives/edgar/data/895126/000089512624000013/0000895126-24-000013-index.htm",
    "finalLink": "https://www.sec.gov/Archives/edgar/data/895126/000089512624000013/chk-20231231.htm"
  },
  {
    "date": "2022-12-31",
    "symbol": "EXE",
    "reportedCurrency": "USD",
    "cik": "0000895126",
    "fillingDate": "2023-02-22",
    "acceptedDate": "2023-02-22 12:47:25",
    "calendarYear": "2022",
    "period": "FY",
    "revenue": 14123000000,
    "costOfRevenue": 7767000000,
    "grossProfit": 8156000000,
    "grossProfitRatio": 0.5774976988,
    "researchAndDevelopmentExpenses": 0,
    "generalAndAdministrativeExpenses": 142000000,
    "sellingAndMarketingExpenses": 23000000,
    "sellingGeneralAndAdministrativeExpenses": 165000000,
    "otherExpenses": 26000000,
    "operatingExpenses": 191000000,
    "costAndExpenses": 10343000000,
    "interestIncome": 3000000,
    "interestExpense": 163000000,
    "depreciationAndAmortization": 1753000000,
    "ebitda": 5564000000,
    "ebitdaratio": 0.3939672874,
    "operatingIncome": 3780000000,
    "operatingIncomeRatio": 0.2676485166,
    "totalOtherIncomeExpensesNet": -129000000,
    "incomeBeforeTax": 3651000000,
    "incomeBeforeTaxRatio": 0.2585144799,
    "incomeTaxExpense": -1285000000,
    "netIncome": 4936000000,
    "netIncomeRatio": 0.3495008143,
    "eps": 38.71,
    "epsdiluted": 33.36,
    "weightedAverageShsOut": 125785000,
    "weightedAverageShsOutDil": 145961000,
    "link": "https://www.sec.gov/Archives/edgar/data/895126/000089512623000022/0000895126-23-000022-index.htm",
    "finalLink": "https://www.sec.gov/Archives/edgar/data/895126/000089512623000022/chk-20221231.htm"
  },
  {
    "date": "2021-12-31",
    "symbol": "EXE",
    "reportedCurrency": "USD",
    "cik": "0000895126",
    "fillingDate": "2022-02-24",
    "acceptedDate": "2022-02-24 22:20:03",
    "calendarYear": "2021",
    "period": "FY",
    "revenue": 7301000000,
    "costOfRevenue": 4881000000,
    "grossProfit": 2420000000,
    "grossProfitRatio": 0.3314614436,
    "researchAndDevelopmentExpenses": 0,
    "generalAndAdministrativeExpenses": 118000000,
    "sellingAndMarketingExpenses": 0,
    "sellingGeneralAndAdministrativeExpenses": 118000000,
    "otherExpenses": -23000000,
    "operatingExpenses": 95000000,
    "costAndExpenses": 4976000000,
    "interestIncome": 0,
    "interestExpense": 84000000,
    "depreciationAndAmortization": 995000000,
    "ebitda": 7301000000,
    "ebitdaratio": 1,
    "operatingIncome": 2325000000,
    "operatingIncomeRatio": 0.3184495275,
    "totalOtherIncomeExpensesNet": 3897000000,
    "incomeBeforeTax": 6222000000,
    "incomeBeforeTaxRatio": 0.8522120257,
    "incomeTaxExpense": -106000000,
    "netIncome": 6328000000,
    "netIncomeRatio": 0.8667305849,
    "eps": 53.66,
    "epsdiluted": 53.66,
    "weightedAverageShsOut": 117917349,
    "weightedAverageShsOutDil": 117917349,
    "link": "https://www.sec.gov/Archives/edgar/data/895126/000089512622000029/0000895126-22-000029-index.htm",
    "finalLink": "https://www.sec.gov/Archives/edgar/data/895126/000089512622000029/chk-20211231.htm"
  },
  {
    "date": "2020-12-31",
    "symbol": "EXE",
    "reportedCurrency": "USD",
    "cik": "0000895126",
    "fillingDate": "2021-03-01",
    "acceptedDate": "2021-03-01 21:42:00",
    "calendarYear": "2020",
    "period": "FY",
    "revenue": 4614000000,
    "costOfRevenue": 5017000000,
    "grossProfit": 620000000,
    "grossProfitRatio": 0.1343736454,
    "researchAndDevelopmentExpenses": 0,
    "generalAndAdministrativeExpenses": 380000000,
    "sellingAndMarketingExpenses": 0,
    "sellingGeneralAndAdministrativeExpenses": 380000000,
    "otherExpenses": -113000000,
    "operatingExpenses": 267000000,
    "costAndExpenses": 5284000000,
    "interestIncome": 0,
    "interestExpense": 476000000,
    "depreciationAndAmortization": 1097000000,
    "ebitda": -8196000000,
    "ebitdaratio": -1.7763328999,
    "operatingIncome": -8703000000,
    "operatingIncomeRatio": -1.8862158648,
    "totalOtherIncomeExpensesNet": -1066000000,
    "incomeBeforeTax": -9769000000,
    "incomeBeforeTaxRatio": -2.1172518422,
    "incomeTaxExpense": -19000000,
    "netIncome": -9734000000,
    "netIncomeRatio": -2.1096662332,
    "eps": -998.26,
    "epsdiluted": -998.26,
    "weightedAverageShsOut": 9773000,
    "weightedAverageShsOutDil": 9773000,
    "link": "https://www.sec.gov/Archives/edgar/data/895126/000089512621000078/0000895126-21-000078-index.htm",
    "finalLink": "https://www.sec.gov/Archives/edgar/data/895126/000089512621000078/chk-20201231.htm"
  },
  {
    "date": "2019-12-31",
    "symbol": "EXE",
    "reportedCurrency": "USD",
    "cik": "0000895126",
    "fillingDate": "2020-02-27",
    "acceptedDate": "2020-02-27 13:36:49",
    "calendarYear": "2019",
    "period": "FY",
    "revenue": 8489000000,
    "costOfRevenue": 8093000000,
    "grossProfit": 396000000,
    "grossProfitRatio": 0.0466486041,
    "researchAndDevelopmentExpenses": 0,
    "generalAndAdministrativeExpenses": 315000000,
    "sellingAndMarketingExpenses": 0,
    "sellingGeneralAndAdministrativeExpenses": 315000000,
    "otherExpenses": 132000000,
    "operatingExpenses": 447000000,
    "costAndExpenses": 8515000000,
    "interestIncome": 0,
    "interestExpense": 651000000,
    "depreciationAndAmortization": 2264000000,
    "ebitda": 2276000000,
    "ebitdaratio": 0.2681116739,
    "operatingIncome": -31000000,
    "operatingIncomeRatio": -0.0036517847,
    "totalOtherIncomeExpensesNet": -608000000,
    "incomeBeforeTax": -639000000,
    "incomeBeforeTaxRatio": -0.0752738838,
    "incomeTaxExpense": -331000000,
    "netIncome": -308000000,
    "netIncomeRatio": -0.0362822476,
    "eps": -49.97,
    "epsdiluted": -49.97,
    "weightedAverageShsOut": 8324999,
    "weightedAverageShsOutDil": 8324999,
    "link": "https://www.sec.gov/Archives/edgar/data/895126/000089512620000061/0000895126-20-000061-index.htm",
    "finalLink": "https://www.sec.gov/Archives/edgar/data/895126/000089512620000061/chk-2019123110k.htm"
  },
  {
    "date": "2018-12-31",
    "symbol": "EXE",
    "reportedCurrency": "USD",
    "cik": "0000895126",
    "fillingDate": "2019-02-27",
    "acceptedDate": "2019-02-27 13:50:42",
    "calendarYear": "2018",
    "period": "FY",
    "revenue": 10328000000,
    "costOfRevenue": 9118000000,
    "grossProfit": 1210000000,
    "grossProfitRatio": 0.1171572424,
    "researchAndDevelopmentExpenses": 0,
    "generalAndAdministrativeExpenses": 335000000,
    "sellingAndMarketingExpenses": 0,
    "sellingGeneralAndAdministrativeExpenses": 335000000,
    "otherExpenses": 0,
    "operatingExpenses": 335000000,
    "costAndExpenses": 9912000000,
    "interestIncome": 1000000,
    "interestExpense": 634000000,
    "depreciationAndAmortization": 1833000000,
    "ebitda": 2685000000,
    "ebitdaratio": 0.2599728892,
    "operatingIncome": 875000000,
    "operatingIncomeRatio": 0.0847211464,
    "totalOtherIncomeExpensesNet": -657000000,
    "incomeBeforeTax": 218000000,
    "incomeBeforeTaxRatio": 0.0211076685,
    "incomeTaxExpense": -10000000,
    "netIncome": 225000000,
    "netIncomeRatio": 0.0217854376,
    "eps": 29.26,
    "epsdiluted": 29.26,
    "weightedAverageShsOut": 4545000,
    "weightedAverageShsOutDil": 4545000,
    "link": "https://www.sec.gov/Archives/edgar/data/895126/000089512619000070/0000895126-19-000070-index.htm",
    "finalLink": "https://www.sec.gov/Archives/edgar/data/895126/000089512619000070/chk-20181231_10k.htm"
  },
  {
    "date": "2017-12-31",
    "symbol": "EXE",
    "reportedCurrency": "USD",
    "cik": "0000895126",
    "fillingDate": "2018-02-22",
    "acceptedDate": "2018-02-22 14:19:08",
    "calendarYear": "2017",
    "period": "FY",
    "revenue": 9085000000,
    "costOfRevenue": 7715000000,
    "grossProfit": 1370000000,
    "grossProfitRatio": 0.1507980187,
    "researchAndDevelopmentExpenses": 0,
    "generalAndAdministrativeExpenses": 333000000,
    "sellingAndMarketingExpenses": -71000000,
    "sellingGeneralAndAdministrativeExpenses": 262000000,
    "otherExpenses": 884000000,
    "operatingExpenses": 1217000000,
    "costAndExpenses": 9612000000,
    "interestIncome": 138000000,
    "interestExpense": 738000000,
    "depreciationAndAmortization": 1697000000,
    "ebitda": 1935000000,
    "ebitdaratio": 0.2129884425,
    "operatingIncome": 1146000000,
    "operatingIncomeRatio": 0.1261419923,
    "totalOtherIncomeExpensesNet": -1646000000,
    "incomeBeforeTax": -500000000,
    "incomeBeforeTaxRatio": -0.0550357733,
    "incomeTaxExpense": 2000000,
    "netIncome": -505000000,
    "netIncomeRatio": -0.055586131,
    "eps": 180,
    "epsdiluted": 180,
    "weightedAverageShsOut": 4530000,
    "weightedAverageShsOutDil": 4530000,
    "link": "https://www.sec.gov/Archives/edgar/data/895126/000089512618000060/0000895126-18-000060-index.htm",
    "finalLink": "https://www.sec.gov/Archives/edgar/data/895126/000089512618000060/chk-20171231_10k.htm"
  },
  {
    "date": "2016-12-31",
    "symbol": "EXE",
    "reportedCurrency": "USD",
    "cik": "0000895126",
    "fillingDate": "2017-03-03",
    "acceptedDate": "2017-03-03 13:25:29",
    "calendarYear": "2016",
    "period": "FY",
    "revenue": 8747000000,
    "costOfRevenue": 8524000000,
    "grossProfit": 223000000,
    "grossProfitRatio": 0.0254944552,
    "researchAndDevelopmentExpenses": 0,
    "generalAndAdministrativeExpenses": 240000000,
    "sellingAndMarketingExpenses": 0,
    "sellingGeneralAndAdministrativeExpenses": 240000000,
    "otherExpenses": 0,
    "operatingExpenses": 3753000000,
    "costAndExpenses": 12209000000,
    "interestIncome": 0,
    "interestExpense": 296000000,
    "depreciationAndAmortization": 1107000000,
    "ebitda": -3196000000,
    "ebitdaratio": -0.3653824168,
    "operatingIncome": -4411000000,
    "operatingIncomeRatio": -0.5042871842,
    "totalOtherIncomeExpensesNet": -178000000,
    "incomeBeforeTax": -4589000000,
    "incomeBeforeTaxRatio": -0.5246370184,
    "incomeTaxExpense": -190000000,
    "netIncome": -4390000000,
    "netIncomeRatio": -0.501886361,
    "eps": -1278,
    "epsdiluted": -1278,
    "weightedAverageShsOut": 3820000,
    "weightedAverageShsOutDil": 3820000,
    "link": "https://www.sec.gov/Archives/edgar/data/895126/000089512617000068/0000895126-17-000068-index.htm",
    "finalLink": "https://www.sec.gov/Archives/edgar/data/895126/000089512617000068/chk-20161231_10k.htm"
  },
  {
    "date": "2015-12-31",
    "symbol": "EXE",
    "reportedCurrency": "USD",
    "cik": "0000895126",
    "fillingDate": "2016-02-25",
    "acceptedDate": "2016-02-25 13:59:17",
    "calendarYear": "2015",
    "period": "FY",
    "revenue": 11844000000,
    "costOfRevenue": 12623000000,
    "grossProfit": -779000000,
    "grossProfitRatio": -0.0657716988,
    "researchAndDevelopmentExpenses": 0,
    "generalAndAdministrativeExpenses": 235000000,
    "sellingAndMarketingExpenses": 0,
    "sellingGeneralAndAdministrativeExpenses": 235000000,
    "otherExpenses": 18789000000,
    "operatingExpenses": 19024000000,
    "costAndExpenses": 12858000000,
    "interestIncome": 6000000,
    "interestExpense": 329000000,
    "depreciationAndAmortization": 2229000000,
    "ebitda": -16540000000,
    "ebitdaratio": -1.3964876731,
    "operatingIncome": -18919000000,
    "operatingIncomeRatio": -1.5973488686,
    "totalOtherIncomeExpensesNet": -179000000,
    "incomeBeforeTax": -19098000000,
    "incomeBeforeTaxRatio": -1.6124620061,
    "incomeTaxExpense": -4463000000,
    "netIncome": -14567000000,
    "netIncomeRatio": -1.2299054374,
    "eps": -4486,
    "epsdiluted": -4486,
    "weightedAverageShsOut": 3310000,
    "weightedAverageShsOutDil": 3310000,
    "link": "https://www.sec.gov/Archives/edgar/data/895126/000089512616000395/0000895126-16-000395-index.htm",
    "finalLink": "https://www.sec.gov/Archives/edgar/data/895126/000089512616000395/chk-20151231_10k.htm"
  },
  {
    "date": "2014-12-31",
    "symbol": "EXE",
    "reportedCurrency": "USD",
    "cik": "0000895126",
    "fillingDate": "2015-02-27",
    "acceptedDate": "2015-02-27 14:08:37",
    "calendarYear": "2014",
    "period": "FY",
    "revenue": 22106000000,
    "costOfRevenue": 19196000000,
    "grossProfit": 2910000000,
    "grossProfitRatio": 0.1316384692,
    "researchAndDevelopmentExpenses": 0,
    "generalAndAdministrativeExpenses": 322000000,
    "sellingAndMarketingExpenses": 0,
    "sellingGeneralAndAdministrativeExpenses": 322000000,
    "otherExpenses": 0,
    "operatingExpenses": 445000000,
    "costAndExpenses": 19416000000,
    "interestIncome": 3000000,
    "interestExpense": 173000000,
    "depreciationAndAmortization": 2915000000,
    "ebitda": 6288000000,
    "ebitdaratio": 0.2844476613,
    "operatingIncome": 2588000000,
    "operatingIncomeRatio": 0.1170722881,
    "totalOtherIncomeExpensesNet": 612000000,
    "incomeBeforeTax": 3200000000,
    "incomeBeforeTaxRatio": 0.1447570795,
    "incomeTaxExpense": 1144000000,
    "netIncome": 1917000000,
    "netIncomeRatio": 0.086718538,
    "eps": 386,
    "epsdiluted": 374,
    "weightedAverageShsOut": 3295000,
    "weightedAverageShsOutDil": 3860000,
    "link": "https://www.sec.gov/Archives/edgar/data/895126/000089512615000076/0000895126-15-000076-index.htm",
    "finalLink": "https://www.sec.gov/Archives/edgar/data/895126/000089512615000076/chk-20141231_10k.htm"
  },
  {
    "date": "2013-12-31",
    "symbol": "EXE",
    "reportedCurrency": "USD",
    "cik": "0000895126",
    "fillingDate": "2014-02-27",
    "acceptedDate": "2014-02-27 02:36:02",
    "calendarYear": "2013",
    "period": "FY",
    "revenue": 17161000000,
    "costOfRevenue": 14488000000,
    "grossProfit": 2673000000,
    "grossProfitRatio": 0.1557601538,
    "researchAndDevelopmentExpenses": 0,
    "generalAndAdministrativeExpenses": 457000000,
    "sellingAndMarketingExpenses": 0,
    "sellingGeneralAndAdministrativeExpenses": 457000000,
    "otherExpenses": 0,
    "operatingExpenses": 457000000,
    "costAndExpenses": 14945000000,
    "interestIncome": 5000000,
    "interestExpense": 111000000,
    "depreciationAndAmortization": 2903000000,
    "ebitda": 4456000000,
    "ebitdaratio": 0.2596585281,
    "operatingIncome": 2216000000,
    "operatingIncomeRatio": 0.1291300041,
    "totalOtherIncomeExpensesNet": -774000000,
    "incomeBeforeTax": 1442000000,
    "incomeBeforeTaxRatio": 0.0840277373,
    "incomeTaxExpense": 548000000,
    "netIncome": 645000000,
    "netIncomeRatio": 0.0375852223,
    "eps": 146,
    "epsdiluted": 146,
    "weightedAverageShsOut": 3265000,
    "weightedAverageShsOutDil": 3265000,
    "link": "https://www.sec.gov/Archives/edgar/data/895126/000089512614000104/0000895126-14-000104-index.htm",
    "finalLink": "https://www.sec.gov/Archives/edgar/data/895126/000089512614000104/chk-20131231_10xk.htm"
  },
  {
    "date": "2012-12-31",
    "symbol": "EXE",
    "reportedCurrency": "USD",
    "cik": "0000895126",
    "fillingDate": "2013-03-01",
    "acceptedDate": "2013-03-01 12:27:43",
    "calendarYear": "2012",
    "period": "FY",
    "revenue": 11397000000,
    "costOfRevenue": 10087000000,
    "grossProfit": 1310000000,
    "grossProfitRatio": 0.1149425287,
    "researchAndDevelopmentExpenses": 0,
    "generalAndAdministrativeExpenses": 535000000,
    "sellingAndMarketingExpenses": 0,
    "sellingGeneralAndAdministrativeExpenses": 535000000,
    "otherExpenses": 0,
    "operatingExpenses": 535000000,
    "costAndExpenses": 10615000000,
    "interestIncome": 1000000,
    "interestExpense": 91000000,
    "depreciationAndAmortization": 2811000000,
    "ebitda": 1928000000,
    "ebitdaratio": 0.1691673247,
    "operatingIncome": 782000000,
    "operatingIncomeRatio": 0.0686145477,
    "totalOtherIncomeExpensesNet": -1756000000,
    "incomeBeforeTax": -974000000,
    "incomeBeforeTaxRatio": -0.0854610863,
    "incomeTaxExpense": -380000000,
    "netIncome": -769000000,
    "netIncomeRatio": -0.0674738966,
    "eps": -292,
    "epsdiluted": -292,
    "weightedAverageShsOut": 3215000,
    "weightedAverageShsOutDil": 3215000,
    "link": "https://www.sec.gov/Archives/edgar/data/895126/000089512613000076/0000895126-13-000076-index.htm",
    "finalLink": "https://www.sec.gov/Archives/edgar/data/895126/000089512613000076/chk-2012123110k.htm"
  },
  {
    "date": "2011-12-31",
    "symbol": "EXE",
    "reportedCurrency": "USD",
    "cik": "0000895126",
    "fillingDate": "2012-02-29",
    "acceptedDate": "2012-02-29 22:17:22",
    "calendarYear": "2011",
    "period": "FY",
    "revenue": 10870000000,
    "costOfRevenue": 8557000000,
    "grossProfit": 2313000000,
    "grossProfitRatio": 0.2127874885,
    "researchAndDevelopmentExpenses": 0,
    "generalAndAdministrativeExpenses": 548000000,
    "sellingAndMarketingExpenses": 0,
    "sellingGeneralAndAdministrativeExpenses": 548000000,
    "otherExpenses": 0,
    "operatingExpenses": 548000000,
    "costAndExpenses": 9105000000,
    "interestIncome": 3000000,
    "interestExpense": 30000000,
    "depreciationAndAmortization": 1923000000,
    "ebitda": 4833000000,
    "ebitdaratio": 0.4446182153,
    "operatingIncome": 1765000000,
    "operatingIncomeRatio": 0.1623735051,
    "totalOtherIncomeExpensesNet": 1115000000,
    "incomeBeforeTax": 2880000000,
    "incomeBeforeTaxRatio": 0.264949402,
    "incomeTaxExpense": 1123000000,
    "netIncome": 1742000000,
    "netIncomeRatio": 0.1602575897,
    "eps": 494,
    "epsdiluted": 464,
    "weightedAverageShsOut": 3185000,
    "weightedAverageShsOutDil": 3760000,
    "link": "https://www.sec.gov/Archives/edgar/data/895126/000119312512089591/0001193125-12-089591-index.htm",
    "finalLink": "https://www.sec.gov/Archives/edgar/data/895126/000119312512089591/d270087d10k.htm"
  },
  {
    "date": "2010-12-31",
    "symbol": "EXE",
    "reportedCurrency": "USD",
    "cik": "0000895126",
    "fillingDate": "2011-03-01",
    "acceptedDate": "2011-03-01 22:12:04",
    "calendarYear": "2010",
    "period": "FY",
    "revenue": 7967000000,
    "costOfRevenue": 6224000000,
    "grossProfit": 1743000000,
    "grossProfitRatio": 0.218777457,
    "researchAndDevelopmentExpenses": 0,
    "generalAndAdministrativeExpenses": 453000000,
    "sellingAndMarketingExpenses": 0,
    "sellingGeneralAndAdministrativeExpenses": 453000000,
    "otherExpenses": 0,
    "operatingExpenses": 453000000,
    "costAndExpenses": 6677000000,
    "interestIncome": 8000000,
    "interestExpense": 179000000,
    "depreciationAndAmortization": 1614000000,
    "ebitda": 4677000000,
    "ebitdaratio": 0.5870465671,
    "operatingIncome": 1290000000,
    "operatingIncomeRatio": 0.1619179114,
    "totalOtherIncomeExpensesNet": 1594000000,
    "incomeBeforeTax": 2884000000,
    "incomeBeforeTaxRatio": 0.361993222,
    "incomeTaxExpense": 1110000000,
    "netIncome": 1774000000,
    "netIncomeRatio": 0.2226685076,
    "eps": 526,
    "epsdiluted": 502,
    "weightedAverageShsOut": 3155000,
    "weightedAverageShsOutDil": 3530000,
    "link": "https://www.sec.gov/Archives/edgar/data/895126/000119312511052349/0001193125-11-052349-index.htm",
    "finalLink": "https://www.sec.gov/Archives/edgar/data/895126/000119312511052349/d10k.htm"
  },
  {
    "date": "2009-12-31",
    "symbol": "EXE",
    "reportedCurrency": "USD",
    "cik": "0000895126",
    "fillingDate": "2010-03-01",
    "acceptedDate": "2010-03-01 21:42:14",
    "calendarYear": "2009",
    "period": "FY",
    "revenue": 5944000000,
    "costOfRevenue": 5096000000,
    "grossProfit": 848000000,
    "grossProfitRatio": 0.1426648721,
    "researchAndDevelopmentExpenses": 0,
    "generalAndAdministrativeExpenses": 0,
    "sellingAndMarketingExpenses": 0,
    "sellingGeneralAndAdministrativeExpenses": 349000000,
    "otherExpenses": 0,
    "operatingExpenses": 349000000,
    "costAndExpenses": 5445000000,
    "interestIncome": 8000000,
    "interestExpense": 341000000,
    "depreciationAndAmortization": 1615000000,
    "ebitda": -7332000000,
    "ebitdaratio": -1.233512786,
    "operatingIncome": 499000000,
    "operatingIncomeRatio": 0.0839502019,
    "totalOtherIncomeExpensesNet": -9787000000,
    "incomeBeforeTax": -9288000000,
    "incomeBeforeTaxRatio": -1.5625841184,
    "incomeTaxExpense": -3483000000,
    "netIncome": -5830000000,
    "netIncomeRatio": -0.980820996,
    "eps": -1914,
    "epsdiluted": -1914,
    "weightedAverageShsOut": 3060000,
    "weightedAverageShsOutDil": 3060000,
    "link": "https://www.sec.gov/Archives/edgar/data/895126/000119312510044784/0001193125-10-044784-index.htm",
    "finalLink": "https://www.sec.gov/Archives/edgar/data/895126/000119312510044784/d10k.htm"
  },
  {
    "date": "2008-12-31",
    "symbol": "EXE",
    "reportedCurrency": "USD",
    "cik": "0000895126",
    "fillingDate": "2009-03-02",
    "acceptedDate": "2009-03-02 22:15:17",
    "calendarYear": "2008",
    "period": "FY",
    "revenue": 10840000000,
    "costOfRevenue": 6968000000,
    "grossProfit": 3872000000,
    "grossProfitRatio": 0.357195572,
    "researchAndDevelopmentExpenses": 0,
    "generalAndAdministrativeExpenses": 0,
    "sellingAndMarketingExpenses": 0,
    "sellingGeneralAndAdministrativeExpenses": 457000000,
    "otherExpenses": 0,
    "operatingExpenses": 457000000,
    "costAndExpenses": 7425000000,
    "interestIncome": 22000000,
    "interestExpense": 265000000,
    "depreciationAndAmortization": 2144000000,
    "ebitda": 3598000000,
    "ebitdaratio": 0.3319188192,
    "operatingIncome": 3415000000,
    "operatingIncomeRatio": 0.3150369004,
    "totalOtherIncomeExpensesNet": -2229000000,
    "incomeBeforeTax": 1186000000,
    "incomeBeforeTaxRatio": 0.1094095941,
    "incomeTaxExpense": 463000000,
    "netIncome": 656000000,
    "netIncomeRatio": 0.0605166052,
    "eps": 232,
    "epsdiluted": 228,
    "weightedAverageShsOut": 2680000,
    "weightedAverageShsOutDil": 2725000,
    "link": "https://www.sec.gov/Archives/edgar/data/895126/000119312509042739/0001193125-09-042739-index.htm",
    "finalLink": "https://www.sec.gov/Archives/edgar/data/895126/000119312509042739/d10k.htm"
  },
  {
    "date": "2007-12-31",
    "symbol": "EXE",
    "reportedCurrency": "USD",
    "cik": "0000895126",
    "fillingDate": "2008-02-29",
    "acceptedDate": "2008-02-29 21:40:09",
    "calendarYear": "2007",
    "period": "FY",
    "revenue": 6849000000,
    "costOfRevenue": 4692000000,
    "grossProfit": 2157000000,
    "grossProfitRatio": 0.3149364871,
    "researchAndDevelopmentExpenses": 0,
    "generalAndAdministrativeExpenses": 243000000,
    "sellingAndMarketingExpenses": 0,
    "sellingGeneralAndAdministrativeExpenses": 243000000,
    "otherExpenses": 216000000,
    "operatingExpenses": 459000000,
    "costAndExpenses": 5151000000,
    "interestIncome": 8000000,
    "interestExpense": 364000000,
    "depreciationAndAmortization": 1989000000,
    "ebitda": 4694000000,
    "ebitdaratio": 0.6853555264,
    "operatingIncome": 1698000000,
    "operatingIncomeRatio": 0.2479194043,
    "totalOtherIncomeExpensesNet": 643000000,
    "incomeBeforeTax": 2341000000,
    "incomeBeforeTaxRatio": 0.3418017229,
    "incomeTaxExpense": 890000000,
    "netIncome": 1323000000,
    "netIncomeRatio": 0.1931668857,
    "eps": 538,
    "epsdiluted": 524,
    "weightedAverageShsOut": 2280000,
    "weightedAverageShsOutDil": 2435000,
    "link": "https://www.sec.gov/Archives/edgar/data/895126/000119312508043772/0001193125-08-043772-index.htm",
    "finalLink": "https://www.sec.gov/Archives/edgar/data/895126/000119312508043772/d10k.htm"
  },
  {
    "date": "2006-12-31",
    "symbol": "EXE",
    "reportedCurrency": "USD",
    "cik": "0000895126",
    "fillingDate": "2007-03-01",
    "acceptedDate": "2007-03-01 18:19:46",
    "calendarYear": "2006",
    "period": "FY",
    "revenue": 7325595000,
    "costOfRevenue": 2256000000,
    "grossProfit": 5069595000,
    "grossProfitRatio": 0.6920386672,
    "researchAndDevelopmentExpenses": 0,
    "generalAndAdministrativeExpenses": 194000000,
    "sellingAndMarketingExpenses": 0,
    "sellingGeneralAndAdministrativeExpenses": 194000000,
    "otherExpenses": 1463000000,
    "operatingExpenses": 315592000,
    "costAndExpenses": 3857620000,
    "interestIncome": 5200000,
    "interestExpense": 300422000,
    "depreciationAndAmortization": 1462759000,
    "ebitda": 5018540000,
    "ebitdaratio": 0.6850692674,
    "operatingIncome": 3467975000,
    "operatingIncomeRatio": 0.4734052319,
    "totalOtherIncomeExpensesNet": -212616000,
    "incomeBeforeTax": 3255359000,
    "incomeBeforeTaxRatio": 0.4443815144,
    "incomeTaxExpense": 1252036000,
    "netIncome": 1992767000,
    "netIncomeRatio": 0.2720280059,
    "eps": 956,
    "epsdiluted": 870,
    "weightedAverageShsOut": 1992435,
    "weightedAverageShsOutDil": 2293015,
    "link": "https://www.sec.gov/Archives/edgar/data/895126/000119312507043979/0001193125-07-043979-index.htm",
    "finalLink": "https://www.sec.gov/Archives/edgar/data/895126/000119312507043979/d10k.htm"
  },
  {
    "date": "2005-12-31",
    "symbol": "EXE",
    "reportedCurrency": "USD",
    "cik": "0000895126",
    "fillingDate": "2006-03-14",
    "acceptedDate": "2006-03-14 20:17:01",
    "calendarYear": "2005",
    "period": "FY",
    "revenue": 4665000000,
    "costOfRevenue": 1883000000,
    "grossProfit": 2782000000,
    "grossProfitRatio": 0.5963558414,
    "researchAndDevelopmentExpenses": 0,
    "generalAndAdministrativeExpenses": 64000000,
    "sellingAndMarketingExpenses": 1358275000,
    "sellingGeneralAndAdministrativeExpenses": 1422275000,
    "otherExpenses": 945000000,
    "operatingExpenses": 1009000000,
    "costAndExpenses": 2892000000,
    "interestIncome": 3000000,
    "interestExpense": 226300000,
    "depreciationAndAmortization": 945001000,
    "ebitda": 2664694000,
    "ebitdaratio": 0.5712098607,
    "operatingIncome": 2133706000,
    "operatingIncomeRatio": 0.4573860665,
    "totalOtherIncomeExpensesNet": -640313000,
    "incomeBeforeTax": 1493393000,
    "incomeBeforeTaxRatio": 0.3201271168,
    "incomeTaxExpense": 545091000,
    "netIncome": 921428000,
    "netIncomeRatio": 0.1975193998,
    "eps": 546,
    "epsdiluted": 502,
    "weightedAverageShsOut": 1610170,
    "weightedAverageShsOutDil": 1833415,
    "link": "https://www.sec.gov/Archives/edgar/data/895126/000119312506053543/0001193125-06-053543-index.htm",
    "finalLink": "https://www.sec.gov/Archives/edgar/data/895126/000119312506053543/d10k.htm"
  },
  {
    "date": "2004-12-31",
    "symbol": "EXE",
    "reportedCurrency": "USD",
    "cik": "0000895126",
    "fillingDate": "2004-12-31",
    "acceptedDate": "2004-12-29 19:00:00",
    "calendarYear": "2004",
    "period": "FY",
    "revenue": 2709268000,
    "costOfRevenue": 1064066000,
    "grossProfit": 1645202000,
    "grossProfitRatio": 0.6072496335,
    "researchAndDevelopmentExpenses": 0,
    "generalAndAdministrativeExpenses": 37045000,
    "sellingAndMarketingExpenses": 0,
    "sellingGeneralAndAdministrativeExpenses": 37045000,
    "otherExpenses": 615822000,
    "operatingExpenses": 896290000,
    "costAndExpenses": 1712433000,
    "interestIncome": 4476000,
    "interestExpense": 167328000,
    "depreciationAndAmortization": 611322000,
    "ebitda": 1583576000,
    "ebitdaratio": 0.584503268,
    "operatingIncome": 996835000,
    "operatingIncomeRatio": 0.3679351766,
    "totalOtherIncomeExpensesNet": -191909000,
    "incomeBeforeTax": 804926000,
    "incomeBeforeTaxRatio": 0.2971009143,
    "incomeTaxExpense": 289771000,
    "netIncome": 515155000,
    "netIncomeRatio": 0.1901454563,
    "eps": 376,
    "epsdiluted": 330,
    "weightedAverageShsOut": 1266060,
    "weightedAverageShsOutDil": 1528590,
    "link": null,
    "finalLink": null
  },
  {
    "date": "2003-12-31",
    "symbol": "EXE",
    "reportedCurrency": "USD",
    "cik": "0000895126",
    "fillingDate": "2003-12-31",
    "acceptedDate": "2003-12-31 00:00:00",
    "calendarYear": "2003",
    "period": "FY",
    "revenue": 1717432000,
    "costOfRevenue": 625764000,
    "grossProfit": 1091668000,
    "grossProfitRatio": 0.6356397226,
    "researchAndDevelopmentExpenses": 0,
    "generalAndAdministrativeExpenses": 23753000,
    "sellingAndMarketingExpenses": 0,
    "sellingGeneralAndAdministrativeExpenses": 23753000,
    "otherExpenses": 392660000,
    "operatingExpenses": 416413000,
    "costAndExpenses": 1042177000,
    "interestIncome": 2827000,
    "interestExpense": 154356000,
    "depreciationAndAmortization": 382004000,
    "ebitda": 1041566000,
    "ebitdaratio": 0.6064670974,
    "operatingIncome": 675255000,
    "operatingIncomeRatio": 0.3931771389,
    "totalOtherIncomeExpensesNet": -174303000,
    "incomeBeforeTax": 500952000,
    "incomeBeforeTaxRatio": 0.2916866578,
    "incomeTaxExpense": 190360000,
    "netIncome": 312981000,
    "netIncomeRatio": 0.1822377829,
    "eps": 276,
    "epsdiluted": 242,
    "weightedAverageShsOut": 1056015,
    "weightedAverageShsOutDil": 1292835,
    "link": null,
    "finalLink": null
  },
  {
    "date": "2002-12-31",
    "symbol": "EXE",
    "reportedCurrency": "USD",
    "cik": "0000895126",
    "fillingDate": "2002-12-31",
    "acceptedDate": "2002-12-31 00:00:00",
    "calendarYear": "2002",
    "period": "FY",
    "revenue": 738502000,
    "costOfRevenue": 294028000,
    "grossProfit": 444474000,
    "grossProfitRatio": 0.6018588981,
    "researchAndDevelopmentExpenses": 0,
    "generalAndAdministrativeExpenses": 17618000,
    "sellingAndMarketingExpenses": 0,
    "sellingGeneralAndAdministrativeExpenses": 17618000,
    "otherExpenses": 235198000,
    "operatingExpenses": 252816000,
    "costAndExpenses": 546844000,
    "interestIncome": 7340000,
    "interestExpense": 112031000,
    "depreciationAndAmortization": 230236000,
    "ebitda": 414369000,
    "ebitdaratio": 0.5610939442,
    "operatingIncome": 191658000,
    "operatingIncomeRatio": 0.2595226553,
    "totalOtherIncomeExpensesNet": -124518000,
    "incomeBeforeTax": 67140000,
    "incomeBeforeTaxRatio": 0.0909137687,
    "incomeTaxExpense": 26854000,
    "netIncome": 40286000,
    "netIncomeRatio": 0.0545509694,
    "eps": 36,
    "epsdiluted": 34,
    "weightedAverageShsOut": 834550,
    "weightedAverageShsOutDil": 863570,
    "link": null,
    "finalLink": null
  },
  {
    "date": "2001-12-31",
    "symbol": "EXE",
    "reportedCurrency": "USD",
    "cik": "0000895126",
    "fillingDate": "2001-12-31",
    "acceptedDate": "2001-12-31 00:00:00",
    "calendarYear": "2001",
    "period": "FY",
    "revenue": 969051000,
    "costOfRevenue": 252757000,
    "grossProfit": 716294000,
    "grossProfitRatio": 0.7391705906,
    "researchAndDevelopmentExpenses": 0,
    "generalAndAdministrativeExpenses": 0,
    "sellingAndMarketingExpenses": 0,
    "sellingGeneralAndAdministrativeExpenses": 14449000,
    "otherExpenses": 181565000,
    "operatingExpenses": 196014000,
    "costAndExpenses": 448771000,
    "interestIncome": 2877000,
    "interestExpense": 98321000,
    "depreciationAndAmortization": 177543000,
    "ebitda": 641584000,
    "ebitdaratio": 0.6620745451,
    "operatingIncome": 520280000,
    "operatingIncomeRatio": 0.5368964069,
    "totalOtherIncomeExpensesNet": -158582000,
    "incomeBeforeTax": 361698000,
    "incomeBeforeTaxRatio": 0.3732497051,
    "incomeTaxExpense": 144292000,
    "netIncome": 217406000,
    "netIncomeRatio": 0.2243493892,
    "eps": 266,
    "epsdiluted": 250,
    "weightedAverageShsOut": 811810,
    "weightedAverageShsOutDil": 869905,
    "link": null,
    "finalLink": null
  },
  {
    "date": "2000-12-31",
    "symbol": "EXE",
    "reportedCurrency": "USD",
    "cik": "0000895126",
    "fillingDate": "2000-12-31",
    "acceptedDate": "2000-12-31 00:00:00",
    "calendarYear": "2000",
    "period": "FY",
    "revenue": 627952000,
    "costOfRevenue": 227234000,
    "grossProfit": 400718000,
    "grossProfitRatio": 0.6381347619,
    "researchAndDevelopmentExpenses": 0,
    "generalAndAdministrativeExpenses": 19918000,
    "sellingAndMarketingExpenses": -6741000,
    "sellingGeneralAndAdministrativeExpenses": 13177000,
    "otherExpenses": 108772000,
    "operatingExpenses": 121949000,
    "costAndExpenses": 349183000,
    "interestIncome": 3649000,
    "interestExpense": 86256000,
    "depreciationAndAmortization": 105103000,
    "ebitda": 391190000,
    "ebitdaratio": 0.6229616276,
    "operatingIncome": 278769000,
    "operatingIncomeRatio": 0.4439336128,
    "totalOtherIncomeExpensesNet": -82607000,
    "incomeBeforeTax": 196162000,
    "incomeBeforeTaxRatio": 0.3123837491,
    "incomeTaxExpense": -259408000,
    "netIncome": 455570000,
    "netIncomeRatio": 0.7254853874,
    "eps": 704,
    "epsdiluted": 602,
    "weightedAverageShsOut": 644965,
    "weightedAverageShsOutDil": 757820,
    "link": null,
    "finalLink": null
  },
  {
    "date": "1999-12-31",
    "symbol": "EXE",
    "reportedCurrency": "USD",
    "cik": "0000895126",
    "fillingDate": "1999-12-31",
    "acceptedDate": "1999-12-31 00:00:00",
    "calendarYear": "1999",
    "period": "FY",
    "revenue": 354946000,
    "costOfRevenue": 131095000,
    "grossProfit": 223851000,
    "grossProfitRatio": 0.6306621289,
    "researchAndDevelopmentExpenses": 0,
    "generalAndAdministrativeExpenses": 0,
    "sellingAndMarketingExpenses": 0,
    "sellingGeneralAndAdministrativeExpenses": 13477000,
    "otherExpenses": 102854000,
    "operatingExpenses": 116331000,
    "costAndExpenses": 247426000,
    "interestIncome": 8562000,
    "interestExpense": 81052000,
    "depreciationAndAmortization": 99516000,
    "ebitda": 218936000,
    "ebitdaratio": 0.6168149521,
    "operatingIncome": 107520000,
    "operatingIncomeRatio": 0.3029193173,
    "totalOtherIncomeExpensesNet": -72490000,
    "incomeBeforeTax": 35030000,
    "incomeBeforeTaxRatio": 0.0986910685,
    "incomeTaxExpense": 1764000,
    "netIncome": 33266000,
    "netIncomeRatio": 0.0937212985,
    "eps": 34,
    "epsdiluted": 32,
    "weightedAverageShsOut": 485385,
    "weightedAverageShsOutDil": 510190,
    "link": null,
    "finalLink": null
  },
  {
    "date": "1998-12-31",
    "symbol": "EXE",
    "reportedCurrency": "USD",
    "cik": "0000895126",
    "fillingDate": "1998-12-31",
    "acceptedDate": "1998-12-31 00:00:00",
    "calendarYear": "1998",
    "period": "FY",
    "revenue": 627952000,
    "costOfRevenue": 227234000,
    "grossProfit": 400718000,
    "grossProfitRatio": 0.6381347619,
    "researchAndDevelopmentExpenses": 0,
    "generalAndAdministrativeExpenses": 0,
    "sellingAndMarketingExpenses": 0,
    "sellingGeneralAndAdministrativeExpenses": 13177000,
    "otherExpenses": 108772000,
    "operatingExpenses": 121949000,
    "costAndExpenses": 349183000,
    "interestIncome": 3649000,
    "interestExpense": 86256000,
    "depreciationAndAmortization": 105103000,
    "ebitda": 391190000,
    "ebitdaratio": 0.6229616276,
    "operatingIncome": 278769000,
    "operatingIncomeRatio": 0.4439336128,
    "totalOtherIncomeExpensesNet": -82607000,
    "incomeBeforeTax": 196162000,
    "incomeBeforeTaxRatio": 0.3123837491,
    "incomeTaxExpense": -259408000,
    "netIncome": 455570000,
    "netIncomeRatio": 0.7254853874,
    "eps": 704,
    "epsdiluted": 602,
    "weightedAverageShsOut": 644965,
    "weightedAverageShsOutDil": 757820,
    "link": null,
    "finalLink": null
  },
  {
    "date": "1997-06-30",
    "symbol": "EXE",
    "reportedCurrency": "USD",
    "cik": "0000895126",
    "fillingDate": "1997-06-30",
    "acceptedDate": "1997-06-30 00:00:00",
    "calendarYear": "1996",
    "period": "FY",
    "revenue": 269100000,
    "costOfRevenue": 325900000,
    "grossProfit": -56800000,
    "grossProfitRatio": -0.2110739502,
    "researchAndDevelopmentExpenses": 0,
    "generalAndAdministrativeExpenses": 0,
    "sellingAndMarketingExpenses": 0,
    "sellingGeneralAndAdministrativeExpenses": 8800000,
    "otherExpenses": 107300000,
    "operatingExpenses": 116100000,
    "costAndExpenses": 442000000,
    "interestIncome": 11223000,
    "interestExpense": 0,
    "depreciationAndAmortization": 107300000,
    "ebitda": -65600000,
    "ebitdaratio": -0.2437755481,
    "operatingIncome": -172900000,
    "operatingIncomeRatio": -0.6425120773,
    "totalOtherIncomeExpensesNet": -7500000,
    "incomeBeforeTax": -180400000,
    "incomeBeforeTaxRatio": -0.6703827573,
    "incomeTaxExpense": -3600000,
    "netIncome": -183400000,
    "netIncomeRatio": -0.6815310294,
    "eps": -10.4,
    "epsdiluted": -10.36,
    "weightedAverageShsOut": 17641733,
    "weightedAverageShsOutDil": 17698160,
    "link": null,
    "finalLink": null
  },
  {
    "date": "1996-06-30",
    "symbol": "EXE",
    "reportedCurrency": "USD",
    "cik": "0000895126",
    "fillingDate": "1996-06-30",
    "acceptedDate": "1996-06-30 00:00:00",
    "calendarYear": "1995",
    "period": "FY",
    "revenue": 145591000,
    "costOfRevenue": 54329000,
    "grossProfit": 91262000,
    "grossProfitRatio": 0.6268381974,
    "researchAndDevelopmentExpenses": 0,
    "generalAndAdministrativeExpenses": 0,
    "sellingAndMarketingExpenses": 0,
    "sellingGeneralAndAdministrativeExpenses": 4828000,
    "otherExpenses": 50225000,
    "operatingExpenses": 55053000,
    "costAndExpenses": 109382000,
    "interestIncome": 3831000,
    "interestExpense": 13679000,
    "depreciationAndAmortization": 52768000,
    "ebitda": 86434000,
    "ebitdaratio": 0.5936768069,
    "operatingIncome": 36209000,
    "operatingIncomeRatio": 0.24870356,
    "totalOtherIncomeExpensesNet": 0,
    "incomeBeforeTax": 36209000,
    "incomeBeforeTaxRatio": 0.24870356,
    "incomeTaxExpense": 12854000,
    "netIncome": 23355000,
    "netIncomeRatio": 0.1604151356,
    "eps": 0.65,
    "epsdiluted": 0.65,
    "weightedAverageShsOut": 35970000,
    "weightedAverageShsOutDil": 35970000,
    "link": null,
    "finalLink": null
  },
  {
    "date": "1995-06-30",
    "symbol": "EXE",
    "reportedCurrency": "USD",
    "cik": "0000895126",
    "fillingDate": "1995-06-30",
    "acceptedDate": "1995-06-30 00:00:00",
    "calendarYear": "1994",
    "period": "FY",
    "revenue": 65819000,
    "costOfRevenue": 18630000,
    "grossProfit": 47189000,
    "grossProfitRatio": 0.7169510324,
    "researchAndDevelopmentExpenses": 0,
    "generalAndAdministrativeExpenses": 0,
    "sellingAndMarketingExpenses": 0,
    "sellingGeneralAndAdministrativeExpenses": 3578000,
    "otherExpenses": 25651000,
    "operatingExpenses": 29229000,
    "costAndExpenses": 47859000,
    "interestIncome": 1524000,
    "interestExpense": 0,
    "depreciationAndAmortization": 26628000,
    "ebitda": 43611000,
    "ebitdaratio": 0.6625898297,
    "operatingIncome": 17960000,
    "operatingIncomeRatio": 0.2728695362,
    "totalOtherIncomeExpensesNet": 0,
    "incomeBeforeTax": 17960000,
    "incomeBeforeTaxRatio": 0.2728695362,
    "incomeTaxExpense": 6299000,
    "netIncome": 11661000,
    "netIncomeRatio": 0.1771676871,
    "eps": 0.22,
    "epsdiluted": 0.22,
    "weightedAverageShsOut": 52508500,
    "weightedAverageShsOutDil": 52508500,
    "link": null,
    "finalLink": null
  },
  {
    "date": "1994-06-30",
    "symbol": "EXE",
    "reportedCurrency": "USD",
    "cik": "0000895126",
    "fillingDate": "1994-06-30",
    "acceptedDate": "1994-06-30 00:00:00",
    "calendarYear": "1993",
    "period": "FY",
    "revenue": 28843000,
    "costOfRevenue": 8846000,
    "grossProfit": 19997000,
    "grossProfitRatio": 0.6933051347,
    "researchAndDevelopmentExpenses": 0,
    "generalAndAdministrativeExpenses": 0,
    "sellingAndMarketingExpenses": 0,
    "sellingGeneralAndAdministrativeExpenses": 3135000,
    "otherExpenses": 9031000,
    "operatingExpenses": 12166000,
    "costAndExpenses": 21012000,
    "interestIncome": 981000,
    "interestExpense": 2676000,
    "depreciationAndAmortization": 9455000,
    "ebitda": 17843000,
    "ebitdaratio": 0.6186249697,
    "operatingIncome": 7831000,
    "operatingIncomeRatio": 0.2715043511,
    "totalOtherIncomeExpensesNet": -2676000,
    "incomeBeforeTax": 5155000,
    "incomeBeforeTaxRatio": 0.1787262074,
    "incomeTaxExpense": 1250000,
    "netIncome": 3905000,
    "netIncomeRatio": 0.1353881358,
    "eps": 0.0781,
    "epsdiluted": 0.0781,
    "weightedAverageShsOut": 50030000,
    "weightedAverageShsOutDil": 50030000,
    "link": null,
    "finalLink": null
  },
  {
    "date": "1993-06-30",
    "symbol": "EXE",
    "reportedCurrency": "USD",
    "cik": "0000895126",
    "fillingDate": "1993-06-30",
    "acceptedDate": "1993-06-30 00:00:00",
    "calendarYear": "1992",
    "period": "FY",
    "revenue": 17100000,
    "costOfRevenue": 6200000,
    "grossProfit": 10900000,
    "grossProfitRatio": 0.6374269006,
    "researchAndDevelopmentExpenses": 0,
    "generalAndAdministrativeExpenses": 0,
    "sellingAndMarketingExpenses": 0,
    "sellingGeneralAndAdministrativeExpenses": 5200000,
    "otherExpenses": 4700000,
    "operatingExpenses": 9900000,
    "costAndExpenses": 16100000,
    "interestIncome": 0,
    "interestExpense": 0,
    "depreciationAndAmortization": 4700000,
    "ebitda": 5700000,
    "ebitdaratio": 0.3333333333,
    "operatingIncome": 1000000,
    "operatingIncomeRatio": 0.0584795322,
    "totalOtherIncomeExpensesNet": -1500000,
    "incomeBeforeTax": -500000,
    "incomeBeforeTaxRatio": -0.0292397661,
    "incomeTaxExpense": -100000,
    "netIncome": -400000,
    "netIncomeRatio": -0.0233918129,
    "eps": -4,
    "epsdiluted": -4,
    "weightedAverageShsOut": 100000,
    "weightedAverageShsOutDil": 100000,
    "link": null,
    "finalLink": null
  }
]