[
  {
    "date": "2025-06-30",
    "symbol": "EXPD",
    "reportedCurrency": "USD",
    "cik": "0000746515",
    "fillingDate": "2025-08-05",
    "acceptedDate": "2025-08-05 11:18:52",
    "calendarYear": "2025",
    "period": "Q2",
    "revenue": 2651885000,
    "costOfRevenue": 2238540000,
    "grossProfit": 413345000,
    "grossProfitRatio": 0.1558683729,
    "researchAndDevelopmentExpenses": 0,
    "generalAndAdministrativeExpenses": 0,
    "sellingAndMarketingExpenses": 9928000,
    "sellingGeneralAndAdministrativeExpenses": 9928000,
    "otherExpenses": 155681000,
    "operatingExpenses": 165609000,
    "costAndExpenses": 2404149000,
    "interestIncome": 9183000,
    "interestExpense": 0,
    "depreciationAndAmortization": 13847000,
    "ebitda": 271471000,
    "ebitdaratio": 0.1023690695,
    "operatingIncome": 247736000,
    "operatingIncomeRatio": 0.0934188323,
    "totalOtherIncomeExpensesNet": 10233000,
    "incomeBeforeTax": 257969000,
    "incomeBeforeTaxRatio": 0.0972775969,
    "incomeTaxExpense": 74050000,
    "netIncome": 183574000,
    "netIncomeRatio": 0.0692239671,
    "eps": 1.35,
    "epsdiluted": 1.34,
    "weightedAverageShsOut": 137045000,
    "weightedAverageShsOutDil": 137537000,
    "link": "https://www.sec.gov/Archives/edgar/data/746515/000074651525000007/0000746515-25-000007-index.htm",
    "finalLink": "https://www.sec.gov/Archives/edgar/data/746515/000074651525000007/expd-20250630.htm"
  },
  {
    "date": "2025-03-31",
    "symbol": "EXPD",
    "reportedCurrency": "USD",
    "cik": "0000746515",
    "fillingDate": "2025-05-08",
    "acceptedDate": "2025-05-08 11:38:01",
    "calendarYear": "2025",
    "period": "Q1",
    "revenue": 2666419000,
    "costOfRevenue": 2313559000,
    "grossProfit": 352860000,
    "grossProfitRatio": 0.1323347906,
    "researchAndDevelopmentExpenses": 0,
    "generalAndAdministrativeExpenses": 0,
    "sellingAndMarketingExpenses": 8574000,
    "sellingGeneralAndAdministrativeExpenses": 8574000,
    "otherExpenses": 78428000,
    "operatingExpenses": 87002000,
    "costAndExpenses": 2400561000,
    "interestIncome": 9184000,
    "interestExpense": 0,
    "depreciationAndAmortization": 14604000,
    "ebitda": 280462000,
    "ebitdaratio": 0.1051830189,
    "operatingIncome": 265858000,
    "operatingIncomeRatio": 0.0997060102,
    "totalOtherIncomeExpensesNet": 10023000,
    "incomeBeforeTax": 275881000,
    "incomeBeforeTaxRatio": 0.1034649843,
    "incomeTaxExpense": 71782000,
    "netIncome": 203795000,
    "netIncomeRatio": 0.0764302235,
    "eps": 1.48,
    "epsdiluted": 1.47,
    "weightedAverageShsOut": 137833000,
    "weightedAverageShsOutDil": 138435000,
    "link": "https://www.sec.gov/Archives/edgar/data/746515/000095017025066562/0000950170-25-066562-index.htm",
    "finalLink": "https://www.sec.gov/Archives/edgar/data/746515/000095017025066562/expd-20250331.htm"
  },
  {
    "date": "2024-12-31",
    "symbol": "EXPD",
    "reportedCurrency": "USD",
    "cik": "0000746515",
    "fillingDate": "2025-02-21",
    "acceptedDate": "2025-02-21 14:40:47",
    "calendarYear": "2024",
    "period": "Q4",
    "revenue": 2954705000,
    "costOfRevenue": 2567135000,
    "grossProfit": 387570000,
    "grossProfitRatio": 0.1311704553,
    "researchAndDevelopmentExpenses": 0,
    "generalAndAdministrativeExpenses": 0,
    "sellingAndMarketingExpenses": 10965000,
    "sellingGeneralAndAdministrativeExpenses": 10965000,
    "otherExpenses": 75501000,
    "operatingExpenses": 86466000,
    "costAndExpenses": 2653601000,
    "interestIncome": 10007000,
    "interestExpense": 0,
    "depreciationAndAmortization": 15176000,
    "ebitda": 316280000,
    "ebitdaratio": 0.1070428351,
    "operatingIncome": 301104000,
    "operatingIncomeRatio": 0.1019066201,
    "totalOtherIncomeExpensesNet": 12179000,
    "incomeBeforeTax": 313283000,
    "incomeBeforeTaxRatio": 0.1060285206,
    "incomeTaxExpense": 77127000,
    "netIncome": 235878000,
    "netIncomeRatio": 0.0798313199,
    "eps": 1.69,
    "epsdiluted": 1.68,
    "weightedAverageShsOut": 139357000,
    "weightedAverageShsOutDil": 139992000,
    "link": "https://www.sec.gov/Archives/edgar/data/746515/000095017025024750/0000950170-25-024750-index.htm",
    "finalLink": "https://www.sec.gov/Archives/edgar/data/746515/000095017025024750/expd-20241231.htm"
  },
  {
    "date": "2024-09-30",
    "symbol": "EXPD",
    "reportedCurrency": "USD",
    "cik": "0000746515",
    "fillingDate": "2024-11-05",
    "acceptedDate": "2024-11-05 16:18:13",
    "calendarYear": "2024",
    "period": "Q3",
    "revenue": 3000131000,
    "costOfRevenue": 2621070000,
    "grossProfit": 379061000,
    "grossProfitRatio": 0.1263481495,
    "researchAndDevelopmentExpenses": 0,
    "generalAndAdministrativeExpenses": 0,
    "sellingAndMarketingExpenses": 7589000,
    "sellingGeneralAndAdministrativeExpenses": 7589000,
    "otherExpenses": 69948000,
    "operatingExpenses": 77537000,
    "costAndExpenses": 2698607000,
    "interestIncome": 9917000,
    "interestExpense": 0,
    "depreciationAndAmortization": 15774000,
    "ebitda": 317298000,
    "ebitdaratio": 0.1057613818,
    "operatingIncome": 301524000,
    "operatingIncomeRatio": 0.1005036113,
    "totalOtherIncomeExpensesNet": 10890000,
    "incomeBeforeTax": 312414000,
    "incomeBeforeTaxRatio": 0.1041334528,
    "incomeTaxExpense": 82488000,
    "netIncome": 229574000,
    "netIncomeRatio": 0.0765213252,
    "eps": 1.63,
    "epsdiluted": 1.63,
    "weightedAverageShsOut": 140417000,
    "weightedAverageShsOutDil": 141027000,
    "link": "https://www.sec.gov/Archives/edgar/data/746515/000095017024121496/0000950170-24-121496-index.htm",
    "finalLink": "https://www.sec.gov/Archives/edgar/data/746515/000095017024121496/expd-20240930.htm"
  },
  {
    "date": "2024-06-30",
    "symbol": "EXPD",
    "reportedCurrency": "USD",
    "cik": "0000746515",
    "fillingDate": "2024-08-08",
    "acceptedDate": "2024-08-08 12:13:40",
    "calendarYear": "2024",
    "period": "Q2",
    "revenue": 2439001000,
    "costOfRevenue": 2140415000,
    "grossProfit": 298586000,
    "grossProfitRatio": 0.122421434,
    "researchAndDevelopmentExpenses": 0,
    "generalAndAdministrativeExpenses": 0,
    "sellingAndMarketingExpenses": 7998000,
    "sellingGeneralAndAdministrativeExpenses": 7998000,
    "otherExpenses": 66669000,
    "operatingExpenses": 74667000,
    "costAndExpenses": 2215082000,
    "interestIncome": 11904000,
    "interestExpense": 0,
    "depreciationAndAmortization": 14979000,
    "ebitda": 238898000,
    "ebitdaratio": 0.0979491193,
    "operatingIncome": 223919000,
    "operatingIncomeRatio": 0.0918076704,
    "totalOtherIncomeExpensesNet": 12002000,
    "incomeBeforeTax": 235921000,
    "incomeBeforeTaxRatio": 0.0967285376,
    "incomeTaxExpense": 60770000,
    "netIncome": 175469000,
    "netIncomeRatio": 0.0719429799,
    "eps": 1.24,
    "epsdiluted": 1.24,
    "weightedAverageShsOut": 141013000,
    "weightedAverageShsOutDil": 141716000,
    "link": "https://www.sec.gov/Archives/edgar/data/746515/000095017024093558/0000950170-24-093558-index.htm",
    "finalLink": "https://www.sec.gov/Archives/edgar/data/746515/000095017024093558/expd-20240630.htm"
  },
  {
    "date": "2024-03-31",
    "symbol": "EXPD",
    "reportedCurrency": "USD",
    "cik": "0000746515",
    "fillingDate": "2024-05-09",
    "acceptedDate": "2024-05-09 11:40:39",
    "calendarYear": "2024",
    "period": "Q1",
    "revenue": 2206678000,
    "costOfRevenue": 1922855000,
    "grossProfit": 283823000,
    "grossProfitRatio": 0.1286200343,
    "researchAndDevelopmentExpenses": 0,
    "generalAndAdministrativeExpenses": 0,
    "sellingAndMarketingExpenses": 6779000,
    "sellingGeneralAndAdministrativeExpenses": 6779000,
    "otherExpenses": 62268000,
    "operatingExpenses": 69047000,
    "costAndExpenses": 1991902000,
    "interestIncome": 14878000,
    "interestExpense": 0,
    "depreciationAndAmortization": 15161000,
    "ebitda": 229937000,
    "ebitdaratio": 0.1042005222,
    "operatingIncome": 214776000,
    "operatingIncomeRatio": 0.0973300137,
    "totalOtherIncomeExpensesNet": 18406000,
    "incomeBeforeTax": 233182000,
    "incomeBeforeTaxRatio": 0.1056710585,
    "incomeTaxExpense": 62782000,
    "netIncome": 169152000,
    "netIncomeRatio": 0.0766545912,
    "eps": 1.18,
    "epsdiluted": 1.17,
    "weightedAverageShsOut": 143194000,
    "weightedAverageShsOutDil": 144125000,
    "link": "https://www.sec.gov/Archives/edgar/data/746515/000095017024056466/0000950170-24-056466-index.htm",
    "finalLink": "https://www.sec.gov/Archives/edgar/data/746515/000095017024056466/expd-20240331.htm"
  },
  {
    "date": "2023-12-31",
    "symbol": "EXPD",
    "reportedCurrency": "USD",
    "cik": "0000746515",
    "fillingDate": "2024-02-23",
    "acceptedDate": "2024-02-23 16:18:45",
    "calendarYear": "2023",
    "period": "Q4",
    "revenue": 2277768000,
    "costOfRevenue": 2002729000,
    "grossProfit": 275039000,
    "grossProfitRatio": 0.1207493476,
    "researchAndDevelopmentExpenses": 0,
    "generalAndAdministrativeExpenses": 0,
    "sellingAndMarketingExpenses": 9066000,
    "sellingGeneralAndAdministrativeExpenses": 9066000,
    "otherExpenses": 66575000,
    "operatingExpenses": 75641000,
    "costAndExpenses": 2078370000,
    "interestIncome": 16728000,
    "interestExpense": 159000,
    "depreciationAndAmortization": 21386000,
    "ebitda": 237921000,
    "ebitdaratio": 0.1044535703,
    "operatingIncome": 199398000,
    "operatingIncomeRatio": 0.0875409612,
    "totalOtherIncomeExpensesNet": 16978000,
    "incomeBeforeTax": 216376000,
    "incomeBeforeTaxRatio": 0.0949947492,
    "incomeTaxExpense": 57231000,
    "netIncome": 158719000,
    "netIncomeRatio": 0.0696818113,
    "eps": 1.09,
    "epsdiluted": 1.09,
    "weightedAverageShsOut": 144979000,
    "weightedAverageShsOutDil": 145891000,
    "link": "https://www.sec.gov/Archives/edgar/data/746515/000095017024019394/0000950170-24-019394-index.htm",
    "finalLink": "https://www.sec.gov/Archives/edgar/data/746515/000095017024019394/expd-20231231.htm"
  },
  {
    "date": "2023-09-30",
    "symbol": "EXPD",
    "reportedCurrency": "USD",
    "cik": "0000746515",
    "fillingDate": "2023-11-08",
    "acceptedDate": "2023-11-08 16:21:03",
    "calendarYear": "2023",
    "period": "Q3",
    "revenue": 2190001000,
    "costOfRevenue": 1888610000,
    "grossProfit": 301391000,
    "grossProfitRatio": 0.1376213983,
    "researchAndDevelopmentExpenses": 0,
    "generalAndAdministrativeExpenses": 0,
    "sellingAndMarketingExpenses": 6149000,
    "sellingGeneralAndAdministrativeExpenses": 6149000,
    "otherExpenses": 79173000,
    "operatingExpenses": 85322000,
    "costAndExpenses": 1973932000,
    "interestIncome": 17156000,
    "interestExpense": 1601000,
    "depreciationAndAmortization": 15607000,
    "ebitda": 231676000,
    "ebitdaratio": 0.1057880795,
    "operatingIncome": 216069000,
    "operatingIncomeRatio": 0.0986615988,
    "totalOtherIncomeExpensesNet": 15822000,
    "incomeBeforeTax": 231891000,
    "incomeBeforeTaxRatio": 0.105886253,
    "incomeTaxExpense": 61048000,
    "netIncome": 171353000,
    "netIncomeRatio": 0.0782433433,
    "eps": 1.16,
    "epsdiluted": 1.16,
    "weightedAverageShsOut": 147099000,
    "weightedAverageShsOutDil": 148001000,
    "link": "https://www.sec.gov/Archives/edgar/data/746515/000095017023061159/0000950170-23-061159-index.htm",
    "finalLink": "https://www.sec.gov/Archives/edgar/data/746515/000095017023061159/expd-20230930.htm"
  },
  {
    "date": "2023-06-30",
    "symbol": "EXPD",
    "reportedCurrency": "USD",
    "cik": "0000746515",
    "fillingDate": "2023-08-08",
    "acceptedDate": "2023-08-08 16:18:16",
    "calendarYear": "2023",
    "period": "Q2",
    "revenue": 2239752000,
    "costOfRevenue": 1921452000,
    "grossProfit": 318300000,
    "grossProfitRatio": 0.1421139483,
    "researchAndDevelopmentExpenses": 0,
    "generalAndAdministrativeExpenses": 0,
    "sellingAndMarketingExpenses": 6314000,
    "sellingGeneralAndAdministrativeExpenses": 6314000,
    "otherExpenses": 63489000,
    "operatingExpenses": 69803000,
    "costAndExpenses": 1991255000,
    "interestIncome": 17792000,
    "interestExpense": 395000,
    "depreciationAndAmortization": 15506000,
    "ebitda": 264003000,
    "ebitdaratio": 0.1178715322,
    "operatingIncome": 248497000,
    "operatingIncomeRatio": 0.1109484443,
    "totalOtherIncomeExpensesNet": 17686000,
    "incomeBeforeTax": 266183000,
    "incomeBeforeTaxRatio": 0.1188448543,
    "incomeTaxExpense": 70390000,
    "netIncome": 196800000,
    "netIncomeRatio": 0.087866871,
    "eps": 1.31,
    "epsdiluted": 1.3,
    "weightedAverageShsOut": 150435000,
    "weightedAverageShsOutDil": 151563000,
    "link": "https://www.sec.gov/Archives/edgar/data/746515/000095017023039847/0000950170-23-039847-index.htm",
    "finalLink": "https://www.sec.gov/Archives/edgar/data/746515/000095017023039847/expd-20230630.htm"
  },
  {
    "date": "2023-03-31",
    "symbol": "EXPD",
    "reportedCurrency": "USD",
    "cik": "0000746515",
    "fillingDate": "2023-05-04",
    "acceptedDate": "2023-05-04 11:52:17",
    "calendarYear": "2023",
    "period": "Q1",
    "revenue": 2592589000,
    "costOfRevenue": 2241843000,
    "grossProfit": 350746000,
    "grossProfitRatio": 0.1352879303,
    "researchAndDevelopmentExpenses": 0,
    "generalAndAdministrativeExpenses": 0,
    "sellingAndMarketingExpenses": 6384000,
    "sellingGeneralAndAdministrativeExpenses": 6384000,
    "otherExpenses": 68393000,
    "operatingExpenses": 74777000,
    "costAndExpenses": 2316620000,
    "interestIncome": 18775000,
    "interestExpense": 0,
    "depreciationAndAmortization": 15261000,
    "ebitda": 291230000,
    "ebitdaratio": 0.1123317271,
    "operatingIncome": 275969000,
    "operatingIncomeRatio": 0.1064453332,
    "totalOtherIncomeExpensesNet": 24609000,
    "incomeBeforeTax": 300578000,
    "incomeBeforeTaxRatio": 0.1159373892,
    "incomeTaxExpense": 74580000,
    "netIncome": 226011000,
    "netIncomeRatio": 0.0871757922,
    "eps": 1.47,
    "epsdiluted": 1.45,
    "weightedAverageShsOut": 154164000,
    "weightedAverageShsOutDil": 155472000,
    "link": "https://www.sec.gov/Archives/edgar/data/746515/000095017023017600/0000950170-23-017600-index.htm",
    "finalLink": "https://www.sec.gov/Archives/edgar/data/746515/000095017023017600/expd-20230331.htm"
  },
  {
    "date": "2022-12-31",
    "symbol": "EXPD",
    "reportedCurrency": "USD",
    "cik": "0000746515",
    "fillingDate": "2023-03-01",
    "acceptedDate": "2023-03-01 12:48:18",
    "calendarYear": "2022",
    "period": "Q4",
    "revenue": 3441528000,
    "costOfRevenue": 3004662000,
    "grossProfit": 436866000,
    "grossProfitRatio": 0.1269395455,
    "researchAndDevelopmentExpenses": 0,
    "generalAndAdministrativeExpenses": 0,
    "sellingAndMarketingExpenses": 8119000,
    "sellingGeneralAndAdministrativeExpenses": 8119000,
    "otherExpenses": 99041000,
    "operatingExpenses": 107160000,
    "costAndExpenses": 3111822000,
    "interestIncome": 13107000,
    "interestExpense": 22245000,
    "depreciationAndAmortization": 14922000,
    "ebitda": 379425000,
    "ebitdaratio": 0.1102489941,
    "operatingIncome": 329706000,
    "operatingIncomeRatio": 0.0958022134,
    "totalOtherIncomeExpensesNet": -8658000,
    "incomeBeforeTax": 321048000,
    "incomeBeforeTaxRatio": 0.0932864704,
    "incomeTaxExpense": 106311000,
    "netIncome": 219276000,
    "netIncomeRatio": 0.0637147221,
    "eps": 1.39,
    "epsdiluted": 1.38,
    "weightedAverageShsOut": 157269000,
    "weightedAverageShsOutDil": 158535000,
    "link": "https://www.sec.gov/Archives/edgar/data/746515/000095017023005412/0000950170-23-005412-index.htm",
    "finalLink": "https://www.sec.gov/Archives/edgar/data/746515/000095017023005412/expd-20221231.htm"
  },
  {
    "date": "2022-09-30",
    "symbol": "EXPD",
    "reportedCurrency": "USD",
    "cik": "0000746515",
    "fillingDate": "2022-11-08",
    "acceptedDate": "2022-11-08 16:24:29",
    "calendarYear": "2022",
    "period": "Q3",
    "revenue": 4362146000,
    "costOfRevenue": 3761516000,
    "grossProfit": 600630000,
    "grossProfitRatio": 0.1376914024,
    "researchAndDevelopmentExpenses": 0,
    "generalAndAdministrativeExpenses": 0,
    "sellingAndMarketingExpenses": 6239000,
    "sellingGeneralAndAdministrativeExpenses": 6239000,
    "otherExpenses": 67468000,
    "operatingExpenses": 73707000,
    "costAndExpenses": 3835223000,
    "interestIncome": 7835000,
    "interestExpense": 470000,
    "depreciationAndAmortization": 15187000,
    "ebitda": 550513000,
    "ebitdaratio": 0.1262023325,
    "operatingIncome": 526923000,
    "operatingIncomeRatio": 0.1207944438,
    "totalOtherIncomeExpensesNet": 7933000,
    "incomeBeforeTax": 534856000,
    "incomeBeforeTaxRatio": 0.1226130441,
    "incomeTaxExpense": 120694000,
    "netIncome": 414209000,
    "netIncomeRatio": 0.094955327,
    "eps": 2.56,
    "epsdiluted": 2.54,
    "weightedAverageShsOut": 162029000,
    "weightedAverageShsOutDil": 163250000,
    "link": "https://www.sec.gov/Archives/edgar/data/746515/000156459022037052/0001564590-22-037052-index.htm",
    "finalLink": "https://www.sec.gov/Archives/edgar/data/746515/000156459022037052/expd-10q_20220930.htm"
  },
  {
    "date": "2022-06-30",
    "symbol": "EXPD",
    "reportedCurrency": "USD",
    "cik": "0000746515",
    "fillingDate": "2022-08-04",
    "acceptedDate": "2022-08-04 12:33:18",
    "calendarYear": "2022",
    "period": "Q2",
    "revenue": 4603312000,
    "costOfRevenue": 4015022000,
    "grossProfit": 588290000,
    "grossProfitRatio": 0.1277971165,
    "researchAndDevelopmentExpenses": 0,
    "generalAndAdministrativeExpenses": 0,
    "sellingAndMarketingExpenses": 5887000,
    "sellingGeneralAndAdministrativeExpenses": 5887000,
    "otherExpenses": 76421000,
    "operatingExpenses": 82308000,
    "costAndExpenses": 4097330000,
    "interestIncome": 2720000,
    "interestExpense": 58000,
    "depreciationAndAmortization": 14254000,
    "ebitda": 523120000,
    "ebitdaratio": 0.1136399184,
    "operatingIncome": 505982000,
    "operatingIncomeRatio": 0.1099169468,
    "totalOtherIncomeExpensesNet": 2826000,
    "incomeBeforeTax": 508808000,
    "incomeBeforeTaxRatio": 0.1105308526,
    "incomeTaxExpense": 126582000,
    "netIncome": 377805000,
    "netIncomeRatio": 0.0820724296,
    "eps": 2.29,
    "epsdiluted": 2.27,
    "weightedAverageShsOut": 165092000,
    "weightedAverageShsOutDil": 166474000,
    "link": "https://www.sec.gov/Archives/edgar/data/746515/000156459022027960/0001564590-22-027960-index.htm",
    "finalLink": "https://www.sec.gov/Archives/edgar/data/746515/000156459022027960/expd-10q_20220630.htm"
  },
  {
    "date": "2022-03-31",
    "symbol": "EXPD",
    "reportedCurrency": "USD",
    "cik": "0000746515",
    "fillingDate": "2022-05-09",
    "acceptedDate": "2022-05-09 12:49:50",
    "calendarYear": "2022",
    "period": "Q1",
    "revenue": 4664298000,
    "costOfRevenue": 4118954000,
    "grossProfit": 545344000,
    "grossProfitRatio": 0.1169187732,
    "researchAndDevelopmentExpenses": 0,
    "generalAndAdministrativeExpenses": 0,
    "sellingAndMarketingExpenses": 4048000,
    "sellingGeneralAndAdministrativeExpenses": 4048000,
    "otherExpenses": 79536000,
    "operatingExpenses": 83584000,
    "costAndExpenses": 4202538000,
    "interestIncome": 1892000,
    "interestExpense": 503000,
    "depreciationAndAmortization": 12975000,
    "ebitda": 484657000,
    "ebitdaratio": 0.1039078121,
    "operatingIncome": 461760000,
    "operatingIncomeRatio": 0.0989988204,
    "totalOtherIncomeExpensesNet": 9419000,
    "incomeBeforeTax": 471179000,
    "incomeBeforeTaxRatio": 0.1010182025,
    "incomeTaxExpense": 121699000,
    "netIncome": 346109000,
    "netIncomeRatio": 0.0742038781,
    "eps": 2.07,
    "epsdiluted": 2.05,
    "weightedAverageShsOut": 167499000,
    "weightedAverageShsOutDil": 169216000,
    "link": "https://www.sec.gov/Archives/edgar/data/746515/000156459022018771/0001564590-22-018771-index.htm",
    "finalLink": "https://www.sec.gov/Archives/edgar/data/746515/000156459022018771/expd-10q_20220331.htm"
  },
  {
    "date": "2021-12-31",
    "symbol": "EXPD",
    "reportedCurrency": "USD",
    "cik": "0000746515",
    "fillingDate": "2022-03-15",
    "acceptedDate": "2022-03-15 16:10:21",
    "calendarYear": "2021",
    "period": "Q4",
    "revenue": 5396343000,
    "costOfRevenue": 4698005000,
    "grossProfit": 698338000,
    "grossProfitRatio": 0.1294094908,
    "researchAndDevelopmentExpenses": 0,
    "generalAndAdministrativeExpenses": 0,
    "sellingAndMarketingExpenses": 5547000,
    "sellingGeneralAndAdministrativeExpenses": 5547000,
    "otherExpenses": 69262000,
    "operatingExpenses": 74809000,
    "costAndExpenses": 4772814000,
    "interestIncome": 2211000,
    "interestExpense": 0,
    "depreciationAndAmortization": 12897000,
    "ebitda": 636426000,
    "ebitdaratio": 0.1179365359,
    "operatingIncome": 623529000,
    "operatingIncomeRatio": 0.115546584,
    "totalOtherIncomeExpensesNet": 2312000,
    "incomeBeforeTax": 625841000,
    "incomeBeforeTaxRatio": 0.1159750223,
    "incomeTaxExpense": 171830000,
    "netIncome": 452832000,
    "netIncomeRatio": 0.0839146066,
    "eps": 2.69,
    "epsdiluted": 2.66,
    "weightedAverageShsOut": 168393000,
    "weightedAverageShsOutDil": 170293000,
    "link": "https://www.sec.gov/Archives/edgar/data/746515/000156459022010381/0001564590-22-010381-index.htm",
    "finalLink": "https://www.sec.gov/Archives/edgar/data/746515/000156459022010381/expd-10k_20211231.htm"
  },
  {
    "date": "2021-09-30",
    "symbol": "EXPD",
    "reportedCurrency": "USD",
    "cik": "0000746515",
    "fillingDate": "2021-11-04",
    "acceptedDate": "2021-11-04 14:11:31",
    "calendarYear": "2021",
    "period": "Q3",
    "revenue": 4319261000,
    "costOfRevenue": 3764584000,
    "grossProfit": 554677000,
    "grossProfitRatio": 0.1284194217,
    "researchAndDevelopmentExpenses": 0,
    "generalAndAdministrativeExpenses": 0,
    "sellingAndMarketingExpenses": 4237000,
    "sellingGeneralAndAdministrativeExpenses": 4237000,
    "otherExpenses": 60803000,
    "operatingExpenses": 65040000,
    "costAndExpenses": 3829624000,
    "interestIncome": 2462000,
    "interestExpense": 0,
    "depreciationAndAmortization": 12753000,
    "ebitda": 502390000,
    "ebitdaratio": 0.1163138787,
    "operatingIncome": 489637000,
    "operatingIncomeRatio": 0.1133612903,
    "totalOtherIncomeExpensesNet": 3195000,
    "incomeBeforeTax": 492832000,
    "incomeBeforeTaxRatio": 0.1141010001,
    "incomeTaxExpense": 132922000,
    "netIncome": 359068000,
    "netIncomeRatio": 0.0831318135,
    "eps": 2.12,
    "epsdiluted": 2.09,
    "weightedAverageShsOut": 169633000,
    "weightedAverageShsOutDil": 171565000,
    "link": "https://www.sec.gov/Archives/edgar/data/746515/000156459021054396/0001564590-21-054396-index.htm",
    "finalLink": "https://www.sec.gov/Archives/edgar/data/746515/000156459021054396/expd-10q_20210930.htm"
  },
  {
    "date": "2021-06-30",
    "symbol": "EXPD",
    "reportedCurrency": "USD",
    "cik": "0000746515",
    "fillingDate": "2021-08-05",
    "acceptedDate": "2021-08-05 13:47:50",
    "calendarYear": "2021",
    "period": "Q2",
    "revenue": 3609093000,
    "costOfRevenue": 3137860000,
    "grossProfit": 471233000,
    "grossProfitRatio": 0.1305682619,
    "researchAndDevelopmentExpenses": 0,
    "generalAndAdministrativeExpenses": 0,
    "sellingAndMarketingExpenses": 3172000,
    "sellingGeneralAndAdministrativeExpenses": 3172000,
    "otherExpenses": 57416000,
    "operatingExpenses": 60588000,
    "costAndExpenses": 3198448000,
    "interestIncome": 2188000,
    "interestExpense": 0,
    "depreciationAndAmortization": 12675000,
    "ebitda": 423320000,
    "ebitdaratio": 0.1172926273,
    "operatingIncome": 410645000,
    "operatingIncomeRatio": 0.1137806646,
    "totalOtherIncomeExpensesNet": 4837000,
    "incomeBeforeTax": 415482000,
    "incomeBeforeTaxRatio": 0.1151208905,
    "incomeTaxExpense": 98508000,
    "netIncome": 316372000,
    "netIncomeRatio": 0.0876596973,
    "eps": 1.87,
    "epsdiluted": 1.84,
    "weightedAverageShsOut": 169210000,
    "weightedAverageShsOutDil": 171677000,
    "link": "https://www.sec.gov/Archives/edgar/data/746515/000156459021041418/0001564590-21-041418-index.htm",
    "finalLink": "https://www.sec.gov/Archives/edgar/data/746515/000156459021041418/expd-10q_20210630.htm"
  },
  {
    "date": "2021-03-31",
    "symbol": "EXPD",
    "reportedCurrency": "USD",
    "cik": "0000746515",
    "fillingDate": "2021-05-06",
    "acceptedDate": "2021-05-06 11:23:22",
    "calendarYear": "2021",
    "period": "Q1",
    "revenue": 3198820000,
    "costOfRevenue": 2757656000,
    "grossProfit": 441164000,
    "grossProfitRatio": 0.137914606,
    "researchAndDevelopmentExpenses": 0,
    "generalAndAdministrativeExpenses": 0,
    "sellingAndMarketingExpenses": 3070000,
    "sellingGeneralAndAdministrativeExpenses": 3070000,
    "otherExpenses": 52579000,
    "operatingExpenses": 55649000,
    "costAndExpenses": 2813305000,
    "interestIncome": 1946000,
    "interestExpense": 0,
    "depreciationAndAmortization": 12987000,
    "ebitda": 398502000,
    "ebitdaratio": 0.1245778131,
    "operatingIncome": 385515000,
    "operatingIncomeRatio": 0.1205178785,
    "totalOtherIncomeExpensesNet": 4946000,
    "incomeBeforeTax": 390461000,
    "incomeBeforeTaxRatio": 0.1220640736,
    "incomeTaxExpense": 102511000,
    "netIncome": 287220000,
    "netIncomeRatio": 0.0897893598,
    "eps": 1.7,
    "epsdiluted": 1.67,
    "weightedAverageShsOut": 169214000,
    "weightedAverageShsOutDil": 171551000,
    "link": "https://www.sec.gov/Archives/edgar/data/746515/000156459021024659/0001564590-21-024659-index.htm",
    "finalLink": "https://www.sec.gov/Archives/edgar/data/746515/000156459021024659/expd-10q_20210331.htm"
  },
  {
    "date": "2020-12-31",
    "symbol": "EXPD",
    "reportedCurrency": "USD",
    "cik": "0000746515",
    "fillingDate": "2021-02-19",
    "acceptedDate": "2021-02-19 15:37:34",
    "calendarYear": "2020",
    "period": "Q4",
    "revenue": 3169188000,
    "costOfRevenue": 2825766000,
    "grossProfit": 343422000,
    "grossProfitRatio": 0.1083627731,
    "researchAndDevelopmentExpenses": 0,
    "generalAndAdministrativeExpenses": 0,
    "sellingAndMarketingExpenses": 4135000,
    "sellingGeneralAndAdministrativeExpenses": 4135000,
    "otherExpenses": 57476000,
    "operatingExpenses": 61611000,
    "costAndExpenses": 2887377000,
    "interestIncome": 1545000,
    "interestExpense": 0,
    "depreciationAndAmortization": 14339000,
    "ebitda": 296150000,
    "ebitdaratio": 0.0934466494,
    "operatingIncome": 281811000,
    "operatingIncomeRatio": 0.0889221466,
    "totalOtherIncomeExpensesNet": 2096000,
    "incomeBeforeTax": 283907000,
    "incomeBeforeTaxRatio": 0.0895835148,
    "incomeTaxExpense": 84382000,
    "netIncome": 198620000,
    "netIncomeRatio": 0.062672205,
    "eps": 1.17,
    "epsdiluted": 1.16,
    "weightedAverageShsOut": 169473000,
    "weightedAverageShsOutDil": 171692000,
    "link": "https://www.sec.gov/Archives/edgar/data/746515/000156459021006925/0001564590-21-006925-index.htm",
    "finalLink": "https://www.sec.gov/Archives/edgar/data/746515/000156459021006925/expd-10k_20201231.htm"
  },
  {
    "date": "2020-09-30",
    "symbol": "EXPD",
    "reportedCurrency": "USD",
    "cik": "0000746515",
    "fillingDate": "2020-11-04",
    "acceptedDate": "2020-11-04 12:39:48",
    "calendarYear": "2020",
    "period": "Q3",
    "revenue": 2348713000,
    "costOfRevenue": 2046282000,
    "grossProfit": 302431000,
    "grossProfitRatio": 0.1287645617,
    "researchAndDevelopmentExpenses": 0,
    "generalAndAdministrativeExpenses": 0,
    "sellingAndMarketingExpenses": 2945000,
    "sellingGeneralAndAdministrativeExpenses": 2945000,
    "otherExpenses": 47541000,
    "operatingExpenses": 50486000,
    "costAndExpenses": 2096768000,
    "interestIncome": 1504000,
    "interestExpense": 0,
    "depreciationAndAmortization": 15851000,
    "ebitda": 267796000,
    "ebitdaratio": 0.1140181878,
    "operatingIncome": 251945000,
    "operatingIncomeRatio": 0.1072693854,
    "totalOtherIncomeExpensesNet": 2484000,
    "incomeBeforeTax": 254429000,
    "incomeBeforeTaxRatio": 0.1083269859,
    "incomeTaxExpense": 62710000,
    "netIncome": 191307000,
    "netIncomeRatio": 0.0814518419,
    "eps": 1.14,
    "epsdiluted": 1.12,
    "weightedAverageShsOut": 168310000,
    "weightedAverageShsOutDil": 170735000,
    "link": "https://www.sec.gov/Archives/edgar/data/746515/000156459020050317/0001564590-20-050317-index.htm",
    "finalLink": "https://www.sec.gov/Archives/edgar/data/746515/000156459020050317/expd-10q_20200930.htm"
  },
  {
    "date": "2020-06-30",
    "symbol": "EXPD",
    "reportedCurrency": "USD",
    "cik": "0000746515",
    "fillingDate": "2020-08-06",
    "acceptedDate": "2020-08-06 10:52:03",
    "calendarYear": "2020",
    "period": "Q2",
    "revenue": 2411078000,
    "costOfRevenue": 2112078000,
    "grossProfit": 299000000,
    "grossProfitRatio": 0.1240109196,
    "researchAndDevelopmentExpenses": 0,
    "generalAndAdministrativeExpenses": 0,
    "sellingAndMarketingExpenses": 3113000,
    "sellingGeneralAndAdministrativeExpenses": 3113000,
    "otherExpenses": 48261000,
    "operatingExpenses": 51374000,
    "costAndExpenses": 2163452000,
    "interestIncome": 2559000,
    "interestExpense": 0,
    "depreciationAndAmortization": 14109000,
    "ebitda": 261735000,
    "ebitdaratio": 0.1085551774,
    "operatingIncome": 247626000,
    "operatingIncomeRatio": 0.102703438,
    "totalOtherIncomeExpensesNet": 3356000,
    "incomeBeforeTax": 250982000,
    "incomeBeforeTaxRatio": 0.1040953466,
    "incomeTaxExpense": 66794000,
    "netIncome": 183869000,
    "netIncomeRatio": 0.0762600795,
    "eps": 1.1,
    "epsdiluted": 1.09,
    "weightedAverageShsOut": 166767000,
    "weightedAverageShsOutDil": 169290000,
    "link": "https://www.sec.gov/Archives/edgar/data/746515/000156459020037383/0001564590-20-037383-index.htm",
    "finalLink": "https://www.sec.gov/Archives/edgar/data/746515/000156459020037383/expd-10q_20200630.htm"
  },
  {
    "date": "2020-03-31",
    "symbol": "EXPD",
    "reportedCurrency": "USD",
    "cik": "0000746515",
    "fillingDate": "2020-05-07",
    "acceptedDate": "2020-05-07 11:05:10",
    "calendarYear": "2020",
    "period": "Q1",
    "revenue": 1901864000,
    "costOfRevenue": 1683952000,
    "grossProfit": 217912000,
    "grossProfitRatio": 0.1145781192,
    "researchAndDevelopmentExpenses": 0,
    "generalAndAdministrativeExpenses": 0,
    "sellingAndMarketingExpenses": 8243000,
    "sellingGeneralAndAdministrativeExpenses": 8243000,
    "otherExpenses": 50614000,
    "operatingExpenses": 58857000,
    "costAndExpenses": 1742809000,
    "interestIncome": 4807000,
    "interestExpense": 0,
    "depreciationAndAmortization": 12660000,
    "ebitda": 171715000,
    "ebitdaratio": 0.0902877388,
    "operatingIncome": 159055000,
    "operatingIncomeRatio": 0.0836311114,
    "totalOtherIncomeExpensesNet": 8191000,
    "incomeBeforeTax": 167246000,
    "incomeBeforeTaxRatio": 0.0879379388,
    "incomeTaxExpense": 44464000,
    "netIncome": 122344000,
    "netIncomeRatio": 0.0643284693,
    "eps": 0.73,
    "epsdiluted": 0.71,
    "weightedAverageShsOut": 168735000,
    "weightedAverageShsOutDil": 171450000,
    "link": "https://www.sec.gov/Archives/edgar/data/746515/000156459020022492/0001564590-20-022492-index.htm",
    "finalLink": "https://www.sec.gov/Archives/edgar/data/746515/000156459020022492/expd-10q_20200331.htm"
  },
  {
    "date": "2019-12-31",
    "symbol": "EXPD",
    "reportedCurrency": "USD",
    "cik": "0000746515",
    "fillingDate": "2020-02-21",
    "acceptedDate": "2020-02-21 15:01:31",
    "calendarYear": "2019",
    "period": "Q4",
    "revenue": 2044941000,
    "costOfRevenue": 1805630000,
    "grossProfit": 239311000,
    "grossProfitRatio": 0.1170258702,
    "researchAndDevelopmentExpenses": 0,
    "generalAndAdministrativeExpenses": 0,
    "sellingAndMarketingExpenses": 11150000,
    "sellingGeneralAndAdministrativeExpenses": 11150000,
    "otherExpenses": 47821000,
    "operatingExpenses": 58971000,
    "costAndExpenses": 1864601000,
    "interestIncome": 4680000,
    "interestExpense": 0,
    "depreciationAndAmortization": 12494000,
    "ebitda": 192834000,
    "ebitdaratio": 0.0942980751,
    "operatingIncome": 180340000,
    "operatingIncomeRatio": 0.0881883634,
    "totalOtherIncomeExpensesNet": 5157000,
    "incomeBeforeTax": 185497000,
    "incomeBeforeTaxRatio": 0.0907101965,
    "incomeTaxExpense": 47749000,
    "netIncome": 137326000,
    "netIncomeRatio": 0.0671540157,
    "eps": 0.81,
    "epsdiluted": 0.79,
    "weightedAverageShsOut": 170339000,
    "weightedAverageShsOutDil": 173401000,
    "link": "https://www.sec.gov/Archives/edgar/data/746515/000156459020005719/0001564590-20-005719-index.htm",
    "finalLink": "https://www.sec.gov/Archives/edgar/data/746515/000156459020005719/expd-10k_20191231.htm"
  },
  {
    "date": "2019-09-30",
    "symbol": "EXPD",
    "reportedCurrency": "USD",
    "cik": "0000746515",
    "fillingDate": "2019-11-06",
    "acceptedDate": "2019-11-06 13:15:34",
    "calendarYear": "2019",
    "period": "Q3",
    "revenue": 2074855000,
    "costOfRevenue": 1811203000,
    "grossProfit": 263652000,
    "grossProfitRatio": 0.1270700844,
    "researchAndDevelopmentExpenses": 0,
    "generalAndAdministrativeExpenses": 0,
    "sellingAndMarketingExpenses": 10133000,
    "sellingGeneralAndAdministrativeExpenses": 10133000,
    "otherExpenses": 46969000,
    "operatingExpenses": 57102000,
    "costAndExpenses": 1868305000,
    "interestIncome": 5501000,
    "interestExpense": 0,
    "depreciationAndAmortization": 12386000,
    "ebitda": 218936000,
    "ebitdaratio": 0.1055186989,
    "operatingIncome": 206550000,
    "operatingIncomeRatio": 0.0995491251,
    "totalOtherIncomeExpensesNet": 7396000,
    "incomeBeforeTax": 213946000,
    "incomeBeforeTaxRatio": 0.1031137116,
    "incomeTaxExpense": 53319000,
    "netIncome": 160221000,
    "netIncomeRatio": 0.0772203359,
    "eps": 0.94,
    "epsdiluted": 0.92,
    "weightedAverageShsOut": 170415000,
    "weightedAverageShsOutDil": 173483000,
    "link": "https://www.sec.gov/Archives/edgar/data/746515/000156459019040826/0001564590-19-040826-index.htm",
    "finalLink": "https://www.sec.gov/Archives/edgar/data/746515/000156459019040826/expd-10q_20190930.htm"
  },
  {
    "date": "2019-06-30",
    "symbol": "EXPD",
    "reportedCurrency": "USD",
    "cik": "0000746515",
    "fillingDate": "2019-08-07",
    "acceptedDate": "2019-08-07 13:51:48",
    "calendarYear": "2019",
    "period": "Q2",
    "revenue": 2035579000,
    "costOfRevenue": 1783809000,
    "grossProfit": 251770000,
    "grossProfitRatio": 0.1236847108,
    "researchAndDevelopmentExpenses": 0,
    "generalAndAdministrativeExpenses": 0,
    "sellingAndMarketingExpenses": 11643000,
    "sellingGeneralAndAdministrativeExpenses": 11643000,
    "otherExpenses": 47926000,
    "operatingExpenses": 59569000,
    "costAndExpenses": 1843378000,
    "interestIncome": 6516000,
    "interestExpense": 0,
    "depreciationAndAmortization": 12677000,
    "ebitda": 204878000,
    "ebitdaratio": 0.1006485133,
    "operatingIncome": 192201000,
    "operatingIncomeRatio": 0.0944208012,
    "totalOtherIncomeExpensesNet": 8778000,
    "incomeBeforeTax": 200979000,
    "incomeBeforeTaxRatio": 0.0987330877,
    "incomeTaxExpense": 47449000,
    "netIncome": 153149000,
    "netIncomeRatio": 0.0752360876,
    "eps": 0.9,
    "epsdiluted": 0.88,
    "weightedAverageShsOut": 171003000,
    "weightedAverageShsOutDil": 174466000,
    "link": "https://www.sec.gov/Archives/edgar/data/746515/000156459019029862/0001564590-19-029862-index.htm",
    "finalLink": "https://www.sec.gov/Archives/edgar/data/746515/000156459019029862/expd-10q_20190630.htm"
  },
  {
    "date": "2019-03-31",
    "symbol": "EXPD",
    "reportedCurrency": "USD",
    "cik": "0000746515",
    "fillingDate": "2019-05-08",
    "acceptedDate": "2019-05-08 12:35:22",
    "calendarYear": "2019",
    "period": "Q1",
    "revenue": 2020051000,
    "costOfRevenue": 1777763000,
    "grossProfit": 242288000,
    "grossProfitRatio": 0.1199415262,
    "researchAndDevelopmentExpenses": 0,
    "generalAndAdministrativeExpenses": 0,
    "sellingAndMarketingExpenses": 11076000,
    "sellingGeneralAndAdministrativeExpenses": 11076000,
    "otherExpenses": 43611000,
    "operatingExpenses": 54687000,
    "costAndExpenses": 1832450000,
    "interestIncome": 6106000,
    "interestExpense": 0,
    "depreciationAndAmortization": 13393000,
    "ebitda": 200994000,
    "ebitdaratio": 0.0994994681,
    "operatingIncome": 187601000,
    "operatingIncomeRatio": 0.0928694375,
    "totalOtherIncomeExpensesNet": 7771000,
    "incomeBeforeTax": 195372000,
    "incomeBeforeTaxRatio": 0.09671637,
    "incomeTaxExpense": 55261000,
    "netIncome": 139699000,
    "netIncomeRatio": 0.0691561748,
    "eps": 0.81,
    "epsdiluted": 0.8,
    "weightedAverageShsOut": 171818000,
    "weightedAverageShsOutDil": 175388000,
    "link": "https://www.sec.gov/Archives/edgar/data/746515/000074651519000019/0000746515-19-000019-index.htm",
    "finalLink": "https://www.sec.gov/Archives/edgar/data/746515/000074651519000019/a20191q10-q.htm"
  },
  {
    "date": "2018-12-31",
    "symbol": "EXPD",
    "reportedCurrency": "USD",
    "cik": "0000746515",
    "fillingDate": "2019-02-22",
    "acceptedDate": "2019-02-22 11:48:37",
    "calendarYear": "2018",
    "period": "Q4",
    "revenue": 2235597000,
    "costOfRevenue": 1958574000,
    "grossProfit": 277023000,
    "grossProfitRatio": 0.1239145517,
    "researchAndDevelopmentExpenses": 0,
    "generalAndAdministrativeExpenses": 0,
    "sellingAndMarketingExpenses": 12961000,
    "sellingGeneralAndAdministrativeExpenses": 12961000,
    "otherExpenses": 47055000,
    "operatingExpenses": 60016000,
    "costAndExpenses": 2018590000,
    "interestIncome": 4982000,
    "interestExpense": 0,
    "depreciationAndAmortization": 13186000,
    "ebitda": 230193000,
    "ebitdaratio": 0.1029671269,
    "operatingIncome": 217007000,
    "operatingIncomeRatio": 0.0970689261,
    "totalOtherIncomeExpensesNet": 5238000,
    "incomeBeforeTax": 222245000,
    "incomeBeforeTaxRatio": 0.0994119244,
    "incomeTaxExpense": 42668000,
    "netIncome": 179210000,
    "netIncomeRatio": 0.0801620328,
    "eps": 1.04,
    "epsdiluted": 1.02,
    "weightedAverageShsOut": 172493000,
    "weightedAverageShsOutDil": 175935000,
    "link": "https://www.sec.gov/Archives/edgar/data/746515/000074651519000004/0000746515-19-000004-index.htm",
    "finalLink": "https://www.sec.gov/Archives/edgar/data/746515/000074651519000004/a201810-k.htm"
  },
  {
    "date": "2018-09-30",
    "symbol": "EXPD",
    "reportedCurrency": "USD",
    "cik": "0000746515",
    "fillingDate": "2018-11-07",
    "acceptedDate": "2018-11-07 16:18:21",
    "calendarYear": "2018",
    "period": "Q3",
    "revenue": 2090947000,
    "costOfRevenue": 1832747000,
    "grossProfit": 258200000,
    "grossProfitRatio": 0.1234847177,
    "researchAndDevelopmentExpenses": 0,
    "generalAndAdministrativeExpenses": 0,
    "sellingAndMarketingExpenses": 10632000,
    "sellingGeneralAndAdministrativeExpenses": 10632000,
    "otherExpenses": 44414000,
    "operatingExpenses": 55046000,
    "costAndExpenses": 1887793000,
    "interestIncome": 4704000,
    "interestExpense": 0,
    "depreciationAndAmortization": 13335000,
    "ebitda": 216489000,
    "ebitdaratio": 0.1035363402,
    "operatingIncome": 203154000,
    "operatingIncomeRatio": 0.0971588472,
    "totalOtherIncomeExpensesNet": 5270000,
    "incomeBeforeTax": 208424000,
    "incomeBeforeTaxRatio": 0.0996792363,
    "incomeTaxExpense": 45357000,
    "netIncome": 162692000,
    "netIncomeRatio": 0.0778078067,
    "eps": 0.94,
    "epsdiluted": 0.92,
    "weightedAverageShsOut": 173394000,
    "weightedAverageShsOutDil": 177173000,
    "link": "https://www.sec.gov/Archives/edgar/data/746515/000074651518000040/0000746515-18-000040-index.htm",
    "finalLink": "https://www.sec.gov/Archives/edgar/data/746515/000074651518000040/a20183q10-q.htm"
  },
  {
    "date": "2018-06-30",
    "symbol": "EXPD",
    "reportedCurrency": "USD",
    "cik": "0000746515",
    "fillingDate": "2018-08-08",
    "acceptedDate": "2018-08-08 10:00:17",
    "calendarYear": "2018",
    "period": "Q2",
    "revenue": 1957559000,
    "costOfRevenue": 1717608000,
    "grossProfit": 239951000,
    "grossProfitRatio": 0.1225766375,
    "researchAndDevelopmentExpenses": 0,
    "generalAndAdministrativeExpenses": 0,
    "sellingAndMarketingExpenses": 10788000,
    "sellingGeneralAndAdministrativeExpenses": 10788000,
    "otherExpenses": 45579000,
    "operatingExpenses": 56367000,
    "costAndExpenses": 1773975000,
    "interestIncome": 5153000,
    "interestExpense": 0,
    "depreciationAndAmortization": 13576000,
    "ebitda": 197160000,
    "ebitdaratio": 0.1007172708,
    "operatingIncome": 183584000,
    "operatingIncomeRatio": 0.0937821031,
    "totalOtherIncomeExpensesNet": 6320000,
    "incomeBeforeTax": 189904000,
    "incomeBeforeTaxRatio": 0.0970106137,
    "incomeTaxExpense": 48958000,
    "netIncome": 140605000,
    "netIncomeRatio": 0.0718266985,
    "eps": 0.8,
    "epsdiluted": 0.79,
    "weightedAverageShsOut": 174754000,
    "weightedAverageShsOutDil": 178603000,
    "link": "https://www.sec.gov/Archives/edgar/data/746515/000074651518000029/0000746515-18-000029-index.htm",
    "finalLink": "https://www.sec.gov/Archives/edgar/data/746515/000074651518000029/a20182q10-q.htm"
  },
  {
    "date": "2018-03-31",
    "symbol": "EXPD",
    "reportedCurrency": "USD",
    "cik": "0000746515",
    "fillingDate": "2018-05-09",
    "acceptedDate": "2018-05-09 10:49:47",
    "calendarYear": "2018",
    "period": "Q1",
    "revenue": 1854262000,
    "costOfRevenue": 1609154000,
    "grossProfit": 245108000,
    "grossProfitRatio": 0.1321862822,
    "researchAndDevelopmentExpenses": 0,
    "generalAndAdministrativeExpenses": 0,
    "sellingAndMarketingExpenses": 10965000,
    "sellingGeneralAndAdministrativeExpenses": 10965000,
    "otherExpenses": 41325000,
    "operatingExpenses": 52290000,
    "costAndExpenses": 1661444000,
    "interestIncome": 4314000,
    "interestExpense": 0,
    "depreciationAndAmortization": 13922000,
    "ebitda": 206740000,
    "ebitdaratio": 0.1114944921,
    "operatingIncome": 192818000,
    "operatingIncomeRatio": 0.1039863838,
    "totalOtherIncomeExpensesNet": 4938000,
    "incomeBeforeTax": 197756000,
    "incomeBeforeTaxRatio": 0.1066494379,
    "incomeTaxExpense": 61556000,
    "netIncome": 135692000,
    "netIncomeRatio": 0.0731784397,
    "eps": 0.77,
    "epsdiluted": 0.76,
    "weightedAverageShsOut": 175900000,
    "weightedAverageShsOutDil": 179416000,
    "link": "https://www.sec.gov/Archives/edgar/data/746515/000074651518000017/0000746515-18-000017-index.htm",
    "finalLink": "https://www.sec.gov/Archives/edgar/data/746515/000074651518000017/a20181q10-q.htm"
  },
  {
    "date": "2017-12-31",
    "symbol": "EXPD",
    "reportedCurrency": "USD",
    "cik": "0000746515",
    "fillingDate": "2018-02-23",
    "acceptedDate": "2018-02-23 10:05:38",
    "calendarYear": "2017",
    "period": "Q4",
    "revenue": 1901371000,
    "costOfRevenue": 1654498000,
    "grossProfit": 246873000,
    "grossProfitRatio": 0.1298394685,
    "researchAndDevelopmentExpenses": 0,
    "generalAndAdministrativeExpenses": 0,
    "sellingAndMarketingExpenses": 11814000,
    "sellingGeneralAndAdministrativeExpenses": 11814000,
    "otherExpenses": 36048000,
    "operatingExpenses": 47862000,
    "costAndExpenses": 1702360000,
    "interestIncome": 3639000,
    "interestExpense": 0,
    "depreciationAndAmortization": 13069000,
    "ebitda": 212080000,
    "ebitdaratio": 0.1115405673,
    "operatingIncome": 199011000,
    "operatingIncomeRatio": 0.104667106,
    "totalOtherIncomeExpensesNet": 6186000,
    "incomeBeforeTax": 205197000,
    "incomeBeforeTaxRatio": 0.1079205479,
    "incomeTaxExpense": 37742000,
    "netIncome": 166967000,
    "netIncomeRatio": 0.0878140037,
    "eps": 0.94,
    "epsdiluted": 0.92,
    "weightedAverageShsOut": 177523000,
    "weightedAverageShsOutDil": 180635000,
    "link": "https://www.sec.gov/Archives/edgar/data/746515/000074651518000004/0000746515-18-000004-index.htm",
    "finalLink": "https://www.sec.gov/Archives/edgar/data/746515/000074651518000004/a201710-k.htm"
  },
  {
    "date": "2017-09-30",
    "symbol": "EXPD",
    "reportedCurrency": "USD",
    "cik": "0000746515",
    "fillingDate": "2017-11-07",
    "acceptedDate": "2017-11-07 15:54:40",
    "calendarYear": "2017",
    "period": "Q3",
    "revenue": 1802166000,
    "costOfRevenue": 1564879000,
    "grossProfit": 237287000,
    "grossProfitRatio": 0.131667671,
    "researchAndDevelopmentExpenses": 0,
    "generalAndAdministrativeExpenses": 0,
    "sellingAndMarketingExpenses": 10608000,
    "sellingGeneralAndAdministrativeExpenses": 10608000,
    "otherExpenses": 39784000,
    "operatingExpenses": 50392000,
    "costAndExpenses": 1615271000,
    "interestIncome": 3444000,
    "interestExpense": 0,
    "depreciationAndAmortization": 12272000,
    "ebitda": 199167000,
    "ebitdaratio": 0.1105153465,
    "operatingIncome": 186895000,
    "operatingIncomeRatio": 0.103705763,
    "totalOtherIncomeExpensesNet": 3540000,
    "incomeBeforeTax": 190435000,
    "incomeBeforeTaxRatio": 0.1056700659,
    "incomeTaxExpense": 69829000,
    "netIncome": 120263000,
    "netIncomeRatio": 0.0667324764,
    "eps": 0.67,
    "epsdiluted": 0.66,
    "weightedAverageShsOut": 179416000,
    "weightedAverageShsOutDil": 181788000,
    "link": "https://www.sec.gov/Archives/edgar/data/746515/000074651517000045/0000746515-17-000045-index.htm",
    "finalLink": "https://www.sec.gov/Archives/edgar/data/746515/000074651517000045/a20173q10-q.htm"
  },
  {
    "date": "2017-06-30",
    "symbol": "EXPD",
    "reportedCurrency": "USD",
    "cik": "0000746515",
    "fillingDate": "2017-08-08",
    "acceptedDate": "2017-08-08 16:15:27",
    "calendarYear": "2017",
    "period": "Q2",
    "revenue": 1672279000,
    "costOfRevenue": 1468380000,
    "grossProfit": 203899000,
    "grossProfitRatio": 0.1219288169,
    "researchAndDevelopmentExpenses": 0,
    "generalAndAdministrativeExpenses": 0,
    "sellingAndMarketingExpenses": 10953000,
    "sellingGeneralAndAdministrativeExpenses": 10953000,
    "otherExpenses": 24706000,
    "operatingExpenses": 35659000,
    "costAndExpenses": 1504039000,
    "interestIncome": 3380000,
    "interestExpense": 0,
    "depreciationAndAmortization": 12042000,
    "ebitda": 180282000,
    "ebitdaratio": 0.1078061735,
    "operatingIncome": 168240000,
    "operatingIncomeRatio": 0.100605222,
    "totalOtherIncomeExpensesNet": 5570000,
    "incomeBeforeTax": 173810000,
    "incomeBeforeTaxRatio": 0.1039360059,
    "incomeTaxExpense": 65055000,
    "netIncome": 108851000,
    "netIncomeRatio": 0.0650914112,
    "eps": 0.6,
    "epsdiluted": 0.6,
    "weightedAverageShsOut": 180012000,
    "weightedAverageShsOutDil": 182033000,
    "link": "https://www.sec.gov/Archives/edgar/data/746515/000074651517000039/0000746515-17-000039-index.htm",
    "finalLink": "https://www.sec.gov/Archives/edgar/data/746515/000074651517000039/a20172q10-q.htm"
  },
  {
    "date": "2017-03-31",
    "symbol": "EXPD",
    "reportedCurrency": "USD",
    "cik": "0000746515",
    "fillingDate": "2017-05-04",
    "acceptedDate": "2017-05-04 16:28:20",
    "calendarYear": "2017",
    "period": "Q1",
    "revenue": 1545132000,
    "costOfRevenue": 1350164000,
    "grossProfit": 194968000,
    "grossProfitRatio": 0.1261820997,
    "researchAndDevelopmentExpenses": 0,
    "generalAndAdministrativeExpenses": 0,
    "sellingAndMarketingExpenses": 10915000,
    "sellingGeneralAndAdministrativeExpenses": 10915000,
    "otherExpenses": 37939000,
    "operatingExpenses": 48854000,
    "costAndExpenses": 1399018000,
    "interestIncome": 2741000,
    "interestExpense": 0,
    "depreciationAndAmortization": 11927000,
    "ebitda": 158041000,
    "ebitdaratio": 0.1022831706,
    "operatingIncome": 146114000,
    "operatingIncomeRatio": 0.094564089,
    "totalOtherIncomeExpensesNet": 3039000,
    "incomeBeforeTax": 149153000,
    "incomeBeforeTaxRatio": 0.0965309113,
    "incomeTaxExpense": 55586000,
    "netIncome": 93264000,
    "netIncomeRatio": 0.0603598916,
    "eps": 0.52,
    "epsdiluted": 0.51,
    "weightedAverageShsOut": 180062000,
    "weightedAverageShsOutDil": 182094000,
    "link": "https://www.sec.gov/Archives/edgar/data/746515/000074651517000029/0000746515-17-000029-index.htm",
    "finalLink": "https://www.sec.gov/Archives/edgar/data/746515/000074651517000029/a20171q10-q.htm"
  },
  {
    "date": "2016-12-31",
    "symbol": "EXPD",
    "reportedCurrency": "USD",
    "cik": "0000746515",
    "fillingDate": "2017-02-23",
    "acceptedDate": "2017-02-23 16:12:35",
    "calendarYear": "2016",
    "period": "Q4",
    "revenue": 1642007000,
    "costOfRevenue": 1422686000,
    "grossProfit": 219321000,
    "grossProfitRatio": 0.1335688581,
    "researchAndDevelopmentExpenses": 0,
    "generalAndAdministrativeExpenses": 0,
    "sellingAndMarketingExpenses": 11946000,
    "sellingGeneralAndAdministrativeExpenses": 11946000,
    "otherExpenses": 35165000,
    "operatingExpenses": 47111000,
    "costAndExpenses": 1469797000,
    "interestIncome": 2987000,
    "interestExpense": 0,
    "depreciationAndAmortization": 11943000,
    "ebitda": 184153000,
    "ebitdaratio": 0.1121511662,
    "operatingIncome": 172210000,
    "operatingIncomeRatio": 0.1048777502,
    "totalOtherIncomeExpensesNet": 4693000,
    "incomeBeforeTax": 176903000,
    "incomeBeforeTaxRatio": 0.1077358379,
    "incomeTaxExpense": 65805000,
    "netIncome": 110590000,
    "netIncomeRatio": 0.0673505046,
    "eps": 0.61,
    "epsdiluted": 0.61,
    "weightedAverageShsOut": 180201000,
    "weightedAverageShsOutDil": 181887000,
    "link": "https://www.sec.gov/Archives/edgar/data/746515/000074651517000007/0000746515-17-000007-index.htm",
    "finalLink": "https://www.sec.gov/Archives/edgar/data/746515/000074651517000007/a201610-k.htm"
  },
  {
    "date": "2016-09-30",
    "symbol": "EXPD",
    "reportedCurrency": "USD",
    "cik": "0000746515",
    "fillingDate": "2016-11-08",
    "acceptedDate": "2016-11-08 16:39:24",
    "calendarYear": "2016",
    "period": "Q3",
    "revenue": 1562394000,
    "costOfRevenue": 1347312000,
    "grossProfit": 215082000,
    "grossProfitRatio": 0.137661819,
    "researchAndDevelopmentExpenses": 0,
    "generalAndAdministrativeExpenses": 0,
    "sellingAndMarketingExpenses": 10134000,
    "sellingGeneralAndAdministrativeExpenses": 10134000,
    "otherExpenses": 37685000,
    "operatingExpenses": 47819000,
    "costAndExpenses": 1395131000,
    "interestIncome": 2924000,
    "interestExpense": 0,
    "depreciationAndAmortization": 11882000,
    "ebitda": 179145000,
    "ebitdaratio": 0.1146605786,
    "operatingIncome": 167263000,
    "operatingIncomeRatio": 0.1070555827,
    "totalOtherIncomeExpensesNet": 3849000,
    "incomeBeforeTax": 171112000,
    "incomeBeforeTaxRatio": 0.1095191098,
    "incomeTaxExpense": 63163000,
    "netIncome": 107581000,
    "netIncomeRatio": 0.0688565112,
    "eps": 0.59,
    "epsdiluted": 0.59,
    "weightedAverageShsOut": 181177000,
    "weightedAverageShsOutDil": 182692000,
    "link": "https://www.sec.gov/Archives/edgar/data/746515/000074651516000083/0000746515-16-000083-index.htm",
    "finalLink": "https://www.sec.gov/Archives/edgar/data/746515/000074651516000083/a20163q10-q.htm"
  },
  {
    "date": "2016-06-30",
    "symbol": "EXPD",
    "reportedCurrency": "USD",
    "cik": "0000746515",
    "fillingDate": "2016-08-04",
    "acceptedDate": "2016-08-04 16:14:51",
    "calendarYear": "2016",
    "period": "Q2",
    "revenue": 1475164000,
    "costOfRevenue": 1254300000,
    "grossProfit": 220864000,
    "grossProfitRatio": 0.1497216581,
    "researchAndDevelopmentExpenses": 0,
    "generalAndAdministrativeExpenses": 0,
    "sellingAndMarketingExpenses": 10251000,
    "sellingGeneralAndAdministrativeExpenses": 10251000,
    "otherExpenses": 31749000,
    "operatingExpenses": 42000000,
    "costAndExpenses": 1296300000,
    "interestIncome": 2890000,
    "interestExpense": 0,
    "depreciationAndAmortization": 11642000,
    "ebitda": 190506000,
    "ebitdaratio": 0.1291422513,
    "operatingIncome": 178864000,
    "operatingIncomeRatio": 0.1212502474,
    "totalOtherIncomeExpensesNet": 4493000,
    "incomeBeforeTax": 183357000,
    "incomeBeforeTaxRatio": 0.1242960105,
    "incomeTaxExpense": 66918000,
    "netIncome": 116052000,
    "netIncomeRatio": 0.0786705749,
    "eps": 0.64,
    "epsdiluted": 0.63,
    "weightedAverageShsOut": 181753000,
    "weightedAverageShsOutDil": 183132000,
    "link": "https://www.sec.gov/Archives/edgar/data/746515/000074651516000075/0000746515-16-000075-index.htm",
    "finalLink": "https://www.sec.gov/Archives/edgar/data/746515/000074651516000075/a20162q10-q.htm"
  },
  {
    "date": "2016-03-31",
    "symbol": "EXPD",
    "reportedCurrency": "USD",
    "cik": "0000746515",
    "fillingDate": "2016-05-04",
    "acceptedDate": "2016-05-04 16:09:42",
    "calendarYear": "2016",
    "period": "Q1",
    "revenue": 1418472000,
    "costOfRevenue": 1222946000,
    "grossProfit": 195526000,
    "grossProfitRatio": 0.1378426927,
    "researchAndDevelopmentExpenses": 0,
    "generalAndAdministrativeExpenses": 0,
    "sellingAndMarketingExpenses": 9432000,
    "sellingGeneralAndAdministrativeExpenses": 9432000,
    "otherExpenses": 34268000,
    "operatingExpenses": 43700000,
    "costAndExpenses": 1266646000,
    "interestIncome": 2779000,
    "interestExpense": 0,
    "depreciationAndAmortization": 11329000,
    "ebitda": 163155000,
    "ebitdaratio": 0.1150216571,
    "operatingIncome": 151826000,
    "operatingIncomeRatio": 0.1070348939,
    "totalOtherIncomeExpensesNet": 3658000,
    "incomeBeforeTax": 155484000,
    "incomeBeforeTaxRatio": 0.1096137252,
    "incomeTaxExpense": 58437000,
    "netIncome": 96584000,
    "netIncomeRatio": 0.0680901703,
    "eps": 0.53,
    "epsdiluted": 0.53,
    "weightedAverageShsOut": 182010000,
    "weightedAverageShsOutDil": 183018000,
    "link": "https://www.sec.gov/Archives/edgar/data/746515/000074651516000063/0000746515-16-000063-index.htm",
    "finalLink": "https://www.sec.gov/Archives/edgar/data/746515/000074651516000063/a20161q10-q.htm"
  },
  {
    "date": "2015-12-31",
    "symbol": "EXPD",
    "reportedCurrency": "USD",
    "cik": "0000746515",
    "fillingDate": "2016-02-25",
    "acceptedDate": "2016-02-25 12:27:46",
    "calendarYear": "2015",
    "period": "Q4",
    "revenue": 1596221000,
    "costOfRevenue": 1380006000,
    "grossProfit": 216215000,
    "grossProfitRatio": 0.1354543011,
    "researchAndDevelopmentExpenses": 0,
    "generalAndAdministrativeExpenses": 0,
    "sellingAndMarketingExpenses": 11844000,
    "sellingGeneralAndAdministrativeExpenses": 11844000,
    "otherExpenses": 26379000,
    "operatingExpenses": 38223000,
    "costAndExpenses": 1418229000,
    "interestIncome": 2387000,
    "interestExpense": 0,
    "depreciationAndAmortization": 11588000,
    "ebitda": 189580000,
    "ebitdaratio": 0.1187680152,
    "operatingIncome": 177992000,
    "operatingIncomeRatio": 0.1115083688,
    "totalOtherIncomeExpensesNet": 6418000,
    "incomeBeforeTax": 184410000,
    "incomeBeforeTaxRatio": 0.1155291153,
    "incomeTaxExpense": 69310000,
    "netIncome": 114449000,
    "netIncomeRatio": 0.0716999714,
    "eps": 0.62,
    "epsdiluted": 0.61,
    "weightedAverageShsOut": 185111000,
    "weightedAverageShsOutDil": 186519000,
    "link": "https://www.sec.gov/Archives/edgar/data/746515/000074651516000053/0000746515-16-000053-index.htm",
    "finalLink": "https://www.sec.gov/Archives/edgar/data/746515/000074651516000053/a201510-k.htm"
  },
  {
    "date": "2015-09-30",
    "symbol": "EXPD",
    "reportedCurrency": "USD",
    "cik": "0000746515",
    "fillingDate": "2015-11-05",
    "acceptedDate": "2015-11-05 16:10:18",
    "calendarYear": "2015",
    "period": "Q3",
    "revenue": 1651332000,
    "costOfRevenue": 1414139000,
    "grossProfit": 237193000,
    "grossProfitRatio": 0.1436373788,
    "researchAndDevelopmentExpenses": 0,
    "generalAndAdministrativeExpenses": 0,
    "sellingAndMarketingExpenses": 10370000,
    "sellingGeneralAndAdministrativeExpenses": 10370000,
    "otherExpenses": 34930000,
    "operatingExpenses": 45300000,
    "costAndExpenses": 1459439000,
    "interestIncome": 2666000,
    "interestExpense": 0,
    "depreciationAndAmortization": 11475000,
    "ebitda": 203368000,
    "ebitdaratio": 0.1231539145,
    "operatingIncome": 191893000,
    "operatingIncomeRatio": 0.1162049788,
    "totalOtherIncomeExpensesNet": -419000,
    "incomeBeforeTax": 191474000,
    "incomeBeforeTaxRatio": 0.1159512442,
    "incomeTaxExpense": 72738000,
    "netIncome": 118310000,
    "netIncomeRatio": 0.0716451931,
    "eps": 0.63,
    "epsdiluted": 0.62,
    "weightedAverageShsOut": 188424400,
    "weightedAverageShsOutDil": 189641774,
    "link": "https://www.sec.gov/Archives/edgar/data/746515/000074651515000046/0000746515-15-000046-index.htm",
    "finalLink": "https://www.sec.gov/Archives/edgar/data/746515/000074651515000046/a20153q10-q.htm"
  },
  {
    "date": "2015-06-30",
    "symbol": "EXPD",
    "reportedCurrency": "USD",
    "cik": "0000746515",
    "fillingDate": "2015-08-06",
    "acceptedDate": "2015-08-06 11:27:37",
    "calendarYear": "2015",
    "period": "Q2",
    "revenue": 1691553000,
    "costOfRevenue": 1462868000,
    "grossProfit": 228685000,
    "grossProfitRatio": 0.1351923351,
    "researchAndDevelopmentExpenses": 0,
    "generalAndAdministrativeExpenses": 0,
    "sellingAndMarketingExpenses": 10529000,
    "sellingGeneralAndAdministrativeExpenses": 10529000,
    "otherExpenses": 35440000,
    "operatingExpenses": 45969000,
    "costAndExpenses": 1508837000,
    "interestIncome": 2636000,
    "interestExpense": 0,
    "depreciationAndAmortization": 11420000,
    "ebitda": 194136000,
    "ebitdaratio": 0.1147679085,
    "operatingIncome": 182716000,
    "operatingIncomeRatio": 0.108016716,
    "totalOtherIncomeExpensesNet": 6440000,
    "incomeBeforeTax": 189156000,
    "incomeBeforeTaxRatio": 0.1118238684,
    "incomeTaxExpense": 70827000,
    "netIncome": 117760000,
    "netIncomeRatio": 0.0696165003,
    "eps": 0.62,
    "epsdiluted": 0.61,
    "weightedAverageShsOut": 190679008,
    "weightedAverageShsOutDil": 191917973,
    "link": "https://www.sec.gov/Archives/edgar/data/746515/000074651515000034/0000746515-15-000034-index.htm",
    "finalLink": "https://www.sec.gov/Archives/edgar/data/746515/000074651515000034/a20152q10-q.htm"
  },
  {
    "date": "2015-03-31",
    "symbol": "EXPD",
    "reportedCurrency": "USD",
    "cik": "0000746515",
    "fillingDate": "2015-05-07",
    "acceptedDate": "2015-05-07 11:29:27",
    "calendarYear": "2015",
    "period": "Q1",
    "revenue": 1677526000,
    "costOfRevenue": 1463835000,
    "grossProfit": 213691000,
    "grossProfitRatio": 0.1273846128,
    "researchAndDevelopmentExpenses": 0,
    "generalAndAdministrativeExpenses": 0,
    "sellingAndMarketingExpenses": 9247000,
    "sellingGeneralAndAdministrativeExpenses": 9247000,
    "otherExpenses": 35561000,
    "operatingExpenses": 44808000,
    "costAndExpenses": 1508643000,
    "interestIncome": 2732000,
    "interestExpense": 0,
    "depreciationAndAmortization": 11529000,
    "ebitda": 180412000,
    "ebitdaratio": 0.1075464702,
    "operatingIncome": 168883000,
    "operatingIncomeRatio": 0.1006738495,
    "totalOtherIncomeExpensesNet": 2766000,
    "incomeBeforeTax": 171649000,
    "incomeBeforeTaxRatio": 0.1023227062,
    "incomeTaxExpense": 64317000,
    "netIncome": 106704000,
    "netIncomeRatio": 0.063607956,
    "eps": 0.56,
    "epsdiluted": 0.55,
    "weightedAverageShsOut": 191627750,
    "weightedAverageShsOutDil": 192707093,
    "link": "https://www.sec.gov/Archives/edgar/data/746515/000074651515000016/0000746515-15-000016-index.htm",
    "finalLink": "https://www.sec.gov/Archives/edgar/data/746515/000074651515000016/a20151q10-q.htm"
  },
  {
    "date": "2014-12-31",
    "symbol": "EXPD",
    "reportedCurrency": "USD",
    "cik": "0000746515",
    "fillingDate": "2015-02-26",
    "acceptedDate": "2015-02-26 11:51:48",
    "calendarYear": "2014",
    "period": "Q4",
    "revenue": 1768830000,
    "costOfRevenue": 1563634000,
    "grossProfit": 205196000,
    "grossProfitRatio": 0.1160066258,
    "researchAndDevelopmentExpenses": 0,
    "generalAndAdministrativeExpenses": 0,
    "sellingAndMarketingExpenses": 11421000,
    "sellingGeneralAndAdministrativeExpenses": 11421000,
    "otherExpenses": 35904000,
    "operatingExpenses": 47325000,
    "costAndExpenses": 1610959000,
    "interestIncome": 2519000,
    "interestExpense": 0,
    "depreciationAndAmortization": 11752000,
    "ebitda": 169623000,
    "ebitdaratio": 0.095895592,
    "operatingIncome": 157871000,
    "operatingIncomeRatio": 0.0892516522,
    "totalOtherIncomeExpensesNet": 2742000,
    "incomeBeforeTax": 160613000,
    "incomeBeforeTaxRatio": 0.0908018295,
    "incomeTaxExpense": 59873000,
    "netIncome": 99381000,
    "netIncomeRatio": 0.0561845966,
    "eps": 0.52,
    "epsdiluted": 0.51,
    "weightedAverageShsOut": 192708729,
    "weightedAverageShsOutDil": 193307389,
    "link": "https://www.sec.gov/Archives/edgar/data/746515/000074651515000004/0000746515-15-000004-index.htm",
    "finalLink": "https://www.sec.gov/Archives/edgar/data/746515/000074651515000004/a201410-k.htm"
  },
  {
    "date": "2014-09-30",
    "symbol": "EXPD",
    "reportedCurrency": "USD",
    "cik": "0000746515",
    "fillingDate": "2014-11-06",
    "acceptedDate": "2014-11-06 16:08:32",
    "calendarYear": "2014",
    "period": "Q3",
    "revenue": 1705105000,
    "costOfRevenue": 1503534000,
    "grossProfit": 201571000,
    "grossProfitRatio": 0.1182161802,
    "researchAndDevelopmentExpenses": 0,
    "generalAndAdministrativeExpenses": 0,
    "sellingAndMarketingExpenses": 9240000,
    "sellingGeneralAndAdministrativeExpenses": 9240000,
    "otherExpenses": 33200000,
    "operatingExpenses": 42440000,
    "costAndExpenses": 1545974000,
    "interestIncome": 2793000,
    "interestExpense": 0,
    "depreciationAndAmortization": 12741000,
    "ebitda": 171872000,
    "ebitdaratio": 0.1007984846,
    "operatingIncome": 159131000,
    "operatingIncomeRatio": 0.0933262174,
    "totalOtherIncomeExpensesNet": 5129000,
    "incomeBeforeTax": 164260000,
    "incomeBeforeTaxRatio": 0.0963342433,
    "incomeTaxExpense": 61463000,
    "netIncome": 102381000,
    "netIncomeRatio": 0.0600438096,
    "eps": 0.53,
    "epsdiluted": 0.53,
    "weightedAverageShsOut": 194419071,
    "weightedAverageShsOutDil": 195001267,
    "link": "https://www.sec.gov/Archives/edgar/data/746515/000074651514000039/0000746515-14-000039-index.htm",
    "finalLink": "https://www.sec.gov/Archives/edgar/data/746515/000074651514000039/a20143q10-q.htm"
  },
  {
    "date": "2014-06-30",
    "symbol": "EXPD",
    "reportedCurrency": "USD",
    "cik": "0000746515",
    "fillingDate": "2014-08-07",
    "acceptedDate": "2014-08-07 12:54:00",
    "calendarYear": "2014",
    "period": "Q2",
    "revenue": 1599141000,
    "costOfRevenue": 1413012000,
    "grossProfit": 186129000,
    "grossProfitRatio": 0.1163931136,
    "researchAndDevelopmentExpenses": 0,
    "generalAndAdministrativeExpenses": 0,
    "sellingAndMarketingExpenses": 9291000,
    "sellingGeneralAndAdministrativeExpenses": 9291000,
    "otherExpenses": 34395000,
    "operatingExpenses": 43686000,
    "costAndExpenses": 1456698000,
    "interestIncome": 2764000,
    "interestExpense": 0,
    "depreciationAndAmortization": 12417000,
    "ebitda": 154860000,
    "ebitdaratio": 0.0968394907,
    "operatingIncome": 142443000,
    "operatingIncomeRatio": 0.089074697,
    "totalOtherIncomeExpensesNet": 5954000,
    "incomeBeforeTax": 148397000,
    "incomeBeforeTaxRatio": 0.0927979459,
    "incomeTaxExpense": 56669000,
    "netIncome": 91302000,
    "netIncomeRatio": 0.0570944026,
    "eps": 0.46,
    "epsdiluted": 0.46,
    "weightedAverageShsOut": 196451912,
    "weightedAverageShsOutDil": 197126243,
    "link": "https://www.sec.gov/Archives/edgar/data/746515/000074651514000027/0000746515-14-000027-index.htm",
    "finalLink": "https://www.sec.gov/Archives/edgar/data/746515/000074651514000027/a20142q10-q.htm"
  },
  {
    "date": "2014-03-31",
    "symbol": "EXPD",
    "reportedCurrency": "USD",
    "cik": "0000746515",
    "fillingDate": "2014-05-08",
    "acceptedDate": "2014-05-08 16:43:59",
    "calendarYear": "2014",
    "period": "Q1",
    "revenue": 1491645000,
    "costOfRevenue": 1320545000,
    "grossProfit": 171100000,
    "grossProfitRatio": 0.1147055767,
    "researchAndDevelopmentExpenses": 0,
    "generalAndAdministrativeExpenses": 0,
    "sellingAndMarketingExpenses": 8173000,
    "sellingGeneralAndAdministrativeExpenses": 8173000,
    "otherExpenses": 27724000,
    "operatingExpenses": 35897000,
    "costAndExpenses": 1356442000,
    "interestIncome": 2697000,
    "interestExpense": 0,
    "depreciationAndAmortization": 12382000,
    "ebitda": 147585000,
    "ebitdaratio": 0.0989411019,
    "operatingIncome": 135203000,
    "operatingIncomeRatio": 0.0906401992,
    "totalOtherIncomeExpensesNet": 2416000,
    "incomeBeforeTax": 137619000,
    "incomeBeforeTaxRatio": 0.0922598876,
    "incomeTaxExpense": 53424000,
    "netIncome": 83824000,
    "netIncomeRatio": 0.0561956766,
    "eps": 0.42,
    "epsdiluted": 0.42,
    "weightedAverageShsOut": 201118390,
    "weightedAverageShsOutDil": 201843858,
    "link": "https://www.sec.gov/Archives/edgar/data/746515/000074651514000011/0000746515-14-000011-index.htm",
    "finalLink": "https://www.sec.gov/Archives/edgar/data/746515/000074651514000011/a20141q10-q.htm"
  },
  {
    "date": "2013-12-31",
    "symbol": "EXPD",
    "reportedCurrency": "USD",
    "cik": "0000746515",
    "fillingDate": "2014-02-27",
    "acceptedDate": "2014-02-27 16:27:51",
    "calendarYear": "2013",
    "period": "Q4",
    "revenue": 1634230000,
    "costOfRevenue": 1460076000,
    "grossProfit": 174154000,
    "grossProfitRatio": 0.1065663952,
    "researchAndDevelopmentExpenses": 0,
    "generalAndAdministrativeExpenses": 0,
    "sellingAndMarketingExpenses": 9352000,
    "sellingGeneralAndAdministrativeExpenses": 9352000,
    "otherExpenses": 31139000,
    "operatingExpenses": 40491000,
    "costAndExpenses": 1500567000,
    "interestIncome": 2530000,
    "interestExpense": 0,
    "depreciationAndAmortization": 12490000,
    "ebitda": 146153000,
    "ebitdaratio": 0.089432332,
    "operatingIncome": 133663000,
    "operatingIncomeRatio": 0.081789589,
    "totalOtherIncomeExpensesNet": 4175000,
    "incomeBeforeTax": 137838000,
    "incomeBeforeTaxRatio": 0.0843443089,
    "incomeTaxExpense": 53829000,
    "netIncome": 83496000,
    "netIncomeRatio": 0.0510919516,
    "eps": 0.41,
    "epsdiluted": 0.41,
    "weightedAverageShsOut": 204558152,
    "weightedAverageShsOutDil": 205526229,
    "link": "https://www.sec.gov/Archives/edgar/data/746515/000074651514000004/0000746515-14-000004-index.htm",
    "finalLink": "https://www.sec.gov/Archives/edgar/data/746515/000074651514000004/a201310-k.htm"
  },
  {
    "date": "2013-09-30",
    "symbol": "EXPD",
    "reportedCurrency": "USD",
    "cik": "0000746515",
    "fillingDate": "2013-11-07",
    "acceptedDate": "2013-11-07 16:08:22",
    "calendarYear": "2013",
    "period": "Q3",
    "revenue": 1537966000,
    "costOfRevenue": 1351848000,
    "grossProfit": 186118000,
    "grossProfitRatio": 0.1210156792,
    "researchAndDevelopmentExpenses": 0,
    "generalAndAdministrativeExpenses": 0,
    "sellingAndMarketingExpenses": 8306000,
    "sellingGeneralAndAdministrativeExpenses": 8306000,
    "otherExpenses": 31499000,
    "operatingExpenses": 39805000,
    "costAndExpenses": 1391653000,
    "interestIncome": 2967000,
    "interestExpense": 0,
    "depreciationAndAmortization": 12629000,
    "ebitda": 158942000,
    "ebitdaratio": 0.1033455876,
    "operatingIncome": 146313000,
    "operatingIncomeRatio": 0.0951340927,
    "totalOtherIncomeExpensesNet": 4179000,
    "incomeBeforeTax": 150492000,
    "incomeBeforeTaxRatio": 0.0978513179,
    "incomeTaxExpense": 57763000,
    "netIncome": 92400000,
    "netIncomeRatio": 0.0600793516,
    "eps": 0.45,
    "epsdiluted": 0.45,
    "weightedAverageShsOut": 206516194,
    "weightedAverageShsOutDil": 207368792,
    "link": "https://www.sec.gov/Archives/edgar/data/746515/000074651513000045/0000746515-13-000045-index.htm",
    "finalLink": "https://www.sec.gov/Archives/edgar/data/746515/000074651513000045/a20133q10-q.htm"
  },
  {
    "date": "2013-06-30",
    "symbol": "EXPD",
    "reportedCurrency": "USD",
    "cik": "0000746515",
    "fillingDate": "2013-08-08",
    "acceptedDate": "2013-08-08 16:21:08",
    "calendarYear": "2013",
    "period": "Q2",
    "revenue": 1503224000,
    "costOfRevenue": 1323307000,
    "grossProfit": 179917000,
    "grossProfitRatio": 0.1196874185,
    "researchAndDevelopmentExpenses": 0,
    "generalAndAdministrativeExpenses": 0,
    "sellingAndMarketingExpenses": 8328000,
    "sellingGeneralAndAdministrativeExpenses": 8328000,
    "otherExpenses": 28010000,
    "operatingExpenses": 36338000,
    "costAndExpenses": 1359645000,
    "interestIncome": 3070000,
    "interestExpense": 0,
    "depreciationAndAmortization": 11674000,
    "ebitda": 155253000,
    "ebitdaratio": 0.1032800168,
    "operatingIncome": 143579000,
    "operatingIncomeRatio": 0.0955140418,
    "totalOtherIncomeExpensesNet": 7395000,
    "incomeBeforeTax": 150974000,
    "incomeBeforeTaxRatio": 0.1004334683,
    "incomeTaxExpense": 58311000,
    "netIncome": 92315000,
    "netIncomeRatio": 0.0614113399,
    "eps": 0.45,
    "epsdiluted": 0.45,
    "weightedAverageShsOut": 206444464,
    "weightedAverageShsOutDil": 207192534,
    "link": "https://www.sec.gov/Archives/edgar/data/746515/000074651513000030/0000746515-13-000030-index.htm",
    "finalLink": "https://www.sec.gov/Archives/edgar/data/746515/000074651513000030/a20132q10-q.htm"
  },
  {
    "date": "2013-03-31",
    "symbol": "EXPD",
    "reportedCurrency": "USD",
    "cik": "0000746515",
    "fillingDate": "2013-05-03",
    "acceptedDate": "2013-05-03 14:22:13",
    "calendarYear": "2013",
    "period": "Q1",
    "revenue": 1413208000,
    "costOfRevenue": 1249089000,
    "grossProfit": 164119000,
    "grossProfitRatio": 0.1161322325,
    "researchAndDevelopmentExpenses": 0,
    "generalAndAdministrativeExpenses": 0,
    "sellingAndMarketingExpenses": 7257000,
    "sellingGeneralAndAdministrativeExpenses": 7257000,
    "otherExpenses": 28344000,
    "operatingExpenses": 35601000,
    "costAndExpenses": 1284690000,
    "interestIncome": 3243000,
    "interestExpense": 0,
    "depreciationAndAmortization": 11278000,
    "ebitda": 139796000,
    "ebitdaratio": 0.0989210364,
    "operatingIncome": 128518000,
    "operatingIncomeRatio": 0.0909406117,
    "totalOtherIncomeExpensesNet": 4774000,
    "incomeBeforeTax": 133292000,
    "incomeBeforeTaxRatio": 0.0943187415,
    "incomeTaxExpense": 52682000,
    "netIncome": 80315000,
    "netIncomeRatio": 0.0568316907,
    "eps": 0.39,
    "epsdiluted": 0.39,
    "weightedAverageShsOut": 206475095,
    "weightedAverageShsOutDil": 207613863,
    "link": "https://www.sec.gov/Archives/edgar/data/746515/000074651513000019/0000746515-13-000019-index.htm",
    "finalLink": "https://www.sec.gov/Archives/edgar/data/746515/000074651513000019/a20131q10-q.htm"
  },
  {
    "date": "2012-12-31",
    "symbol": "EXPD",
    "reportedCurrency": "USD",
    "cik": "0000746515",
    "fillingDate": "2013-02-27",
    "acceptedDate": "2013-02-27 16:19:24",
    "calendarYear": "2012",
    "period": "Q4",
    "revenue": 1532957000,
    "costOfRevenue": 2197255000,
    "grossProfit": -664298000,
    "grossProfitRatio": -0.4333441838,
    "researchAndDevelopmentExpenses": 0,
    "generalAndAdministrativeExpenses": -812289000,
    "sellingAndMarketingExpenses": 8814000,
    "sellingGeneralAndAdministrativeExpenses": -803475000,
    "otherExpenses": 11152000,
    "operatingExpenses": -792323000,
    "costAndExpenses": 1404932000,
    "interestIncome": 3522000,
    "interestExpense": 227000,
    "depreciationAndAmortization": 10695000,
    "ebitda": 144314000,
    "ebitdaratio": 0.0941409315,
    "operatingIncome": 128025000,
    "operatingIncomeRatio": 0.0835150627,
    "totalOtherIncomeExpensesNet": 5367000,
    "incomeBeforeTax": 133392000,
    "incomeBeforeTaxRatio": 0.0870161394,
    "incomeTaxExpense": 49893000,
    "netIncome": 84208000,
    "netIncomeRatio": 0.054931743,
    "eps": 0.41,
    "epsdiluted": 0.4,
    "weightedAverageShsOut": 207766619,
    "weightedAverageShsOutDil": 208963216,
    "link": "https://www.sec.gov/Archives/edgar/data/746515/000074651513000004/0000746515-13-000004-index.htm",
    "finalLink": "https://www.sec.gov/Archives/edgar/data/746515/000074651513000004/a201210-k.htm"
  },
  {
    "date": "2012-09-30",
    "symbol": "EXPD",
    "reportedCurrency": "USD",
    "cik": "0000746515",
    "fillingDate": "2012-11-07",
    "acceptedDate": "2012-11-07 16:19:39",
    "calendarYear": "2012",
    "period": "Q3",
    "revenue": 1531664000,
    "costOfRevenue": 1350759000,
    "grossProfit": 180905000,
    "grossProfitRatio": 0.1181101077,
    "researchAndDevelopmentExpenses": 0,
    "generalAndAdministrativeExpenses": 0,
    "sellingAndMarketingExpenses": 7847000,
    "sellingGeneralAndAdministrativeExpenses": 7847000,
    "otherExpenses": 27959000,
    "operatingExpenses": 35806000,
    "costAndExpenses": 1386565000,
    "interestIncome": 2831000,
    "interestExpense": 182000,
    "depreciationAndAmortization": 10030000,
    "ebitda": 155129000,
    "ebitdaratio": 0.1012813515,
    "operatingIncome": 145099000,
    "operatingIncomeRatio": 0.0947329179,
    "totalOtherIncomeExpensesNet": 3881000,
    "incomeBeforeTax": 148980000,
    "incomeBeforeTaxRatio": 0.0972667635,
    "incomeTaxExpense": 60253000,
    "netIncome": 88490000,
    "netIncomeRatio": 0.0577737676,
    "eps": 0.42,
    "epsdiluted": 0.42,
    "weightedAverageShsOut": 210135763,
    "weightedAverageShsOutDil": 211397602,
    "link": "https://www.sec.gov/Archives/edgar/data/746515/000074651512000043/0000746515-12-000043-index.htm",
    "finalLink": "https://www.sec.gov/Archives/edgar/data/746515/000074651512000043/a20123q10-q.htm"
  },
  {
    "date": "2012-06-30",
    "symbol": "EXPD",
    "reportedCurrency": "USD",
    "cik": "0000746515",
    "fillingDate": "2012-08-08",
    "acceptedDate": "2012-08-08 14:28:56",
    "calendarYear": "2012",
    "period": "Q2",
    "revenue": 1504952000,
    "costOfRevenue": 1331749000,
    "grossProfit": 173203000,
    "grossProfitRatio": 0.1150887204,
    "researchAndDevelopmentExpenses": 0,
    "generalAndAdministrativeExpenses": 0,
    "sellingAndMarketingExpenses": 8860000,
    "sellingGeneralAndAdministrativeExpenses": 8860000,
    "otherExpenses": 31940000,
    "operatingExpenses": 40800000,
    "costAndExpenses": 1372549000,
    "interestIncome": 3050000,
    "interestExpense": 222000,
    "depreciationAndAmortization": 9670000,
    "ebitda": 142073000,
    "ebitdaratio": 0.0944036753,
    "operatingIncome": 132403000,
    "operatingIncomeRatio": 0.0879782212,
    "totalOtherIncomeExpensesNet": 6510000,
    "incomeBeforeTax": 138913000,
    "incomeBeforeTaxRatio": 0.0923039406,
    "incomeTaxExpense": 54892000,
    "netIncome": 83955000,
    "netIncomeRatio": 0.0557858324,
    "eps": 0.4,
    "epsdiluted": 0.39,
    "weightedAverageShsOut": 211724082,
    "weightedAverageShsOutDil": 213212912,
    "link": "https://www.sec.gov/Archives/edgar/data/746515/000074651512000033/0000746515-12-000033-index.htm",
    "finalLink": "https://www.sec.gov/Archives/edgar/data/746515/000074651512000033/a20122q10-q.htm"
  },
  {
    "date": "2012-03-31",
    "symbol": "EXPD",
    "reportedCurrency": "USD",
    "cik": "0000746515",
    "fillingDate": "2012-05-07",
    "acceptedDate": "2012-05-07 16:19:46",
    "calendarYear": "2012",
    "period": "Q1",
    "revenue": 1411370000,
    "costOfRevenue": 1241652000,
    "grossProfit": 169718000,
    "grossProfitRatio": 0.1202505367,
    "researchAndDevelopmentExpenses": 0,
    "generalAndAdministrativeExpenses": 0,
    "sellingAndMarketingExpenses": 8663000,
    "sellingGeneralAndAdministrativeExpenses": 8663000,
    "otherExpenses": 35784000,
    "operatingExpenses": 44447000,
    "costAndExpenses": 1286099000,
    "interestIncome": 3360000,
    "interestExpense": 620000,
    "depreciationAndAmortization": 9545000,
    "ebitda": 134816000,
    "ebitdaratio": 0.0955213729,
    "operatingIncome": 125271000,
    "operatingIncomeRatio": 0.0887584404,
    "totalOtherIncomeExpensesNet": 3837000,
    "incomeBeforeTax": 129108000,
    "incomeBeforeTaxRatio": 0.0914770755,
    "incomeTaxExpense": 52386000,
    "netIncome": 76707000,
    "netIncomeRatio": 0.0543493202,
    "eps": 0.36,
    "epsdiluted": 0.36,
    "weightedAverageShsOut": 212097662,
    "weightedAverageShsOutDil": 214199510,
    "link": "https://www.sec.gov/Archives/edgar/data/746515/000074651512000025/0000746515-12-000025-index.htm",
    "finalLink": "https://www.sec.gov/Archives/edgar/data/746515/000074651512000025/a20121q10-q.htm"
  },
  {
    "date": "2011-12-31",
    "symbol": "EXPD",
    "reportedCurrency": "USD",
    "cik": "0000746515",
    "fillingDate": "2012-02-28",
    "acceptedDate": "2012-02-28 16:08:04",
    "calendarYear": "2011",
    "period": "Q4",
    "revenue": 1501914000,
    "costOfRevenue": 1025759000,
    "grossProfit": 476155000,
    "grossProfitRatio": 0.3170321337,
    "researchAndDevelopmentExpenses": 0,
    "generalAndAdministrativeExpenses": 268495000,
    "sellingAndMarketingExpenses": 10447000,
    "sellingGeneralAndAdministrativeExpenses": 278942000,
    "otherExpenses": 42149000,
    "operatingExpenses": 321091000,
    "costAndExpenses": 1346850000,
    "interestIncome": 2715000,
    "interestExpense": 248000,
    "depreciationAndAmortization": 10302000,
    "ebitda": 165751000,
    "ebitdaratio": 0.1103598475,
    "operatingIncome": 155064000,
    "operatingIncomeRatio": 0.1032442603,
    "totalOtherIncomeExpensesNet": 137000,
    "incomeBeforeTax": 155201000,
    "incomeBeforeTaxRatio": 0.1033354773,
    "incomeTaxExpense": 62061000,
    "netIncome": 92843000,
    "netIncomeRatio": 0.0618164555,
    "eps": 0.44,
    "epsdiluted": 0.43,
    "weightedAverageShsOut": 211988482,
    "weightedAverageShsOutDil": 214159723,
    "link": "https://www.sec.gov/Archives/edgar/data/746515/000074651512000006/0000746515-12-000006-index.htm",
    "finalLink": "https://www.sec.gov/Archives/edgar/data/746515/000074651512000006/a201110-k.htm"
  },
  {
    "date": "2011-09-30",
    "symbol": "EXPD",
    "reportedCurrency": "USD",
    "cik": "0000746515",
    "fillingDate": "2011-11-07",
    "acceptedDate": "2011-11-07 14:36:52",
    "calendarYear": "2011",
    "period": "Q3",
    "revenue": 1606368000,
    "costOfRevenue": 1112522000,
    "grossProfit": 493846000,
    "grossProfitRatio": 0.3074301779,
    "researchAndDevelopmentExpenses": 0,
    "generalAndAdministrativeExpenses": 279864000,
    "sellingAndMarketingExpenses": 9342000,
    "sellingGeneralAndAdministrativeExpenses": 289206000,
    "otherExpenses": 40882000,
    "operatingExpenses": 330088000,
    "costAndExpenses": 1442610000,
    "interestIncome": 2888000,
    "interestExpense": 279000,
    "depreciationAndAmortization": 9199000,
    "ebitda": 186637000,
    "ebitdaratio": 0.1161857059,
    "operatingIncome": 163758000,
    "operatingIncomeRatio": 0.1019430168,
    "totalOtherIncomeExpensesNet": 13401000,
    "incomeBeforeTax": 177159000,
    "incomeBeforeTaxRatio": 0.110285439,
    "incomeTaxExpense": 70283000,
    "netIncome": 106604000,
    "netIncomeRatio": 0.0663633738,
    "eps": 0.5,
    "epsdiluted": 0.5,
    "weightedAverageShsOut": 212256119,
    "weightedAverageShsOutDil": 214717451,
    "link": "https://www.sec.gov/Archives/edgar/data/746515/000074651511000011/0000746515-11-000011-index.htm",
    "finalLink": "https://www.sec.gov/Archives/edgar/data/746515/000074651511000011/a20113q10-q.htm"
  },
  {
    "date": "2011-06-30",
    "symbol": "EXPD",
    "reportedCurrency": "USD",
    "cik": "0000746515",
    "fillingDate": "2011-08-05",
    "acceptedDate": "2011-08-05 16:07:03",
    "calendarYear": "2011",
    "period": "Q2",
    "revenue": 1581368000,
    "costOfRevenue": 1108807000,
    "grossProfit": 472561000,
    "grossProfitRatio": 0.2988305062,
    "researchAndDevelopmentExpenses": 0,
    "generalAndAdministrativeExpenses": 270468000,
    "sellingAndMarketingExpenses": 10022000,
    "sellingGeneralAndAdministrativeExpenses": 280490000,
    "otherExpenses": 39796000,
    "operatingExpenses": 320286000,
    "costAndExpenses": 1429093000,
    "interestIncome": 2312000,
    "interestExpense": 229000,
    "depreciationAndAmortization": 9257000,
    "ebitda": 164701000,
    "ebitdaratio": 0.104150963,
    "operatingIncome": 152275000,
    "operatingIncomeRatio": 0.0962932094,
    "totalOtherIncomeExpensesNet": 2940000,
    "incomeBeforeTax": 155215000,
    "incomeBeforeTaxRatio": 0.0981523592,
    "incomeTaxExpense": 60195000,
    "netIncome": 95000000,
    "netIncomeRatio": 0.0600745683,
    "eps": 0.45,
    "epsdiluted": 0.44,
    "weightedAverageShsOut": 212136164,
    "weightedAverageShsOutDil": 215659043,
    "link": "https://www.sec.gov/Archives/edgar/data/746515/000144530511002378/0001445305-11-002378-index.htm",
    "finalLink": "https://www.sec.gov/Archives/edgar/data/746515/000144530511002378/expd0630201110-q.htm"
  },
  {
    "date": "2011-03-31",
    "symbol": "EXPD",
    "reportedCurrency": "USD",
    "cik": "0000746515",
    "fillingDate": "2011-05-09",
    "acceptedDate": "2011-05-09 16:31:27",
    "calendarYear": "2011",
    "period": "Q1",
    "revenue": 1460848000,
    "costOfRevenue": 1006933000,
    "grossProfit": 453915000,
    "grossProfitRatio": 0.3107202118,
    "researchAndDevelopmentExpenses": 0,
    "generalAndAdministrativeExpenses": 259196000,
    "sellingAndMarketingExpenses": 9163000,
    "sellingGeneralAndAdministrativeExpenses": 268359000,
    "otherExpenses": 38326000,
    "operatingExpenses": 306685000,
    "costAndExpenses": 1313618000,
    "interestIncome": 2320000,
    "interestExpense": 214000,
    "depreciationAndAmortization": 9174000,
    "ebitda": 159841000,
    "ebitdaratio": 0.1094165854,
    "operatingIncome": 147230000,
    "operatingIncomeRatio": 0.1007839282,
    "totalOtherIncomeExpensesNet": 3223000,
    "incomeBeforeTax": 150453000,
    "incomeBeforeTaxRatio": 0.102990181,
    "incomeTaxExpense": 59246000,
    "netIncome": 91232000,
    "netIncomeRatio": 0.0624513981,
    "eps": 0.43,
    "epsdiluted": 0.42,
    "weightedAverageShsOut": 212088860,
    "weightedAverageShsOutDil": 215863386,
    "link": "https://www.sec.gov/Archives/edgar/data/746515/000119312511132387/0001193125-11-132387-index.htm",
    "finalLink": "https://www.sec.gov/Archives/edgar/data/746515/000119312511132387/d10q.htm"
  },
  {
    "date": "2010-12-31",
    "symbol": "EXPD",
    "reportedCurrency": "USD",
    "cik": "0000746515",
    "fillingDate": "2011-02-28",
    "acceptedDate": "2011-02-28 15:39:55",
    "calendarYear": "2010",
    "period": "Q4",
    "revenue": 1582135000,
    "costOfRevenue": 1071552000,
    "grossProfit": 510583000,
    "grossProfitRatio": 0.32271772,
    "researchAndDevelopmentExpenses": 0,
    "generalAndAdministrativeExpenses": 315031000,
    "sellingAndMarketingExpenses": 9593000,
    "sellingGeneralAndAdministrativeExpenses": 324624000,
    "otherExpenses": 37387000,
    "operatingExpenses": 362011000,
    "costAndExpenses": 1433563000,
    "interestIncome": 2064000,
    "interestExpense": 198000,
    "depreciationAndAmortization": 10723000,
    "ebitda": 162540000,
    "ebitdaratio": 0.102734596,
    "operatingIncome": 148572000,
    "operatingIncomeRatio": 0.0939060194,
    "totalOtherIncomeExpensesNet": 3047000,
    "incomeBeforeTax": 151619000,
    "incomeBeforeTaxRatio": 0.095831898,
    "incomeTaxExpense": 55171000,
    "netIncome": 96502000,
    "netIncomeRatio": 0.060994795,
    "eps": 0.45,
    "epsdiluted": 0.45,
    "weightedAverageShsOut": 212216301,
    "weightedAverageShsOutDil": 212392286,
    "link": "https://www.sec.gov/Archives/edgar/data/746515/000119312511049764/0001193125-11-049764-index.htm",
    "finalLink": "https://www.sec.gov/Archives/edgar/data/746515/000119312511049764/d10k.htm"
  },
  {
    "date": "2010-09-30",
    "symbol": "EXPD",
    "reportedCurrency": "USD",
    "cik": "0000746515",
    "fillingDate": "2010-11-08",
    "acceptedDate": "2010-11-08 11:56:32",
    "calendarYear": "2010",
    "period": "Q3",
    "revenue": 1667559000,
    "costOfRevenue": 1208816000,
    "grossProfit": 458743000,
    "grossProfitRatio": 0.2750985123,
    "researchAndDevelopmentExpenses": 0,
    "generalAndAdministrativeExpenses": 254652000,
    "sellingAndMarketingExpenses": 7877000,
    "sellingGeneralAndAdministrativeExpenses": 262529000,
    "otherExpenses": 36593000,
    "operatingExpenses": 299122000,
    "costAndExpenses": 1507938000,
    "interestIncome": 1679000,
    "interestExpense": 140000,
    "depreciationAndAmortization": 9085000,
    "ebitda": 168719000,
    "ebitdaratio": 0.1011772297,
    "operatingIncome": 159621000,
    "operatingIncomeRatio": 0.0957213508,
    "totalOtherIncomeExpensesNet": -127000,
    "incomeBeforeTax": 159494000,
    "incomeBeforeTaxRatio": 0.0956451916,
    "incomeTaxExpense": 63456000,
    "netIncome": 96105000,
    "netIncomeRatio": 0.0576321438,
    "eps": 0.45,
    "epsdiluted": 0.44,
    "weightedAverageShsOut": 212392286,
    "weightedAverageShsOutDil": 216342380,
    "link": "https://www.sec.gov/Archives/edgar/data/746515/000119312510251562/0001193125-10-251562-index.htm",
    "finalLink": "https://www.sec.gov/Archives/edgar/data/746515/000119312510251562/d10q.htm"
  },
  {
    "date": "2010-06-30",
    "symbol": "EXPD",
    "reportedCurrency": "USD",
    "cik": "0000746515",
    "fillingDate": "2010-08-06",
    "acceptedDate": "2010-08-06 15:50:03",
    "calendarYear": "2010",
    "period": "Q2",
    "revenue": 1516770000,
    "costOfRevenue": 1097912000,
    "grossProfit": 418858000,
    "grossProfitRatio": 0.2761512952,
    "researchAndDevelopmentExpenses": 0,
    "generalAndAdministrativeExpenses": 239804000,
    "sellingAndMarketingExpenses": 7550000,
    "sellingGeneralAndAdministrativeExpenses": 247354000,
    "otherExpenses": 33008000,
    "operatingExpenses": 280362000,
    "costAndExpenses": 1378274000,
    "interestIncome": 1484000,
    "interestExpense": 151000,
    "depreciationAndAmortization": 9110000,
    "ebitda": 159378000,
    "ebitdaratio": 0.1050772365,
    "operatingIncome": 138496000,
    "operatingIncomeRatio": 0.0913098228,
    "totalOtherIncomeExpensesNet": 11621000,
    "incomeBeforeTax": 150117000,
    "incomeBeforeTaxRatio": 0.0989714986,
    "incomeTaxExpense": 59708000,
    "netIncome": 90318000,
    "netIncomeRatio": 0.0595462727,
    "eps": 0.43,
    "epsdiluted": 0.42,
    "weightedAverageShsOut": 212332375,
    "weightedAverageShsOutDil": 216460977,
    "link": "https://www.sec.gov/Archives/edgar/data/746515/000119312510181305/0001193125-10-181305-index.htm",
    "finalLink": "https://www.sec.gov/Archives/edgar/data/746515/000119312510181305/d10q.htm"
  },
  {
    "date": "2010-03-31",
    "symbol": "EXPD",
    "reportedCurrency": "USD",
    "cik": "0000746515",
    "fillingDate": "2010-05-07",
    "acceptedDate": "2010-05-07 16:39:21",
    "calendarYear": "2010",
    "period": "Q1",
    "revenue": 1201109000,
    "costOfRevenue": 839286000,
    "grossProfit": 361823000,
    "grossProfitRatio": 0.30124077,
    "researchAndDevelopmentExpenses": 0,
    "generalAndAdministrativeExpenses": 219075000,
    "sellingAndMarketingExpenses": 7035000,
    "sellingGeneralAndAdministrativeExpenses": 226110000,
    "otherExpenses": 35172000,
    "operatingExpenses": 261282000,
    "costAndExpenses": 1100568000,
    "interestIncome": 1775000,
    "interestExpense": 87000,
    "depreciationAndAmortization": 9395000,
    "ebitda": 112320000,
    "ebitdaratio": 0.0935135779,
    "operatingIncome": 100541000,
    "operatingIncomeRatio": 0.0837068076,
    "totalOtherIncomeExpensesNet": 2297000,
    "incomeBeforeTax": 102838000,
    "incomeBeforeTaxRatio": 0.0856192069,
    "incomeTaxExpense": 41528000,
    "netIncome": 61247000,
    "netIncomeRatio": 0.0509920415,
    "eps": 0.29,
    "epsdiluted": 0.28,
    "weightedAverageShsOut": 212192710,
    "weightedAverageShsOutDil": 216630436,
    "link": "https://www.sec.gov/Archives/edgar/data/746515/000119312510112978/0001193125-10-112978-index.htm",
    "finalLink": "https://www.sec.gov/Archives/edgar/data/746515/000119312510112978/d10q.htm"
  },
  {
    "date": "2009-12-31",
    "symbol": "EXPD",
    "reportedCurrency": "USD",
    "cik": "0000746515",
    "fillingDate": "2010-02-26",
    "acceptedDate": "2010-02-26 16:26:57",
    "calendarYear": "2009",
    "period": "Q4",
    "revenue": 1246911000,
    "costOfRevenue": 857736000,
    "grossProfit": 389175000,
    "grossProfitRatio": 0.3121112894,
    "researchAndDevelopmentExpenses": 0,
    "generalAndAdministrativeExpenses": 202697000,
    "sellingAndMarketingExpenses": 7985000,
    "sellingGeneralAndAdministrativeExpenses": 210682000,
    "otherExpenses": 68139000,
    "operatingExpenses": 278821000,
    "costAndExpenses": 1136557000,
    "interestIncome": 1924000,
    "interestExpense": 95000,
    "depreciationAndAmortization": 11430000,
    "ebitda": 124075000,
    "ebitdaratio": 0.099505899,
    "operatingIncome": 110354000,
    "operatingIncomeRatio": 0.0885019059,
    "totalOtherIncomeExpensesNet": 2196000,
    "incomeBeforeTax": 112550000,
    "incomeBeforeTaxRatio": 0.0902630581,
    "incomeTaxExpense": 42900000,
    "netIncome": 69135000,
    "netIncomeRatio": 0.0554450157,
    "eps": 0.33,
    "epsdiluted": 0.33,
    "weightedAverageShsOut": 211990764,
    "weightedAverageShsOutDil": 212241480,
    "link": "https://www.sec.gov/Archives/edgar/data/746515/000119312510042974/0001193125-10-042974-index.htm",
    "finalLink": "https://www.sec.gov/Archives/edgar/data/746515/000119312510042974/d10k.htm"
  },
  {
    "date": "2009-09-30",
    "symbol": "EXPD",
    "reportedCurrency": "USD",
    "cik": "0000746515",
    "fillingDate": "2009-11-09",
    "acceptedDate": "2009-11-09 17:06:12",
    "calendarYear": "2009",
    "period": "Q3",
    "revenue": 1037327000,
    "costOfRevenue": 708998000,
    "grossProfit": 328329000,
    "grossProfitRatio": 0.3165144646,
    "researchAndDevelopmentExpenses": 0,
    "generalAndAdministrativeExpenses": 194743000,
    "sellingAndMarketingExpenses": 6541000,
    "sellingGeneralAndAdministrativeExpenses": 201284000,
    "otherExpenses": 30799000,
    "operatingExpenses": 232083000,
    "costAndExpenses": 941081000,
    "interestIncome": 2214000,
    "interestExpense": 325000,
    "depreciationAndAmortization": 9923000,
    "ebitda": 109575000,
    "ebitdaratio": 0.1056320717,
    "operatingIncome": 96246000,
    "operatingIncomeRatio": 0.0927827002,
    "totalOtherIncomeExpensesNet": 3081000,
    "incomeBeforeTax": 99327000,
    "incomeBeforeTaxRatio": 0.095752834,
    "incomeTaxExpense": 41763000,
    "netIncome": 57752000,
    "netIncomeRatio": 0.0556738618,
    "eps": 0.27,
    "epsdiluted": 0.27,
    "weightedAverageShsOut": 212241480,
    "weightedAverageShsOutDil": 216684079,
    "link": "https://www.sec.gov/Archives/edgar/data/746515/000119312509229556/0001193125-09-229556-index.htm",
    "finalLink": "https://www.sec.gov/Archives/edgar/data/746515/000119312509229556/d10q.htm"
  },
  {
    "date": "2009-06-30",
    "symbol": "EXPD",
    "reportedCurrency": "USD",
    "cik": "0000746515",
    "fillingDate": "2009-08-07",
    "acceptedDate": "2009-08-07 16:13:07",
    "calendarYear": "2009",
    "period": "Q2",
    "revenue": 895360000,
    "costOfRevenue": 547359000,
    "grossProfit": 348001000,
    "grossProfitRatio": 0.3886715958,
    "researchAndDevelopmentExpenses": 0,
    "generalAndAdministrativeExpenses": 189565000,
    "sellingAndMarketingExpenses": 5547000,
    "sellingGeneralAndAdministrativeExpenses": 195112000,
    "otherExpenses": 65962000,
    "operatingExpenses": 261074000,
    "costAndExpenses": 808433000,
    "interestIncome": 2433000,
    "interestExpense": 64000,
    "depreciationAndAmortization": 10244000,
    "ebitda": 101685000,
    "ebitdaratio": 0.1135688438,
    "operatingIncome": 86927000,
    "operatingIncomeRatio": 0.0970860883,
    "totalOtherIncomeExpensesNet": 4450000,
    "incomeBeforeTax": 91377000,
    "incomeBeforeTaxRatio": 0.1020561562,
    "incomeTaxExpense": 37563000,
    "netIncome": 54070000,
    "netIncomeRatio": 0.0603891172,
    "eps": 0.25,
    "epsdiluted": 0.25,
    "weightedAverageShsOut": 212116679,
    "weightedAverageShsOutDil": 216653968,
    "link": "https://www.sec.gov/Archives/edgar/data/746515/000119312509169086/0001193125-09-169086-index.htm",
    "finalLink": "https://www.sec.gov/Archives/edgar/data/746515/000119312509169086/d10q.htm"
  },
  {
    "date": "2009-03-31",
    "symbol": "EXPD",
    "reportedCurrency": "USD",
    "cik": "0000746515",
    "fillingDate": "2009-05-08",
    "acceptedDate": "2009-05-08 16:05:07",
    "calendarYear": "2009",
    "period": "Q1",
    "revenue": 912685000,
    "costOfRevenue": 557446000,
    "grossProfit": 355239000,
    "grossProfitRatio": 0.3892241025,
    "researchAndDevelopmentExpenses": 0,
    "generalAndAdministrativeExpenses": 187209000,
    "sellingAndMarketingExpenses": 6222000,
    "sellingGeneralAndAdministrativeExpenses": 193431000,
    "otherExpenses": 70334000,
    "operatingExpenses": 263765000,
    "costAndExpenses": 821211000,
    "interestIncome": 3606000,
    "interestExpense": 15000,
    "depreciationAndAmortization": 9958000,
    "ebitda": 109591000,
    "ebitdaratio": 0.120075382,
    "operatingIncome": 91474000,
    "operatingIncomeRatio": 0.1002251598,
    "totalOtherIncomeExpensesNet": 8144000,
    "incomeBeforeTax": 99618000,
    "incomeBeforeTaxRatio": 0.1091482823,
    "incomeTaxExpense": 40249000,
    "netIncome": 59260000,
    "netIncomeRatio": 0.064929302,
    "eps": 0.28,
    "epsdiluted": 0.27,
    "weightedAverageShsOut": 212100504,
    "weightedAverageShsOutDil": 216319959,
    "link": "https://www.sec.gov/Archives/edgar/data/746515/000119312509105344/0001193125-09-105344-index.htm",
    "finalLink": "https://www.sec.gov/Archives/edgar/data/746515/000119312509105344/d10q.htm"
  },
  {
    "date": "2008-12-31",
    "symbol": "EXPD",
    "reportedCurrency": "USD",
    "cik": "0000746515",
    "fillingDate": "2009-02-27",
    "acceptedDate": "2009-02-27 16:10:02",
    "calendarYear": "2008",
    "period": "Q4",
    "revenue": 1307389000,
    "costOfRevenue": 886462000,
    "grossProfit": 420927000,
    "grossProfitRatio": 0.3219600287,
    "researchAndDevelopmentExpenses": 0,
    "generalAndAdministrativeExpenses": 217687000,
    "sellingAndMarketingExpenses": 9649000,
    "sellingGeneralAndAdministrativeExpenses": 227336000,
    "otherExpenses": 74386000,
    "operatingExpenses": 301722000,
    "costAndExpenses": 1188184000,
    "interestIncome": 6193000,
    "interestExpense": 14000,
    "depreciationAndAmortization": 11571000,
    "ebitda": 139174000,
    "ebitdaratio": 0.106451867,
    "operatingIncome": 119205000,
    "operatingIncomeRatio": 0.0911779126,
    "totalOtherIncomeExpensesNet": 8384000,
    "incomeBeforeTax": 127589000,
    "incomeBeforeTaxRatio": 0.0975906941,
    "incomeTaxExpense": 48883000,
    "netIncome": 77728000,
    "netIncomeRatio": 0.0594528484,
    "eps": 0.37,
    "epsdiluted": 0.37,
    "weightedAverageShsOut": 211941524,
    "weightedAverageShsOutDil": 212747871,
    "link": "https://www.sec.gov/Archives/edgar/data/746515/000119312509040947/0001193125-09-040947-index.htm",
    "finalLink": "https://www.sec.gov/Archives/edgar/data/746515/000119312509040947/d10k.htm"
  },
  {
    "date": "2008-09-30",
    "symbol": "EXPD",
    "reportedCurrency": "USD",
    "cik": "0000746515",
    "fillingDate": "2008-11-07",
    "acceptedDate": "2008-11-07 17:22:57",
    "calendarYear": "2008",
    "period": "Q3",
    "revenue": 1564913000,
    "costOfRevenue": 1116057000,
    "grossProfit": 448856000,
    "grossProfitRatio": 0.2868248906,
    "researchAndDevelopmentExpenses": 0,
    "generalAndAdministrativeExpenses": 224809000,
    "sellingAndMarketingExpenses": 8881000,
    "sellingGeneralAndAdministrativeExpenses": 233690000,
    "otherExpenses": 79770000,
    "operatingExpenses": 313460000,
    "costAndExpenses": 1429517000,
    "interestIncome": 5005000,
    "interestExpense": 23000,
    "depreciationAndAmortization": 10222000,
    "ebitda": 152848000,
    "ebitdaratio": 0.0976718834,
    "operatingIncome": 135396000,
    "operatingIncomeRatio": 0.0865198257,
    "totalOtherIncomeExpensesNet": 7207000,
    "incomeBeforeTax": 142603000,
    "incomeBeforeTaxRatio": 0.0911251935,
    "incomeTaxExpense": 56457000,
    "netIncome": 85565000,
    "netIncomeRatio": 0.054677161,
    "eps": 0.4,
    "epsdiluted": 0.39,
    "weightedAverageShsOut": 212747871,
    "weightedAverageShsOutDil": 218729790,
    "link": "https://www.sec.gov/Archives/edgar/data/746515/000119312508230196/0001193125-08-230196-index.htm",
    "finalLink": "https://www.sec.gov/Archives/edgar/data/746515/000119312508230196/d10q.htm"
  },
  {
    "date": "2008-06-30",
    "symbol": "EXPD",
    "reportedCurrency": "USD",
    "cik": "0000746515",
    "fillingDate": "2008-08-08",
    "acceptedDate": "2008-08-08 16:01:49",
    "calendarYear": "2008",
    "period": "Q2",
    "revenue": 1454255000,
    "costOfRevenue": 1037556000,
    "grossProfit": 416699000,
    "grossProfitRatio": 0.2865377805,
    "researchAndDevelopmentExpenses": 0,
    "generalAndAdministrativeExpenses": 215535000,
    "sellingAndMarketingExpenses": 9744000,
    "sellingGeneralAndAdministrativeExpenses": 225279000,
    "otherExpenses": 78449000,
    "operatingExpenses": 303728000,
    "costAndExpenses": 1341284000,
    "interestIncome": 4915000,
    "interestExpense": 75000,
    "depreciationAndAmortization": 10056000,
    "ebitda": 127780000,
    "ebitdaratio": 0.0878662958,
    "operatingIncome": 112971000,
    "operatingIncomeRatio": 0.0776830748,
    "totalOtherIncomeExpensesNet": 4678000,
    "incomeBeforeTax": 117649000,
    "incomeBeforeTaxRatio": 0.0808998422,
    "incomeTaxExpense": 46043000,
    "netIncome": 71249000,
    "netIncomeRatio": 0.0489934709,
    "eps": 0.33,
    "epsdiluted": 0.32,
    "weightedAverageShsOut": 213275229,
    "weightedAverageShsOutDil": 220515987,
    "link": "https://www.sec.gov/Archives/edgar/data/746515/000110465908051351/0001104659-08-051351-index.htm",
    "finalLink": "https://www.sec.gov/Archives/edgar/data/746515/000110465908051351/a08-18626_110q.htm"
  },
  {
    "date": "2008-03-31",
    "symbol": "EXPD",
    "reportedCurrency": "USD",
    "cik": "0000746515",
    "fillingDate": "2008-05-09",
    "acceptedDate": "2008-05-09 16:25:58",
    "calendarYear": "2008",
    "period": "Q1",
    "revenue": 1307321000,
    "costOfRevenue": 913558000,
    "grossProfit": 393763000,
    "grossProfitRatio": 0.301198405,
    "researchAndDevelopmentExpenses": 0,
    "generalAndAdministrativeExpenses": 205815000,
    "sellingAndMarketingExpenses": 9504000,
    "sellingGeneralAndAdministrativeExpenses": 215319000,
    "otherExpenses": 72880000,
    "operatingExpenses": 288199000,
    "costAndExpenses": 1201757000,
    "interestIncome": 4964000,
    "interestExpense": 71000,
    "depreciationAndAmortization": 9772000,
    "ebitda": 121574000,
    "ebitdaratio": 0.092994758,
    "operatingIncome": 105564000,
    "operatingIncomeRatio": 0.0807483395,
    "totalOtherIncomeExpensesNet": 6167000,
    "incomeBeforeTax": 111731000,
    "incomeBeforeTaxRatio": 0.0854656201,
    "incomeTaxExpense": 45210000,
    "netIncome": 66472000,
    "netIncomeRatio": 0.0508459667,
    "eps": 0.31,
    "epsdiluted": 0.3,
    "weightedAverageShsOut": 213062231,
    "weightedAverageShsOutDil": 220437979,
    "link": "https://www.sec.gov/Archives/edgar/data/746515/000110465908031896/0001104659-08-031896-index.htm",
    "finalLink": "https://www.sec.gov/Archives/edgar/data/746515/000110465908031896/a08-11232_110q.htm"
  },
  {
    "date": "2007-12-31",
    "symbol": "EXPD",
    "reportedCurrency": "USD",
    "cik": "0000746515",
    "fillingDate": "2008-02-29",
    "acceptedDate": "2008-02-28 17:45:35",
    "calendarYear": "2007",
    "period": "Q4",
    "revenue": 1446582000,
    "costOfRevenue": 834034000,
    "grossProfit": 612548000,
    "grossProfitRatio": 0.4234450588,
    "researchAndDevelopmentExpenses": 0,
    "generalAndAdministrativeExpenses": 156357000,
    "sellingAndMarketingExpenses": 11168000,
    "sellingGeneralAndAdministrativeExpenses": 167525000,
    "otherExpenses": 337407000,
    "operatingExpenses": 504932000,
    "costAndExpenses": 1338966000,
    "interestIncome": 0,
    "interestExpense": 0,
    "depreciationAndAmortization": 11246000,
    "ebitda": 3075842000,
    "ebitdaratio": 2.1262825059,
    "operatingIncome": 107616000,
    "operatingIncomeRatio": 0.074393294,
    "totalOtherIncomeExpensesNet": 6387000,
    "incomeBeforeTax": 114003000,
    "incomeBeforeTaxRatio": 0.0788085293,
    "incomeTaxExpense": 43590000,
    "netIncome": 70057000,
    "netIncomeRatio": 0.048429332,
    "eps": 0.33,
    "epsdiluted": 0.33,
    "weightedAverageShsOut": 213093019,
    "weightedAverageShsOutDil": 213485465,
    "link": "https://www.sec.gov/Archives/edgar/data/746515/000110465908013877/0001104659-08-013877-index.htm",
    "finalLink": "https://www.sec.gov/Archives/edgar/data/746515/000110465908013877/a08-2452_110k.htm"
  },
  {
    "date": "2007-09-30",
    "symbol": "EXPD",
    "reportedCurrency": "USD",
    "cik": "0000746515",
    "fillingDate": "2007-11-09",
    "acceptedDate": "2007-11-09 14:21:41",
    "calendarYear": "2007",
    "period": "Q3",
    "revenue": 1411025000,
    "costOfRevenue": 1008464000,
    "grossProfit": 402561000,
    "grossProfitRatio": 0.2852968587,
    "researchAndDevelopmentExpenses": 0,
    "generalAndAdministrativeExpenses": 205206000,
    "sellingAndMarketingExpenses": 8890000,
    "sellingGeneralAndAdministrativeExpenses": 214096000,
    "otherExpenses": 68944000,
    "operatingExpenses": 283040000,
    "costAndExpenses": 1291504000,
    "interestIncome": 5586000,
    "interestExpense": 22000,
    "depreciationAndAmortization": 9690000,
    "ebitda": 135835000,
    "ebitdaratio": 0.0962668982,
    "operatingIncome": 119521000,
    "operatingIncomeRatio": 0.0847050903,
    "totalOtherIncomeExpensesNet": 6602000,
    "incomeBeforeTax": 126123000,
    "incomeBeforeTaxRatio": 0.0893839585,
    "incomeTaxExpense": 51750000,
    "netIncome": 74320000,
    "netIncomeRatio": 0.0526709307,
    "eps": 0.35,
    "epsdiluted": 0.34,
    "weightedAverageShsOut": 213485465,
    "weightedAverageShsOutDil": 221649693,
    "link": "https://www.sec.gov/Archives/edgar/data/746515/000110465907081689/0001104659-07-081689-index.htm",
    "finalLink": "https://www.sec.gov/Archives/edgar/data/746515/000110465907081689/a07-25458_110q.htm"
  },
  {
    "date": "2007-06-30",
    "symbol": "EXPD",
    "reportedCurrency": "USD",
    "cik": "0000746515",
    "fillingDate": "2007-08-09",
    "acceptedDate": "2007-08-09 15:46:52",
    "calendarYear": "2007",
    "period": "Q2",
    "revenue": 1258618000,
    "costOfRevenue": 888300000,
    "grossProfit": 370318000,
    "grossProfitRatio": 0.294225889,
    "researchAndDevelopmentExpenses": 0,
    "generalAndAdministrativeExpenses": 197393000,
    "sellingAndMarketingExpenses": 9581000,
    "sellingGeneralAndAdministrativeExpenses": 206974000,
    "otherExpenses": 61606000,
    "operatingExpenses": 268580000,
    "costAndExpenses": 1156880000,
    "interestIncome": 5531000,
    "interestExpense": 118000,
    "depreciationAndAmortization": 10275000,
    "ebitda": 119455000,
    "ebitdaratio": 0.0949096549,
    "operatingIncome": 101738000,
    "operatingIncomeRatio": 0.0808331042,
    "totalOtherIncomeExpensesNet": 7324000,
    "incomeBeforeTax": 109062000,
    "incomeBeforeTaxRatio": 0.0866521852,
    "incomeTaxExpense": 43315000,
    "netIncome": 65489000,
    "netIncomeRatio": 0.0520324674,
    "eps": 0.31,
    "epsdiluted": 0.3,
    "weightedAverageShsOut": 213251710,
    "weightedAverageShsOutDil": 221716414,
    "link": "https://www.sec.gov/Archives/edgar/data/746515/000110465907060862/0001104659-07-060862-index.htm",
    "finalLink": "https://www.sec.gov/Archives/edgar/data/746515/000110465907060862/a07-18758_110q.htm"
  },
  {
    "date": "2007-03-31",
    "symbol": "EXPD",
    "reportedCurrency": "USD",
    "cik": "0000746515",
    "fillingDate": "2007-05-10",
    "acceptedDate": "2007-05-10 15:59:22",
    "calendarYear": "2007",
    "period": "Q1",
    "revenue": 1118946000,
    "costOfRevenue": 818144000,
    "grossProfit": 300802000,
    "grossProfitRatio": 0.2688261989,
    "researchAndDevelopmentExpenses": 0,
    "generalAndAdministrativeExpenses": 182761000,
    "sellingAndMarketingExpenses": 9096000,
    "sellingGeneralAndAdministrativeExpenses": 191857000,
    "otherExpenses": 14420000,
    "operatingExpenses": 206277000,
    "costAndExpenses": 1024421000,
    "interestIncome": 0,
    "interestExpense": 0,
    "depreciationAndAmortization": 9575000,
    "ebitda": 104100000,
    "ebitdaratio": 0.0930339802,
    "operatingIncome": 94525000,
    "operatingIncomeRatio": 0.0844768202,
    "totalOtherIncomeExpensesNet": 5960000,
    "incomeBeforeTax": 100485000,
    "incomeBeforeTaxRatio": 0.0898032613,
    "incomeTaxExpense": 41160000,
    "netIncome": 59288000,
    "netIncomeRatio": 0.0529855775,
    "eps": 0.28,
    "epsdiluted": 0.27,
    "weightedAverageShsOut": 213428221,
    "weightedAverageShsOutDil": 222842546,
    "link": "https://www.sec.gov/Archives/edgar/data/746515/000110465907038273/0001104659-07-038273-index.htm",
    "finalLink": "https://www.sec.gov/Archives/edgar/data/746515/000110465907038273/a07-10700_110q.htm"
  },
  {
    "date": "2006-12-31",
    "symbol": "EXPD",
    "reportedCurrency": "USD",
    "cik": "0000746515",
    "fillingDate": "2007-03-01",
    "acceptedDate": "2007-03-01 15:01:40",
    "calendarYear": "2006",
    "period": "Q4",
    "revenue": 1242327000,
    "costOfRevenue": 772943000,
    "grossProfit": 469384000,
    "grossProfitRatio": 0.3778264499,
    "researchAndDevelopmentExpenses": 0,
    "generalAndAdministrativeExpenses": 660852000,
    "sellingAndMarketingExpenses": 9652000,
    "sellingGeneralAndAdministrativeExpenses": 670504000,
    "otherExpenses": -300775000,
    "operatingExpenses": 369729000,
    "costAndExpenses": 1142672000,
    "interestIncome": 0,
    "interestExpense": 0,
    "depreciationAndAmortization": 10797000,
    "ebitda": 2688648000,
    "ebitdaratio": 2.1642031446,
    "operatingIncome": 99655000,
    "operatingIncomeRatio": 0.0802164004,
    "totalOtherIncomeExpensesNet": 4814000,
    "incomeBeforeTax": 104469000,
    "incomeBeforeTaxRatio": 0.0840913866,
    "incomeTaxExpense": 40973000,
    "netIncome": 62610000,
    "netIncomeRatio": 0.0503973591,
    "eps": 0.29,
    "epsdiluted": 0.29,
    "weightedAverageShsOut": 213144640,
    "weightedAverageShsOutDil": 213524680,
    "link": "https://www.sec.gov/Archives/edgar/data/746515/000110465907015464/0001104659-07-015464-index.htm",
    "finalLink": "https://www.sec.gov/Archives/edgar/data/746515/000110465907015464/a07-5151_110k.htm"
  },
  {
    "date": "2006-09-30",
    "symbol": "EXPD",
    "reportedCurrency": "USD",
    "cik": "0000746515",
    "fillingDate": "2006-11-09",
    "acceptedDate": "2006-11-09 16:03:31",
    "calendarYear": "2006",
    "period": "Q3",
    "revenue": 1231660000,
    "costOfRevenue": 918139000,
    "grossProfit": 311584000,
    "grossProfitRatio": 0.2529789065,
    "researchAndDevelopmentExpenses": 0,
    "generalAndAdministrativeExpenses": 183995000,
    "sellingAndMarketingExpenses": 8484000,
    "sellingGeneralAndAdministrativeExpenses": 192479000,
    "otherExpenses": 19785000,
    "operatingExpenses": 212264000,
    "costAndExpenses": 1130403000,
    "interestIncome": 0,
    "interestExpense": 0,
    "depreciationAndAmortization": 9341000,
    "ebitda": 110598000,
    "ebitdaratio": 0.0897958852,
    "operatingIncome": 101257000,
    "operatingIncomeRatio": 0.0822118117,
    "totalOtherIncomeExpensesNet": 4975000,
    "incomeBeforeTax": 106232000,
    "incomeBeforeTaxRatio": 0.0862510758,
    "incomeTaxExpense": 47133000,
    "netIncome": 63803000,
    "netIncomeRatio": 0.0518024455,
    "eps": 0.3,
    "epsdiluted": 0.29,
    "weightedAverageShsOut": 213524680,
    "weightedAverageShsOutDil": 221417053,
    "link": "https://www.sec.gov/Archives/edgar/data/746515/000110465906073602/0001104659-06-073602-index.htm",
    "finalLink": "https://www.sec.gov/Archives/edgar/data/746515/000110465906073602/a06-21548_110q.htm"
  },
  {
    "date": "2006-06-30",
    "symbol": "EXPD",
    "reportedCurrency": "USD",
    "cik": "0000746515",
    "fillingDate": "2006-08-09",
    "acceptedDate": "2006-08-09 16:21:16",
    "calendarYear": "2006",
    "period": "Q2",
    "revenue": 1131441000,
    "costOfRevenue": 863857000,
    "grossProfit": 265467000,
    "grossProfitRatio": 0.2346273469,
    "researchAndDevelopmentExpenses": 0,
    "generalAndAdministrativeExpenses": 0,
    "sellingAndMarketingExpenses": 8957000,
    "sellingGeneralAndAdministrativeExpenses": 8957000,
    "otherExpenses": 169824000,
    "operatingExpenses": 178781000,
    "costAndExpenses": 1042638000,
    "interestIncome": 0,
    "interestExpense": 0,
    "depreciationAndAmortization": 8626000,
    "ebitda": 97429000,
    "ebitdaratio": 0.086110544,
    "operatingIncome": 88803000,
    "operatingIncomeRatio": 0.0784866378,
    "totalOtherIncomeExpensesNet": 4845000,
    "incomeBeforeTax": 93648000,
    "incomeBeforeTaxRatio": 0.0827687878,
    "incomeTaxExpense": 35503000,
    "netIncome": 56329000,
    "netIncomeRatio": 0.0497851854,
    "eps": 0.26,
    "epsdiluted": 0.25,
    "weightedAverageShsOut": 213725395,
    "weightedAverageShsOutDil": 224374720,
    "link": "https://www.sec.gov/Archives/edgar/data/746515/000110465906053149/0001104659-06-053149-index.htm",
    "finalLink": "https://www.sec.gov/Archives/edgar/data/746515/000110465906053149/a06-15195_110q.htm"
  },
  {
    "date": "2006-03-31",
    "symbol": "EXPD",
    "reportedCurrency": "USD",
    "cik": "0000746515",
    "fillingDate": "2006-05-10",
    "acceptedDate": "2006-05-10 15:22:34",
    "calendarYear": "2006",
    "period": "Q1",
    "revenue": 1026537000,
    "costOfRevenue": 775930000,
    "grossProfit": 248662000,
    "grossProfitRatio": 0.2422338406,
    "researchAndDevelopmentExpenses": 0,
    "generalAndAdministrativeExpenses": 0,
    "sellingAndMarketingExpenses": 7957000,
    "sellingGeneralAndAdministrativeExpenses": 7957000,
    "otherExpenses": 157249000,
    "operatingExpenses": 165206000,
    "costAndExpenses": 941136000,
    "interestIncome": 0,
    "interestExpense": 0,
    "depreciationAndAmortization": 8053000,
    "ebitda": 93454000,
    "ebitdaratio": 0.0910381214,
    "operatingIncome": 85401000,
    "operatingIncomeRatio": 0.0831932994,
    "totalOtherIncomeExpensesNet": 5914000,
    "incomeBeforeTax": 91315000,
    "incomeBeforeTaxRatio": 0.0889544166,
    "incomeTaxExpense": 37052000,
    "netIncome": 52352000,
    "netIncomeRatio": 0.0509986489,
    "eps": 0.25,
    "epsdiluted": 0.24,
    "weightedAverageShsOut": 213422478,
    "weightedAverageShsOutDil": 222560098,
    "link": "https://www.sec.gov/Archives/edgar/data/746515/000110465906033217/0001104659-06-033217-index.htm",
    "finalLink": "https://www.sec.gov/Archives/edgar/data/746515/000110465906033217/a06-9258_110q.htm"
  },
  {
    "date": "2005-12-31",
    "symbol": "EXPD",
    "reportedCurrency": "USD",
    "cik": "0000746515",
    "fillingDate": "2006-03-16",
    "acceptedDate": "2006-03-16 13:08:49",
    "calendarYear": "2005",
    "period": "Q4",
    "revenue": 1102176000,
    "costOfRevenue": 315137000,
    "grossProfit": 787039000,
    "grossProfitRatio": 0.714077425,
    "researchAndDevelopmentExpenses": 0,
    "generalAndAdministrativeExpenses": 111508000,
    "sellingAndMarketingExpenses": 8167000,
    "sellingGeneralAndAdministrativeExpenses": 119675000,
    "otherExpenses": 574516000,
    "operatingExpenses": 694191000,
    "costAndExpenses": 1009328000,
    "interestIncome": 0,
    "interestExpense": 0,
    "depreciationAndAmortization": 9528000,
    "ebitda": 2339141000,
    "ebitdaratio": 2.1222935357,
    "operatingIncome": 92848000,
    "operatingIncomeRatio": 0.0842406294,
    "totalOtherIncomeExpensesNet": 4578000,
    "incomeBeforeTax": 97426000,
    "incomeBeforeTaxRatio": 0.088394231,
    "incomeTaxExpense": 14495000,
    "netIncome": 80477000,
    "netIncomeRatio": 0.0730164692,
    "eps": 0.38,
    "epsdiluted": 0.38,
    "weightedAverageShsOut": 213471024,
    "weightedAverageShsOutDil": 213737374,
    "link": "https://www.sec.gov/Archives/edgar/data/746515/000110465906017206/0001104659-06-017206-index.htm",
    "finalLink": "https://www.sec.gov/Archives/edgar/data/746515/000110465906017206/a06-1907_110k.htm"
  },
  {
    "date": "2005-09-30",
    "symbol": "EXPD",
    "reportedCurrency": "USD",
    "cik": "0000746515",
    "fillingDate": "2005-11-08",
    "acceptedDate": "2005-11-08 17:22:18",
    "calendarYear": "2005",
    "period": "Q3",
    "revenue": 1046442000,
    "costOfRevenue": 792503000,
    "grossProfit": 253939000,
    "grossProfitRatio": 0.2426689678,
    "researchAndDevelopmentExpenses": 0,
    "generalAndAdministrativeExpenses": 13993000,
    "sellingAndMarketingExpenses": 7059000,
    "sellingGeneralAndAdministrativeExpenses": 21052000,
    "otherExpenses": 155451000,
    "operatingExpenses": 176503000,
    "costAndExpenses": 969006000,
    "interestIncome": 0,
    "interestExpense": 0,
    "depreciationAndAmortization": 7840000,
    "ebitda": -721220000,
    "ebitdaratio": -0.6892116333,
    "operatingIncome": 77436000,
    "operatingIncomeRatio": 0.0739993234,
    "totalOtherIncomeExpensesNet": 4372000,
    "incomeBeforeTax": 81808000,
    "incomeBeforeTaxRatio": 0.0781772903,
    "incomeTaxExpense": 31344000,
    "netIncome": 48404000,
    "netIncomeRatio": 0.0462557887,
    "eps": 0.23,
    "epsdiluted": 0.22,
    "weightedAverageShsOut": 213737374,
    "weightedAverageShsOutDil": 221334628,
    "link": "https://www.sec.gov/Archives/edgar/data/746515/000110465905053601/0001104659-05-053601-index.htm",
    "finalLink": "https://www.sec.gov/Archives/edgar/data/746515/000110465905053601/a05-17956_110q.htm"
  },
  {
    "date": "2005-06-30",
    "symbol": "EXPD",
    "reportedCurrency": "USD",
    "cik": "0000746515",
    "fillingDate": "2005-08-08",
    "acceptedDate": "2005-08-08 16:42:07",
    "calendarYear": "2005",
    "period": "Q2",
    "revenue": 927999000,
    "costOfRevenue": 722380000,
    "grossProfit": 205619000,
    "grossProfitRatio": 0.221572437,
    "researchAndDevelopmentExpenses": 0,
    "generalAndAdministrativeExpenses": 13457000,
    "sellingAndMarketingExpenses": 7120000,
    "sellingGeneralAndAdministrativeExpenses": 20577000,
    "otherExpenses": 126313000,
    "operatingExpenses": 146890000,
    "costAndExpenses": 869270000,
    "interestIncome": 0,
    "interestExpense": 0,
    "depreciationAndAmortization": 7603000,
    "ebitda": -669505000,
    "ebitdaratio": -0.7214501309,
    "operatingIncome": 58729000,
    "operatingIncomeRatio": 0.0632856285,
    "totalOtherIncomeExpensesNet": 3380000,
    "incomeBeforeTax": 62109000,
    "incomeBeforeTaxRatio": 0.0669278738,
    "incomeTaxExpense": 24083000,
    "netIncome": 36698000,
    "netIncomeRatio": 0.0395453012,
    "eps": 0.17,
    "epsdiluted": 0.17,
    "weightedAverageShsOut": 213552092,
    "weightedAverageShsOutDil": 220901114,
    "link": "https://www.sec.gov/Archives/edgar/data/746515/000110465905037287/0001104659-05-037287-index.htm",
    "finalLink": "https://www.sec.gov/Archives/edgar/data/746515/000110465905037287/a05-12573_110q.htm"
  },
  {
    "date": "2005-03-31",
    "symbol": "EXPD",
    "reportedCurrency": "USD",
    "cik": "0000746515",
    "fillingDate": "2005-05-10",
    "acceptedDate": "2005-05-10 16:22:33",
    "calendarYear": "2005",
    "period": "Q1",
    "revenue": 825164000,
    "costOfRevenue": 640688000,
    "grossProfit": 184476000,
    "grossProfitRatio": 0.2235628311,
    "researchAndDevelopmentExpenses": 0,
    "generalAndAdministrativeExpenses": 13748000,
    "sellingAndMarketingExpenses": 7546000,
    "sellingGeneralAndAdministrativeExpenses": 21294000,
    "otherExpenses": 112733000,
    "operatingExpenses": 134027000,
    "costAndExpenses": 774715000,
    "interestIncome": 0,
    "interestExpense": 0,
    "depreciationAndAmortization": 7339000,
    "ebitda": -596648000,
    "ebitdaratio": -0.7230659602,
    "operatingIncome": 50449000,
    "operatingIncomeRatio": 0.0611381495,
    "totalOtherIncomeExpensesNet": 3314000,
    "incomeBeforeTax": 53763000,
    "incomeBeforeTaxRatio": 0.0651543208,
    "incomeTaxExpense": 21839000,
    "netIncome": 30870000,
    "netIncomeRatio": 0.037410745,
    "eps": 0.14,
    "epsdiluted": 0.14,
    "weightedAverageShsOut": 213456836,
    "weightedAverageShsOutDil": 222715998,
    "link": "https://www.sec.gov/Archives/edgar/data/746515/000110465905022214/0001104659-05-022214-index.htm",
    "finalLink": "https://www.sec.gov/Archives/edgar/data/746515/000110465905022214/a05-7798_110q.htm"
  },
  {
    "date": "2004-12-31",
    "symbol": "EXPD",
    "reportedCurrency": "USD",
    "cik": "0000746515",
    "fillingDate": "2005-03-16",
    "acceptedDate": "2005-03-16 16:05:09",
    "calendarYear": "2004",
    "period": "Q4",
    "revenue": 934795000,
    "costOfRevenue": 741114000,
    "grossProfit": 193681000,
    "grossProfitRatio": 0.2071908814,
    "researchAndDevelopmentExpenses": 0,
    "generalAndAdministrativeExpenses": 139191000,
    "sellingAndMarketingExpenses": 7860000,
    "sellingGeneralAndAdministrativeExpenses": 147051000,
    "otherExpenses": -19941000,
    "operatingExpenses": 127110000,
    "costAndExpenses": 868224000,
    "interestIncome": 0,
    "interestExpense": 0,
    "depreciationAndAmortization": 7145000,
    "ebitda": -680941000,
    "ebitdaratio": -0.7284388556,
    "operatingIncome": 66571000,
    "operatingIncomeRatio": 0.0712145444,
    "totalOtherIncomeExpensesNet": 2544000,
    "incomeBeforeTax": 69115000,
    "incomeBeforeTaxRatio": 0.0739359967,
    "incomeTaxExpense": 24195000,
    "netIncome": 43563000,
    "netIncomeRatio": 0.0466016613,
    "eps": 0.2,
    "epsdiluted": 0.2,
    "weightedAverageShsOut": 212510586,
    "weightedAverageShsOutDil": 212510586,
    "link": "https://www.sec.gov/Archives/edgar/data/746515/000110465905011481/0001104659-05-011481-index.htm",
    "finalLink": "https://www.sec.gov/Archives/edgar/data/746515/000110465905011481/a05-1820_110k.htm"
  },
  {
    "date": "2004-09-30",
    "symbol": "EXPD",
    "reportedCurrency": "USD",
    "cik": "0000746515",
    "fillingDate": "2004-11-08",
    "acceptedDate": "2004-11-08 17:11:41",
    "calendarYear": "2004",
    "period": "Q3",
    "revenue": 897188000,
    "costOfRevenue": 691449000,
    "grossProfit": 205739000,
    "grossProfitRatio": 0.229315372,
    "researchAndDevelopmentExpenses": 0,
    "generalAndAdministrativeExpenses": 124744000,
    "sellingAndMarketingExpenses": 6769000,
    "sellingGeneralAndAdministrativeExpenses": 131513000,
    "otherExpenses": 6806000,
    "operatingExpenses": 138319000,
    "costAndExpenses": 829768000,
    "interestIncome": 0,
    "interestExpense": 0,
    "depreciationAndAmortization": 6806000,
    "ebitda": -617223000,
    "ebitdaratio": -0.6879528036,
    "operatingIncome": 67420000,
    "operatingIncomeRatio": 0.0751459003,
    "totalOtherIncomeExpensesNet": 1954000,
    "incomeBeforeTax": 69374000,
    "incomeBeforeTaxRatio": 0.0773238162,
    "incomeTaxExpense": 24688000,
    "netIncome": 43107000,
    "netIncomeRatio": 0.0480467862,
    "eps": 0.21,
    "epsdiluted": 0.2,
    "weightedAverageShsOut": 212510586,
    "weightedAverageShsOutDil": 222412336,
    "link": "https://www.sec.gov/Archives/edgar/data/746515/000110465904034340/0001104659-04-034340-index.htm",
    "finalLink": "https://www.sec.gov/Archives/edgar/data/746515/000110465904034340/a04-12447_110q.htm"
  },
  {
    "date": "2004-06-30",
    "symbol": "EXPD",
    "reportedCurrency": "USD",
    "cik": "0000746515",
    "fillingDate": "2004-08-06",
    "acceptedDate": "2004-08-06 17:06:46",
    "calendarYear": "2004",
    "period": "Q2",
    "revenue": 798666000,
    "costOfRevenue": 621502000,
    "grossProfit": 177164000,
    "grossProfitRatio": 0.221824893,
    "researchAndDevelopmentExpenses": 0,
    "generalAndAdministrativeExpenses": 117931000,
    "sellingAndMarketingExpenses": 7109000,
    "sellingGeneralAndAdministrativeExpenses": 125040000,
    "otherExpenses": -6122000,
    "operatingExpenses": 118918000,
    "costAndExpenses": 740420000,
    "interestIncome": 0,
    "interestExpense": 0,
    "depreciationAndAmortization": 6493000,
    "ebitda": 64739000,
    "ebitdaratio": 0.0810589157,
    "operatingIncome": 58246000,
    "operatingIncomeRatio": 0.0729291093,
    "totalOtherIncomeExpensesNet": 1879000,
    "incomeBeforeTax": 60125000,
    "incomeBeforeTaxRatio": 0.0752817824,
    "incomeTaxExpense": 21372000,
    "netIncome": 37612000,
    "netIncomeRatio": 0.0470935285,
    "eps": 0.18,
    "epsdiluted": 0.17,
    "weightedAverageShsOut": 211194826,
    "weightedAverageShsOutDil": 221312386,
    "link": "https://www.sec.gov/Archives/edgar/data/746515/000110465904023047/0001104659-04-023047-index.htm",
    "finalLink": "https://www.sec.gov/Archives/edgar/data/746515/000110465904023047/a04-8906_110q.htm"
  },
  {
    "date": "2004-03-31",
    "symbol": "EXPD",
    "reportedCurrency": "USD",
    "cik": "0000746515",
    "fillingDate": "2004-05-10",
    "acceptedDate": "2004-05-10 13:56:59",
    "calendarYear": "2004",
    "period": "Q1",
    "revenue": 686850000,
    "costOfRevenue": 526983000,
    "grossProfit": 159867000,
    "grossProfitRatio": 0.2327538764,
    "researchAndDevelopmentExpenses": 0,
    "generalAndAdministrativeExpenses": 111041000,
    "sellingAndMarketingExpenses": 6510000,
    "sellingGeneralAndAdministrativeExpenses": 117551000,
    "otherExpenses": -6492000,
    "operatingExpenses": 111059000,
    "costAndExpenses": 638042000,
    "interestIncome": 0,
    "interestExpense": 0,
    "depreciationAndAmortization": 6259000,
    "ebitda": 55067000,
    "ebitdaratio": 0.0801732547,
    "operatingIncome": 48808000,
    "operatingIncomeRatio": 0.0710606391,
    "totalOtherIncomeExpensesNet": 2158000,
    "incomeBeforeTax": 50966000,
    "incomeBeforeTaxRatio": 0.0742025187,
    "incomeTaxExpense": 18160000,
    "netIncome": 31844000,
    "netIncomeRatio": 0.046362379,
    "eps": 0.15,
    "epsdiluted": 0.14,
    "weightedAverageShsOut": 210262228,
    "weightedAverageShsOutDil": 219226088,
    "link": "https://www.sec.gov/Archives/edgar/data/746515/000110465904013477/0001104659-04-013477-index.htm",
    "finalLink": "https://www.sec.gov/Archives/edgar/data/746515/000110465904013477/a04-5302_110q.htm"
  },
  {
    "date": "2003-12-31",
    "symbol": "EXPD",
    "reportedCurrency": "USD",
    "cik": "0000746515",
    "fillingDate": "2004-03-15",
    "acceptedDate": "2004-03-15 15:20:14",
    "calendarYear": "2003",
    "period": "Q4",
    "revenue": 731413000,
    "costOfRevenue": 567668000,
    "grossProfit": 163745000,
    "grossProfitRatio": 0.2238748833,
    "researchAndDevelopmentExpenses": 0,
    "generalAndAdministrativeExpenses": 115770000,
    "sellingAndMarketingExpenses": 7073000,
    "sellingGeneralAndAdministrativeExpenses": 122843000,
    "otherExpenses": -17646000,
    "operatingExpenses": 105197000,
    "costAndExpenses": 672865000,
    "interestIncome": 0,
    "interestExpense": 0,
    "depreciationAndAmortization": 6600000,
    "ebitda": -514643000,
    "ebitdaratio": -0.7036284562,
    "operatingIncome": 58548000,
    "operatingIncomeRatio": 0.0800477979,
    "totalOtherIncomeExpensesNet": 3366000,
    "incomeBeforeTax": 61914000,
    "incomeBeforeTaxRatio": 0.084649849,
    "incomeTaxExpense": 23001000,
    "netIncome": 36365000,
    "netIncomeRatio": 0.0497188319,
    "eps": 0.17,
    "epsdiluted": 0.17,
    "weightedAverageShsOut": 210049228,
    "weightedAverageShsOutDil": 210084420,
    "link": "https://www.sec.gov/Archives/edgar/data/746515/000110465904007431/0001104659-04-007431-index.htm",
    "finalLink": "https://www.sec.gov/Archives/edgar/data/746515/000110465904007431/a04-3231_110k.htm"
  },
  {
    "date": "2003-09-30",
    "symbol": "EXPD",
    "reportedCurrency": "USD",
    "cik": "0000746515",
    "fillingDate": "2003-11-13",
    "acceptedDate": "2003-11-13 15:29:40",
    "calendarYear": "2003",
    "period": "Q3",
    "revenue": 711469000,
    "costOfRevenue": 559461000,
    "grossProfit": 152008000,
    "grossProfitRatio": 0.2136537221,
    "researchAndDevelopmentExpenses": 0,
    "generalAndAdministrativeExpenses": 103274000,
    "sellingAndMarketingExpenses": 5784000,
    "sellingGeneralAndAdministrativeExpenses": 109058000,
    "otherExpenses": -6430000,
    "operatingExpenses": 102628000,
    "costAndExpenses": 662089000,
    "interestIncome": 0,
    "interestExpense": 0,
    "depreciationAndAmortization": 6090000,
    "ebitda": 55470000,
    "ebitdaratio": 0.077965449,
    "operatingIncome": 49380000,
    "operatingIncomeRatio": 0.0694056944,
    "totalOtherIncomeExpensesNet": 1919000,
    "incomeBeforeTax": 51299000,
    "incomeBeforeTaxRatio": 0.0721029307,
    "incomeTaxExpense": 18311000,
    "netIncome": 32558000,
    "netIncomeRatio": 0.0457616565,
    "eps": 0.16,
    "epsdiluted": 0.15,
    "weightedAverageShsOut": 210084420,
    "weightedAverageShsOutDil": 218381860,
    "link": "https://www.sec.gov/Archives/edgar/data/746515/000110465903026190/0001104659-03-026190-index.htm",
    "finalLink": "https://www.sec.gov/Archives/edgar/data/746515/000110465903026190/a03-4898_110q.htm"
  },
  {
    "date": "2003-06-30",
    "symbol": "EXPD",
    "reportedCurrency": "USD",
    "cik": "0000746515",
    "fillingDate": "2003-08-14",
    "acceptedDate": "2003-08-14 13:08:48",
    "calendarYear": "2003",
    "period": "Q2",
    "revenue": 625713000,
    "costOfRevenue": 486601000,
    "grossProfit": 139112000,
    "grossProfitRatio": 0.222325571,
    "researchAndDevelopmentExpenses": 0,
    "generalAndAdministrativeExpenses": 109476000,
    "sellingAndMarketingExpenses": 5332000,
    "sellingGeneralAndAdministrativeExpenses": 114808000,
    "otherExpenses": -17001000,
    "operatingExpenses": 97807000,
    "costAndExpenses": 584408000,
    "interestIncome": 0,
    "interestExpense": 0,
    "depreciationAndAmortization": 5923000,
    "ebitda": -450835000,
    "ebitdaratio": -0.7205140376,
    "operatingIncome": 41305000,
    "operatingIncomeRatio": 0.0660126927,
    "totalOtherIncomeExpensesNet": 2774000,
    "incomeBeforeTax": 44079000,
    "incomeBeforeTaxRatio": 0.0704460352,
    "incomeTaxExpense": 15698000,
    "netIncome": 27910000,
    "netIncomeRatio": 0.0446051145,
    "eps": 0.14,
    "epsdiluted": 0.13,
    "weightedAverageShsOut": 209081788,
    "weightedAverageShsOutDil": 217956362,
    "link": "https://www.sec.gov/Archives/edgar/data/746515/000110465903018547/0001104659-03-018547-index.htm",
    "finalLink": "https://www.sec.gov/Archives/edgar/data/746515/000110465903018547/a03-1818_110q.htm"
  },
  {
    "date": "2003-03-31",
    "symbol": "EXPD",
    "reportedCurrency": "USD",
    "cik": "0000746515",
    "fillingDate": "2003-05-15",
    "acceptedDate": "2003-05-15 15:07:47",
    "calendarYear": "2003",
    "period": "Q1",
    "revenue": 556346000,
    "costOfRevenue": 408310000,
    "grossProfit": 148036000,
    "grossProfitRatio": 0.2660862125,
    "researchAndDevelopmentExpenses": 0,
    "generalAndAdministrativeExpenses": 104535000,
    "sellingAndMarketingExpenses": 5307000,
    "sellingGeneralAndAdministrativeExpenses": 109842000,
    "otherExpenses": 665000,
    "operatingExpenses": 110507000,
    "costAndExpenses": 518817000,
    "interestIncome": 0,
    "interestExpense": 0,
    "depreciationAndAmortization": 5779000,
    "ebitda": -375997000,
    "ebitdaratio": -0.6758330248,
    "operatingIncome": 37529000,
    "operatingIncomeRatio": 0.0674562233,
    "totalOtherIncomeExpensesNet": 1992000,
    "incomeBeforeTax": 39521000,
    "incomeBeforeTaxRatio": 0.0710367289,
    "incomeTaxExpense": 14132000,
    "netIncome": 25119000,
    "netIncomeRatio": 0.0451499606,
    "eps": 0.12,
    "epsdiluted": 0.12,
    "weightedAverageShsOut": 208636656,
    "weightedAverageShsOutDil": 217448978,
    "link": "https://www.sec.gov/Archives/edgar/data/746515/000110465903010322/0001104659-03-010322-index.htm",
    "finalLink": "https://www.sec.gov/Archives/edgar/data/746515/000110465903010322/j0863_10q.htm"
  },
  {
    "date": "2002-12-31",
    "symbol": "EXPD",
    "reportedCurrency": "USD",
    "cik": "0000746515",
    "fillingDate": "2003-03-28",
    "acceptedDate": "2003-03-27 19:31:11",
    "calendarYear": "2002",
    "period": "Q4",
    "revenue": 691213000,
    "costOfRevenue": 532518000,
    "grossProfit": 158695000,
    "grossProfitRatio": 0.2295891426,
    "researchAndDevelopmentExpenses": 0,
    "generalAndAdministrativeExpenses": 113884000,
    "sellingAndMarketingExpenses": 5642000,
    "sellingGeneralAndAdministrativeExpenses": 119526000,
    "otherExpenses": -15788000,
    "operatingExpenses": 103738000,
    "costAndExpenses": 636256000,
    "interestIncome": 0,
    "interestExpense": 0,
    "depreciationAndAmortization": 5658000,
    "ebitda": -482626000,
    "ebitdaratio": -0.698230502,
    "operatingIncome": 54957000,
    "operatingIncomeRatio": 0.0795080532,
    "totalOtherIncomeExpensesNet": 1411000,
    "incomeBeforeTax": 56368000,
    "incomeBeforeTaxRatio": 0.0815493922,
    "incomeTaxExpense": 20372000,
    "netIncome": 35996000,
    "netIncomeRatio": 0.0520765668,
    "eps": 0.17,
    "epsdiluted": 0.17,
    "weightedAverageShsOut": 208286076,
    "weightedAverageShsOutDil": 208466368,
    "link": "https://www.sec.gov/Archives/edgar/data/746515/000110465903005167/0001104659-03-005167-index.htm",
    "finalLink": "https://www.sec.gov/Archives/edgar/data/746515/000110465903005167/j8814_10k.htm"
  },
  {
    "date": "2002-09-30",
    "symbol": "EXPD",
    "reportedCurrency": "USD",
    "cik": "0000746515",
    "fillingDate": "2002-11-14",
    "acceptedDate": "2002-11-14 18:43:39",
    "calendarYear": "2002",
    "period": "Q3",
    "revenue": 620394000,
    "costOfRevenue": 480672000,
    "grossProfit": 139722000,
    "grossProfitRatio": 0.2252149441,
    "researchAndDevelopmentExpenses": 0,
    "generalAndAdministrativeExpenses": 102274000,
    "sellingAndMarketingExpenses": 4858000,
    "sellingGeneralAndAdministrativeExpenses": 107132000,
    "otherExpenses": -14731000,
    "operatingExpenses": 92401000,
    "costAndExpenses": 573073000,
    "interestIncome": 0,
    "interestExpense": 0,
    "depreciationAndAmortization": 28479000,
    "ebitda": -415065000,
    "ebitdaratio": -0.6690345168,
    "operatingIncome": 47321000,
    "operatingIncomeRatio": 0.0762757216,
    "totalOtherIncomeExpensesNet": 1380000,
    "incomeBeforeTax": 48701000,
    "incomeBeforeTaxRatio": 0.0785001144,
    "incomeTaxExpense": 18082000,
    "netIncome": 30619000,
    "netIncomeRatio": 0.0493541201,
    "eps": 0.14,
    "epsdiluted": 0.14,
    "weightedAverageShsOut": 208466368,
    "weightedAverageShsOutDil": 217131650,
    "link": "https://www.sec.gov/Archives/edgar/data/746515/000110465902006358/0001104659-02-006358-index.htm",
    "finalLink": "https://www.sec.gov/Archives/edgar/data/746515/000110465902006358/j5464_10q.htm"
  },
  {
    "date": "2002-06-30",
    "symbol": "EXPD",
    "reportedCurrency": "USD",
    "cik": "0000746515",
    "fillingDate": "2002-08-14",
    "acceptedDate": "2002-08-14 14:08:48",
    "calendarYear": "2002",
    "period": "Q2",
    "revenue": 535756000,
    "costOfRevenue": 415539000,
    "grossProfit": 120217000,
    "grossProfitRatio": 0.2243875944,
    "researchAndDevelopmentExpenses": 0,
    "generalAndAdministrativeExpenses": 15033000,
    "sellingAndMarketingExpenses": 0,
    "sellingGeneralAndAdministrativeExpenses": 15033000,
    "otherExpenses": 69099000,
    "operatingExpenses": 84132000,
    "costAndExpenses": 499671000,
    "interestIncome": 0,
    "interestExpense": 0,
    "depreciationAndAmortization": -5751000,
    "ebitda": -290005000,
    "ebitdaratio": -0.5413005174,
    "operatingIncome": 36085000,
    "operatingIncomeRatio": 0.0673534221,
    "totalOtherIncomeExpensesNet": 1555000,
    "incomeBeforeTax": 37640000,
    "incomeBeforeTaxRatio": 0.0702558627,
    "incomeTaxExpense": 13956000,
    "netIncome": 23684000,
    "netIncomeRatio": 0.0442066911,
    "eps": 0.11,
    "epsdiluted": 0.11,
    "weightedAverageShsOut": 208392688,
    "weightedAverageShsOutDil": 218307165,
    "link": "https://www.sec.gov/Archives/edgar/data/746515/000110465902004040/0001104659-02-004040-index.htm",
    "finalLink": "https://www.sec.gov/Archives/edgar/data/746515/000110465902004040/j4455_10q.htm"
  },
  {
    "date": "2002-03-31",
    "symbol": "EXPD",
    "reportedCurrency": "USD",
    "cik": "0000746515",
    "fillingDate": "2002-05-15",
    "acceptedDate": "2002-05-15 16:22:12",
    "calendarYear": "2002",
    "period": "Q1",
    "revenue": 449540000,
    "costOfRevenue": 322284000,
    "grossProfit": 127256000,
    "grossProfitRatio": 0.2830804823,
    "researchAndDevelopmentExpenses": 0,
    "generalAndAdministrativeExpenses": 14163000,
    "sellingAndMarketingExpenses": 0,
    "sellingGeneralAndAdministrativeExpenses": 14163000,
    "otherExpenses": 80447000,
    "operatingExpenses": 94610000,
    "costAndExpenses": 416894000,
    "interestIncome": 0,
    "interestExpense": 0,
    "depreciationAndAmortization": -5661000,
    "ebitda": -189741000,
    "ebitdaratio": -0.4220781243,
    "operatingIncome": 32646000,
    "operatingIncomeRatio": 0.0726209014,
    "totalOtherIncomeExpensesNet": 2635000,
    "incomeBeforeTax": 35281000,
    "incomeBeforeTaxRatio": 0.0784824487,
    "incomeTaxExpense": 13051000,
    "netIncome": 22230000,
    "netIncomeRatio": 0.0494505495,
    "eps": 0.11,
    "epsdiluted": 0.1,
    "weightedAverageShsOut": 208392688,
    "weightedAverageShsOutDil": 218307165,
    "link": "https://www.sec.gov/Archives/edgar/data/746515/000110465902002564/0001104659-02-002564-index.htm",
    "finalLink": "https://www.sec.gov/Archives/edgar/data/746515/000110465902002564/j3672_10q.htm"
  },
  {
    "date": "2001-12-31",
    "symbol": "EXPD",
    "reportedCurrency": "USD",
    "cik": "0000746515",
    "fillingDate": "2002-04-01",
    "acceptedDate": "2002-04-01 00:00:00",
    "calendarYear": "2001",
    "period": "Q4",
    "revenue": 429585000,
    "costOfRevenue": 304576000,
    "grossProfit": 125009000,
    "grossProfitRatio": 0.290999453,
    "researchAndDevelopmentExpenses": 0,
    "generalAndAdministrativeExpenses": 92838000,
    "sellingAndMarketingExpenses": 4710000,
    "sellingGeneralAndAdministrativeExpenses": 97548000,
    "otherExpenses": -13209000,
    "operatingExpenses": 84339000,
    "costAndExpenses": 388915000,
    "interestIncome": 0,
    "interestExpense": 0,
    "depreciationAndAmortization": 5801000,
    "ebitda": -267610000,
    "ebitdaratio": -0.6229500564,
    "operatingIncome": 40670000,
    "operatingIncomeRatio": 0.0946727656,
    "totalOtherIncomeExpensesNet": 1231000,
    "incomeBeforeTax": 41901000,
    "incomeBeforeTaxRatio": 0.0975383219,
    "incomeTaxExpense": 14784000,
    "netIncome": 27117000,
    "netIncomeRatio": 0.0631237124,
    "eps": 0.13,
    "epsdiluted": 0.13,
    "weightedAverageShsOut": 206447416,
    "weightedAverageShsOutDil": 210513436,
    "link": "https://www.sec.gov/Archives/edgar/data/746515/000110465902001275/0001104659-02-001275-index.htm",
    "finalLink": "https://www.sec.gov/Archives/edgar/data/746515/000110465902001275/j3135_10k.htm"
  },
  {
    "date": "2001-09-30",
    "symbol": "EXPD",
    "reportedCurrency": "USD",
    "cik": "0000746515",
    "fillingDate": "2001-11-14",
    "acceptedDate": "2001-11-14 00:00:00",
    "calendarYear": "2001",
    "period": "Q3",
    "revenue": 489279000,
    "costOfRevenue": 363094000,
    "grossProfit": 126185000,
    "grossProfitRatio": 0.2578998894,
    "researchAndDevelopmentExpenses": 0,
    "generalAndAdministrativeExpenses": 13649000,
    "sellingAndMarketingExpenses": 0,
    "sellingGeneralAndAdministrativeExpenses": 13649000,
    "otherExpenses": 70402000,
    "operatingExpenses": 84051000,
    "costAndExpenses": 447145000,
    "interestIncome": 0,
    "interestExpense": 0,
    "depreciationAndAmortization": -5830000,
    "ebitda": -232410000,
    "ebitdaratio": -0.4750050585,
    "operatingIncome": 42134000,
    "operatingIncomeRatio": 0.0861144664,
    "totalOtherIncomeExpensesNet": 1729000,
    "incomeBeforeTax": 43863000,
    "incomeBeforeTaxRatio": 0.0896482375,
    "incomeTaxExpense": 16494000,
    "netIncome": 27369000,
    "netIncomeRatio": 0.0559374099,
    "eps": 0.0325,
    "epsdiluted": 0.0313,
    "weightedAverageShsOut": 842053744,
    "weightedAverageShsOutDil": 883403920,
    "link": "https://www.sec.gov/Archives/edgar/data/746515/000110465901503293/0001104659-01-503293-index.htm",
    "finalLink": "https://www.sec.gov/Archives/edgar/data/746515/000110465901503293/j2206_10q.htm"
  },
  {
    "date": "2001-06-30",
    "symbol": "EXPD",
    "reportedCurrency": "USD",
    "cik": "0000746515",
    "fillingDate": "2001-08-14",
    "acceptedDate": "2001-08-14 00:00:00",
    "calendarYear": "2001",
    "period": "Q2",
    "revenue": 445513000,
    "costOfRevenue": 330602000,
    "grossProfit": 114911000,
    "grossProfitRatio": 0.2579296227,
    "researchAndDevelopmentExpenses": 0,
    "generalAndAdministrativeExpenses": 14282000,
    "sellingAndMarketingExpenses": 0,
    "sellingGeneralAndAdministrativeExpenses": 14282000,
    "otherExpenses": 68416000,
    "operatingExpenses": 82698000,
    "costAndExpenses": 413300000,
    "interestIncome": 0,
    "interestExpense": 0,
    "depreciationAndAmortization": -17861000,
    "ebitda": -212463000,
    "ebitdaratio": -0.4768951748,
    "operatingIncome": 32213000,
    "operatingIncomeRatio": 0.0723054097,
    "totalOtherIncomeExpensesNet": 2358000,
    "incomeBeforeTax": 34571000,
    "incomeBeforeTaxRatio": 0.0775981846,
    "incomeTaxExpense": 12972000,
    "netIncome": 21599000,
    "netIncomeRatio": 0.0484811891,
    "eps": 0.0256,
    "epsdiluted": 0.0244,
    "weightedAverageShsOut": 836898576,
    "weightedAverageShsOutDil": 884584096,
    "link": "https://www.sec.gov/Archives/edgar/data/746515/000110465901501830/0001104659-01-501830-index.htm",
    "finalLink": "https://www.sec.gov/Archives/edgar/data/746515/000110465901501830/j1253_10q.htm"
  },
  {
    "date": "2001-03-31",
    "symbol": "EXPD",
    "reportedCurrency": "USD",
    "cik": "0000746515",
    "fillingDate": "2001-05-15",
    "acceptedDate": "2001-05-15 00:00:00",
    "calendarYear": "2001",
    "period": "Q1",
    "revenue": 405281000,
    "costOfRevenue": 289411000,
    "grossProfit": 115870000,
    "grossProfitRatio": 0.2859004,
    "researchAndDevelopmentExpenses": 0,
    "generalAndAdministrativeExpenses": 88491000,
    "sellingAndMarketingExpenses": 5351000,
    "sellingGeneralAndAdministrativeExpenses": 93842000,
    "otherExpenses": -8972000,
    "operatingExpenses": 84870000,
    "costAndExpenses": 374281000,
    "interestIncome": 0,
    "interestExpense": 0,
    "depreciationAndAmortization": 5948000,
    "ebitda": -259923000,
    "ebitdaratio": -0.6413402059,
    "operatingIncome": 31000000,
    "operatingIncomeRatio": 0.0764901389,
    "totalOtherIncomeExpensesNet": 2959000,
    "incomeBeforeTax": 33959000,
    "incomeBeforeTaxRatio": 0.0837912461,
    "incomeTaxExpense": 12801000,
    "netIncome": 21158000,
    "netIncomeRatio": 0.0522057535,
    "eps": 0.0255,
    "epsdiluted": 0.024,
    "weightedAverageShsOut": 829625064,
    "weightedAverageShsOutDil": 881051232,
    "link": "https://www.sec.gov/Archives/edgar/data/746515/000110465901500717/0001104659-01-500717-index.htm",
    "finalLink": "https://www.sec.gov/Archives/edgar/data/746515/000110465901500717/j0445_10q.htm"
  },
  {
    "date": "2000-12-31",
    "symbol": "EXPD",
    "reportedCurrency": "USD",
    "cik": "0000746515",
    "fillingDate": "2001-04-02",
    "acceptedDate": "2001-04-02 00:00:00",
    "calendarYear": "2000",
    "period": "Q4",
    "revenue": 466278000,
    "costOfRevenue": 343401000,
    "grossProfit": 122877000,
    "grossProfitRatio": 0.2635273378,
    "researchAndDevelopmentExpenses": 0,
    "generalAndAdministrativeExpenses": 82826000,
    "sellingAndMarketingExpenses": 5830000,
    "sellingGeneralAndAdministrativeExpenses": 88656000,
    "otherExpenses": -4997000,
    "operatingExpenses": 83659000,
    "costAndExpenses": 427060000,
    "interestIncome": 0,
    "interestExpense": 0,
    "depreciationAndAmortization": 5723000,
    "ebitda": -303820000,
    "ebitdaratio": -0.6515855348,
    "operatingIncome": 39218000,
    "operatingIncomeRatio": 0.0841086219,
    "totalOtherIncomeExpensesNet": 2441000,
    "incomeBeforeTax": 41659000,
    "incomeBeforeTaxRatio": 0.0893436962,
    "incomeTaxExpense": 15721000,
    "netIncome": 25938000,
    "netIncomeRatio": 0.0556277585,
    "eps": 0.0313,
    "epsdiluted": 0.0294,
    "weightedAverageShsOut": 829625064,
    "weightedAverageShsOutDil": 881051232,
    "link": "https://www.sec.gov/Archives/edgar/data/746515/000091205701506328/0000912057-01-506328-index.htm",
    "finalLink": "https://www.sec.gov/Archives/edgar/data/746515/000091205701506328/a2042753z10-k.htm"
  },
  {
    "date": "2000-09-30",
    "symbol": "EXPD",
    "reportedCurrency": "USD",
    "cik": "0000746515",
    "fillingDate": "2000-11-14",
    "acceptedDate": "2000-11-14 00:00:00",
    "calendarYear": "2000",
    "period": "Q3",
    "revenue": 475363000,
    "costOfRevenue": 352341000,
    "grossProfit": 123022000,
    "grossProfitRatio": 0.2587959097,
    "researchAndDevelopmentExpenses": 0,
    "generalAndAdministrativeExpenses": 9748000,
    "sellingAndMarketingExpenses": 0,
    "sellingGeneralAndAdministrativeExpenses": 9748000,
    "otherExpenses": 73607000,
    "operatingExpenses": 83355000,
    "costAndExpenses": 435696000,
    "interestIncome": 0,
    "interestExpense": 0,
    "depreciationAndAmortization": -5620000,
    "ebitda": -229623000,
    "ebitdaratio": -0.483047692,
    "operatingIncome": 39667000,
    "operatingIncomeRatio": 0.0834457036,
    "totalOtherIncomeExpensesNet": 1599000,
    "incomeBeforeTax": 41266000,
    "incomeBeforeTaxRatio": 0.0868094488,
    "incomeTaxExpense": 15624000,
    "netIncome": 25642000,
    "netIncomeRatio": 0.0539419349,
    "eps": 0.0313,
    "epsdiluted": 0.0294,
    "weightedAverageShsOut": 822351552,
    "weightedAverageShsOutDil": 877518368,
    "link": "https://www.sec.gov/Archives/edgar/data/746515/000091205700049619/0000912057-00-049619-index.htm",
    "finalLink": "https://www.sec.gov/Archives/edgar/data/746515/000091205700049619/a2029852z10-q.htm"
  },
  {
    "date": "2000-06-30",
    "symbol": "EXPD",
    "reportedCurrency": "USD",
    "cik": "0000746515",
    "fillingDate": "2000-08-14",
    "acceptedDate": "2000-08-14 00:00:00",
    "calendarYear": "2000",
    "period": "Q2",
    "revenue": 404496000,
    "costOfRevenue": 301473000,
    "grossProfit": 103023000,
    "grossProfitRatio": 0.2546947312,
    "researchAndDevelopmentExpenses": 0,
    "generalAndAdministrativeExpenses": 9671000,
    "sellingAndMarketingExpenses": 0,
    "sellingGeneralAndAdministrativeExpenses": 9671000,
    "otherExpenses": 65623000,
    "operatingExpenses": 75294000,
    "costAndExpenses": 376767000,
    "interestIncome": 0,
    "interestExpense": 0,
    "depreciationAndAmortization": -5563000,
    "ebitda": -198603000,
    "ebitdaratio": -0.490988786,
    "operatingIncome": 27729000,
    "operatingIncomeRatio": 0.0685519758,
    "totalOtherIncomeExpensesNet": 1269000,
    "incomeBeforeTax": 28998000,
    "incomeBeforeTaxRatio": 0.0716892132,
    "incomeTaxExpense": 10899000,
    "netIncome": 18099000,
    "netIncomeRatio": 0.044744571,
    "eps": 0.0219,
    "epsdiluted": 0.0206,
    "weightedAverageShsOut": 817106160,
    "weightedAverageShsOutDil": 873575696,
    "link": "https://www.sec.gov/Archives/edgar/data/746515/000091205700037556/0000912057-00-037556-index.htm",
    "finalLink": "https://www.sec.gov/Archives/edgar/data/746515/000091205700037556/a10-q.txt"
  },
  {
    "date": "2000-03-31",
    "symbol": "EXPD",
    "reportedCurrency": "USD",
    "cik": "0000746515",
    "fillingDate": "2000-05-15",
    "acceptedDate": "2000-05-15 00:00:00",
    "calendarYear": "2000",
    "period": "Q1",
    "revenue": 349044000,
    "costOfRevenue": 256539000,
    "grossProfit": 92505000,
    "grossProfitRatio": 0.2650238938,
    "researchAndDevelopmentExpenses": 0,
    "generalAndAdministrativeExpenses": 9012000,
    "sellingAndMarketingExpenses": 0,
    "sellingGeneralAndAdministrativeExpenses": 9012000,
    "otherExpenses": 62583000,
    "operatingExpenses": 71595000,
    "costAndExpenses": 328134000,
    "interestIncome": 0,
    "interestExpense": 0,
    "depreciationAndAmortization": -5575000,
    "ebitda": -163948000,
    "ebitdaratio": -0.4697058251,
    "operatingIncome": 20910000,
    "operatingIncomeRatio": 0.0599064874,
    "totalOtherIncomeExpensesNet": 515000,
    "incomeBeforeTax": 21425000,
    "incomeBeforeTaxRatio": 0.0613819461,
    "incomeTaxExpense": 8069000,
    "netIncome": 13356000,
    "netIncomeRatio": 0.0382645168,
    "eps": 0.0163,
    "epsdiluted": 0.0156,
    "weightedAverageShsOut": 811356352,
    "weightedAverageShsOutDil": 871695008,
    "link": "https://www.sec.gov/Archives/edgar/data/746515/000091205700024488/0000912057-00-024488-index.html",
    "finalLink": "https://www.sec.gov/Archives/edgar/data/746515/000091205700024488/"
  },
  {
    "date": "1999-12-31",
    "symbol": "EXPD",
    "reportedCurrency": "USD",
    "cik": "0000746515",
    "fillingDate": "2000-03-29",
    "acceptedDate": "2000-03-29 00:00:00",
    "calendarYear": "1999",
    "period": "Q4",
    "revenue": 422775000,
    "costOfRevenue": 322117000,
    "grossProfit": 100658000,
    "grossProfitRatio": 0.2380888179,
    "researchAndDevelopmentExpenses": 0,
    "generalAndAdministrativeExpenses": 233108000,
    "sellingAndMarketingExpenses": 16896000,
    "sellingGeneralAndAdministrativeExpenses": 250004000,
    "otherExpenses": -149346000,
    "operatingExpenses": 100658000,
    "costAndExpenses": 422775000,
    "interestIncome": 0,
    "interestExpense": 0,
    "depreciationAndAmortization": 36019000,
    "ebitda": -450443000,
    "ebitdaratio": -1.065443794,
    "operatingIncome": -486462000,
    "operatingIncomeRatio": -1.1506404116,
    "totalOtherIncomeExpensesNet": 516107000,
    "incomeBeforeTax": 29645000,
    "incomeBeforeTaxRatio": 0.0701200402,
    "incomeTaxExpense": 11070000,
    "netIncome": 18575000,
    "netIncomeRatio": 0.0439358997,
    "eps": 0.0919,
    "epsdiluted": 0.0919,
    "weightedAverageShsOut": 202180000,
    "weightedAverageShsOutDil": 202180000,
    "link": "https://www.sec.gov/Archives/edgar/data/746515/000091205700014506/0000912057-00-014506-index.html",
    "finalLink": "https://www.sec.gov/Archives/edgar/data/746515/000091205700014506/"
  },
  {
    "date": "1999-09-30",
    "symbol": "EXPD",
    "reportedCurrency": "USD",
    "cik": "0000746515",
    "fillingDate": "1999-11-15",
    "acceptedDate": "1999-11-15 00:00:00",
    "calendarYear": "1999",
    "period": "Q3",
    "revenue": 406200000,
    "costOfRevenue": 308600000,
    "grossProfit": 97600000,
    "grossProfitRatio": 0.2402757262,
    "researchAndDevelopmentExpenses": 0,
    "generalAndAdministrativeExpenses": 9000000,
    "sellingAndMarketingExpenses": 0,
    "sellingGeneralAndAdministrativeExpenses": 9000000,
    "otherExpenses": 88600000,
    "operatingExpenses": 97600000,
    "costAndExpenses": 406200000,
    "interestIncome": 0,
    "interestExpense": 0,
    "depreciationAndAmortization": -5300000,
    "ebitda": -210800000,
    "ebitdaratio": -0.5189561792,
    "operatingIncome": -216200000,
    "operatingIncomeRatio": -0.5322501231,
    "totalOtherIncomeExpensesNet": 244700000,
    "incomeBeforeTax": 28500000,
    "incomeBeforeTaxRatio": 0.0701624815,
    "incomeTaxExpense": 10700000,
    "netIncome": 17800000,
    "netIncomeRatio": 0.0438207779,
    "eps": 0.0219,
    "epsdiluted": 0.0206,
    "weightedAverageShsOut": 202180000,
    "weightedAverageShsOutDil": 202180000,
    "link": "https://www.sec.gov/Archives/edgar/data/746515/000091205799006301/0000912057-99-006301-index.html",
    "finalLink": "https://www.sec.gov/Archives/edgar/data/746515/000091205799006301/"
  },
  {
    "date": "1999-06-30",
    "symbol": "EXPD",
    "reportedCurrency": "USD",
    "cik": "0000746515",
    "fillingDate": "1999-08-16",
    "acceptedDate": "1999-08-16 00:00:00",
    "calendarYear": "1999",
    "period": "Q2",
    "revenue": 332000000,
    "costOfRevenue": 248900000,
    "grossProfit": 83100000,
    "grossProfitRatio": 0.2503012048,
    "researchAndDevelopmentExpenses": 0,
    "generalAndAdministrativeExpenses": 8600000,
    "sellingAndMarketingExpenses": 0,
    "sellingGeneralAndAdministrativeExpenses": 8600000,
    "otherExpenses": 74500000,
    "operatingExpenses": 83100000,
    "costAndExpenses": 332000000,
    "interestIncome": 0,
    "interestExpense": 0,
    "depreciationAndAmortization": -5100000,
    "ebitda": -165600000,
    "ebitdaratio": -0.4987951807,
    "operatingIncome": -170700000,
    "operatingIncomeRatio": -0.5141566265,
    "totalOtherIncomeExpensesNet": 192000000,
    "incomeBeforeTax": 21300000,
    "incomeBeforeTaxRatio": 0.0641566265,
    "incomeTaxExpense": 8100000,
    "netIncome": 13200000,
    "netIncomeRatio": 0.0397590361,
    "eps": 0.0163,
    "epsdiluted": 0.0156,
    "weightedAverageShsOut": 200604000,
    "weightedAverageShsOutDil": 200604000,
    "link": "https://www.sec.gov/Archives/edgar/data/746515/000104746999032351/0001047469-99-032351-index.html",
    "finalLink": "https://www.sec.gov/Archives/edgar/data/746515/000104746999032351/"
  },
  {
    "date": "1999-03-31",
    "symbol": "EXPD",
    "reportedCurrency": "USD",
    "cik": "0000746515",
    "fillingDate": "1999-05-17",
    "acceptedDate": "1999-05-17 00:00:00",
    "calendarYear": "1999",
    "period": "Q1",
    "revenue": 283700000,
    "costOfRevenue": 210400000,
    "grossProfit": 73300000,
    "grossProfitRatio": 0.2583715192,
    "researchAndDevelopmentExpenses": 0,
    "generalAndAdministrativeExpenses": 8000000,
    "sellingAndMarketingExpenses": 0,
    "sellingGeneralAndAdministrativeExpenses": 8000000,
    "otherExpenses": 65300000,
    "operatingExpenses": 73300000,
    "costAndExpenses": 283700000,
    "interestIncome": 0,
    "interestExpense": 0,
    "depreciationAndAmortization": -4800000,
    "ebitda": -136500000,
    "ebitdaratio": -0.4811420515,
    "operatingIncome": -141300000,
    "operatingIncomeRatio": -0.4980613324,
    "totalOtherIncomeExpensesNet": 156400000,
    "incomeBeforeTax": 15100000,
    "incomeBeforeTaxRatio": 0.0532252379,
    "incomeTaxExpense": 5600000,
    "netIncome": 9500000,
    "netIncomeRatio": 0.0334860768,
    "eps": 0.0478,
    "epsdiluted": 0.0478,
    "weightedAverageShsOut": 198838000,
    "weightedAverageShsOutDil": 198838000,
    "link": "https://www.sec.gov/Archives/edgar/data/746515/0001047469-99-020757-index.html",
    "finalLink": "https://www.sec.gov/Archives/edgar/data/746515/0001047469-99-020757.txt"
  },
  {
    "date": "1998-12-31",
    "symbol": "EXPD",
    "reportedCurrency": "USD",
    "cik": "0000746515",
    "fillingDate": "1999-03-31",
    "acceptedDate": "1999-03-31 00:00:00",
    "calendarYear": "1998",
    "period": "Q4",
    "revenue": 308707000,
    "costOfRevenue": 228700000,
    "grossProfit": 80007000,
    "grossProfitRatio": 0.2591680785,
    "researchAndDevelopmentExpenses": 0,
    "generalAndAdministrativeExpenses": 183888000,
    "sellingAndMarketingExpenses": 15018000,
    "sellingGeneralAndAdministrativeExpenses": 198906000,
    "otherExpenses": -118899000,
    "operatingExpenses": 80007000,
    "costAndExpenses": 308707000,
    "interestIncome": 0,
    "interestExpense": 0,
    "depreciationAndAmortization": 26447000,
    "ebitda": -333181000,
    "ebitdaratio": -1.0792790575,
    "operatingIncome": -359628000,
    "operatingIncomeRatio": -1.1649492885,
    "totalOtherIncomeExpensesNet": 382005000,
    "incomeBeforeTax": 22377000,
    "incomeBeforeTaxRatio": 0.0724862086,
    "incomeTaxExpense": 8403000,
    "netIncome": 13974000,
    "netIncomeRatio": 0.0452662233,
    "eps": 0.0709,
    "epsdiluted": 0.0709,
    "weightedAverageShsOut": 197072000,
    "weightedAverageShsOutDil": 197072000,
    "link": "https://www.sec.gov/Archives/edgar/data/746515/000104746999013075/0001047469-99-013075-index.html",
    "finalLink": "https://www.sec.gov/Archives/edgar/data/746515/"
  },
  {
    "date": "1998-09-30",
    "symbol": "EXPD",
    "reportedCurrency": "USD",
    "cik": "0000746515",
    "fillingDate": "1998-11-16",
    "acceptedDate": "1998-11-16 00:00:00",
    "calendarYear": "1998",
    "period": "Q3",
    "revenue": 289700000,
    "costOfRevenue": 213900000,
    "grossProfit": 75800000,
    "grossProfitRatio": 0.2616499827,
    "researchAndDevelopmentExpenses": 0,
    "generalAndAdministrativeExpenses": 8000000,
    "sellingAndMarketingExpenses": 0,
    "sellingGeneralAndAdministrativeExpenses": 8000000,
    "otherExpenses": 67800000,
    "operatingExpenses": 75800000,
    "costAndExpenses": 289700000,
    "interestIncome": 0,
    "interestExpense": 0,
    "depreciationAndAmortization": -4000000,
    "ebitda": -137700000,
    "ebitdaratio": -0.4753192958,
    "operatingIncome": -141700000,
    "operatingIncomeRatio": -0.4891266828,
    "totalOtherIncomeExpensesNet": 164300000,
    "incomeBeforeTax": 22600000,
    "incomeBeforeTaxRatio": 0.0780117363,
    "incomeTaxExpense": 8400000,
    "netIncome": 14200000,
    "netIncomeRatio": 0.0490162237,
    "eps": 0.0091,
    "epsdiluted": 0.0084,
    "weightedAverageShsOut": 197072000,
    "weightedAverageShsOutDil": 197072000,
    "link": "https://www.sec.gov/Archives/edgar/data/746515/000104746998041190/0001047469-98-041190-index.html",
    "finalLink": "https://www.sec.gov/Archives/edgar/data/746515/"
  },
  {
    "date": "1998-06-30",
    "symbol": "EXPD",
    "reportedCurrency": "USD",
    "cik": "0000746515",
    "fillingDate": "1998-08-14",
    "acceptedDate": "1998-08-14 00:00:00",
    "calendarYear": "1998",
    "period": "Q2",
    "revenue": 242000000,
    "costOfRevenue": 176900000,
    "grossProfit": 65100000,
    "grossProfitRatio": 0.2690082645,
    "researchAndDevelopmentExpenses": 0,
    "generalAndAdministrativeExpenses": 7100000,
    "sellingAndMarketingExpenses": 0,
    "sellingGeneralAndAdministrativeExpenses": 7100000,
    "otherExpenses": 58000000,
    "operatingExpenses": 65100000,
    "costAndExpenses": 242000000,
    "interestIncome": 0,
    "interestExpense": 0,
    "depreciationAndAmortization": -3600000,
    "ebitda": -111900000,
    "ebitdaratio": -0.4623966942,
    "operatingIncome": -115500000,
    "operatingIncomeRatio": -0.4772727273,
    "totalOtherIncomeExpensesNet": 133100000,
    "incomeBeforeTax": 17600000,
    "incomeBeforeTaxRatio": 0.0727272727,
    "incomeTaxExpense": 6500000,
    "netIncome": 11100000,
    "netIncomeRatio": 0.0458677686,
    "eps": 0.0072,
    "epsdiluted": 0.0066,
    "weightedAverageShsOut": 196864000,
    "weightedAverageShsOutDil": 196864000,
    "link": "https://www.sec.gov/Archives/edgar/data/746515/000104746998031272/0001047469-98-031272-index.html",
    "finalLink": "https://www.sec.gov/Archives/edgar/data/746515/"
  },
  {
    "date": "1998-03-31",
    "symbol": "EXPD",
    "reportedCurrency": "USD",
    "cik": "0000746515",
    "fillingDate": "1998-05-15",
    "acceptedDate": "1998-05-15 00:00:00",
    "calendarYear": "1998",
    "period": "Q1",
    "revenue": 223400000,
    "costOfRevenue": 165000000,
    "grossProfit": 58400000,
    "grossProfitRatio": 0.2614145031,
    "researchAndDevelopmentExpenses": 0,
    "generalAndAdministrativeExpenses": 6900000,
    "sellingAndMarketingExpenses": 0,
    "sellingGeneralAndAdministrativeExpenses": 6900000,
    "otherExpenses": 51500000,
    "operatingExpenses": 58400000,
    "costAndExpenses": 223400000,
    "interestIncome": 0,
    "interestExpense": 0,
    "depreciationAndAmortization": -3300000,
    "ebitda": -106500000,
    "ebitdaratio": -0.4767233662,
    "operatingIncome": -109800000,
    "operatingIncomeRatio": -0.4914950761,
    "totalOtherIncomeExpensesNet": 122800000,
    "incomeBeforeTax": 13000000,
    "incomeBeforeTaxRatio": 0.0581915846,
    "incomeTaxExpense": 5000000,
    "netIncome": 8000000,
    "netIncomeRatio": 0.0358102059,
    "eps": 0.0053,
    "epsdiluted": 0.0047,
    "weightedAverageShsOut": 196608000,
    "weightedAverageShsOutDil": 196608000,
    "link": "https://www.sec.gov/Archives/edgar/data/746515/000104746998020808/0001047469-98-020808-index.html",
    "finalLink": "https://www.sec.gov/Archives/edgar/data/746515/"
  },
  {
    "date": "1997-12-31",
    "symbol": "EXPD",
    "reportedCurrency": "USD",
    "cik": "0000746515",
    "fillingDate": "1998-03-31",
    "acceptedDate": "1998-03-31 00:00:00",
    "calendarYear": "1997",
    "period": "Q4",
    "revenue": 270102000,
    "costOfRevenue": 204100000,
    "grossProfit": 66002000,
    "grossProfitRatio": 0.2443595382,
    "researchAndDevelopmentExpenses": 0,
    "generalAndAdministrativeExpenses": 146796000,
    "sellingAndMarketingExpenses": 13469000,
    "sellingGeneralAndAdministrativeExpenses": 160265000,
    "otherExpenses": -94263000,
    "operatingExpenses": 66002000,
    "costAndExpenses": 270102000,
    "interestIncome": 0,
    "interestExpense": 0,
    "depreciationAndAmortization": 19059000,
    "ebitda": -287426000,
    "ebitdaratio": -1.0641387328,
    "operatingIncome": -306485000,
    "operatingIncomeRatio": -1.1347009648,
    "totalOtherIncomeExpensesNet": 327657000,
    "incomeBeforeTax": 21172000,
    "incomeBeforeTaxRatio": 0.0783852026,
    "incomeTaxExpense": 8261000,
    "netIncome": 12911000,
    "netIncomeRatio": 0.0478004606,
    "eps": 0.0658,
    "epsdiluted": 0.0658,
    "weightedAverageShsOut": 196240000,
    "weightedAverageShsOutDil": 196240000,
    "link": "https://www.sec.gov/Archives/edgar/data/746515/000104746998013043/0001047469-98-013043-index.html",
    "finalLink": "https://www.sec.gov/Archives/edgar/data/746515/"
  },
  {
    "date": "1997-09-30",
    "symbol": "EXPD",
    "reportedCurrency": "USD",
    "cik": "0000746515",
    "fillingDate": "1997-11-14",
    "acceptedDate": "1997-11-14 00:00:00",
    "calendarYear": "1997",
    "period": "Q3",
    "revenue": 262300000,
    "costOfRevenue": 198000000,
    "grossProfit": 64300000,
    "grossProfitRatio": 0.2451391536,
    "researchAndDevelopmentExpenses": 0,
    "generalAndAdministrativeExpenses": 6200000,
    "sellingAndMarketingExpenses": 0,
    "sellingGeneralAndAdministrativeExpenses": 6200000,
    "otherExpenses": 58100000,
    "operatingExpenses": 64300000,
    "costAndExpenses": 262300000,
    "interestIncome": 0,
    "interestExpense": 0,
    "depreciationAndAmortization": -2900000,
    "ebitda": -134500000,
    "ebitdaratio": -0.5127716355,
    "operatingIncome": -137400000,
    "operatingIncomeRatio": -0.5238276782,
    "totalOtherIncomeExpensesNet": 156500000,
    "incomeBeforeTax": 19100000,
    "incomeBeforeTaxRatio": 0.0728173847,
    "incomeTaxExpense": 7300000,
    "netIncome": 11800000,
    "netIncomeRatio": 0.0449866565,
    "eps": 0.0075,
    "epsdiluted": 0.0069,
    "weightedAverageShsOut": 196240000,
    "weightedAverageShsOutDil": 196240000,
    "link": "https://www.sec.gov/Archives/edgar/data/746515/000104746997004513/0001047469-97-004513-index.html",
    "finalLink": "https://www.sec.gov/Archives/edgar/data/746515/"
  },
  {
    "date": "1997-06-30",
    "symbol": "EXPD",
    "reportedCurrency": "USD",
    "cik": "0000746515",
    "fillingDate": "1997-08-14",
    "acceptedDate": "1997-08-14 00:00:00",
    "calendarYear": "1997",
    "period": "Q2",
    "revenue": 225500000,
    "costOfRevenue": 172500000,
    "grossProfit": 53000000,
    "grossProfitRatio": 0.2350332594,
    "researchAndDevelopmentExpenses": 0,
    "generalAndAdministrativeExpenses": 5800000,
    "sellingAndMarketingExpenses": 0,
    "sellingGeneralAndAdministrativeExpenses": 5800000,
    "otherExpenses": 47200000,
    "operatingExpenses": 53000000,
    "costAndExpenses": 225500000,
    "interestIncome": 0,
    "interestExpense": 0,
    "depreciationAndAmortization": -2600000,
    "ebitda": -120100000,
    "ebitdaratio": -0.532594235,
    "operatingIncome": -122800000,
    "operatingIncomeRatio": -0.5445676275,
    "totalOtherIncomeExpensesNet": 136200000,
    "incomeBeforeTax": 13400000,
    "incomeBeforeTaxRatio": 0.0594235033,
    "incomeTaxExpense": 5200000,
    "netIncome": 8200000,
    "netIncomeRatio": 0.0363636364,
    "eps": 0.0053,
    "epsdiluted": 0.005,
    "weightedAverageShsOut": 194768000,
    "weightedAverageShsOutDil": 194768000,
    "link": "https://www.sec.gov/Archives/edgar/data/746515/000091205797027859/0000912057-97-027859-index.html",
    "finalLink": "https://www.sec.gov/Archives/edgar/data/746515/"
  },
  {
    "date": "1997-03-31",
    "symbol": "EXPD",
    "reportedCurrency": "USD",
    "cik": "0000746515",
    "fillingDate": "1997-05-15",
    "acceptedDate": "1997-05-15 00:00:00",
    "calendarYear": "1997",
    "period": "Q1",
    "revenue": 196000000,
    "costOfRevenue": 146900000,
    "grossProfit": 49100000,
    "grossProfitRatio": 0.2505102041,
    "researchAndDevelopmentExpenses": 0,
    "generalAndAdministrativeExpenses": 5300000,
    "sellingAndMarketingExpenses": 32700000,
    "sellingGeneralAndAdministrativeExpenses": 38000000,
    "otherExpenses": 11100000,
    "operatingExpenses": 49100000,
    "costAndExpenses": 196000000,
    "interestIncome": 0,
    "interestExpense": 0,
    "depreciationAndAmortization": -2400000,
    "ebitda": 11100000,
    "ebitdaratio": 0.0566326531,
    "operatingIncome": 8700000,
    "operatingIncomeRatio": 0.0443877551,
    "totalOtherIncomeExpensesNet": 300000,
    "incomeBeforeTax": 9000000,
    "incomeBeforeTaxRatio": 0.0459183673,
    "incomeTaxExpense": 3400000,
    "netIncome": 5600000,
    "netIncomeRatio": 0.0285714286,
    "eps": 0.0038,
    "epsdiluted": 0.0034,
    "weightedAverageShsOut": 194344000,
    "weightedAverageShsOutDil": 194344000,
    "link": "https://www.sec.gov/Archives/edgar/data/746515/000091205797017944/0000912057-97-017944-index.html",
    "finalLink": "https://www.sec.gov/Archives/edgar/data/746515/"
  },
  {
    "date": "1996-12-31",
    "symbol": "EXPD",
    "reportedCurrency": "USD",
    "cik": "0000746515",
    "fillingDate": "1997-03-31",
    "acceptedDate": "1997-03-31 00:00:00",
    "calendarYear": "1996",
    "period": "Q4",
    "revenue": 221288000,
    "costOfRevenue": 168200000,
    "grossProfit": 53088000,
    "grossProfitRatio": 0.2399045588,
    "researchAndDevelopmentExpenses": 0,
    "generalAndAdministrativeExpenses": 32897000,
    "sellingAndMarketingExpenses": 10409000,
    "sellingGeneralAndAdministrativeExpenses": 43306000,
    "otherExpenses": 9782000,
    "operatingExpenses": 53088000,
    "costAndExpenses": 221288000,
    "interestIncome": 0,
    "interestExpense": 0,
    "depreciationAndAmortization": 14047000,
    "ebitda": -151028000,
    "ebitdaratio": -0.6824952099,
    "operatingIncome": -165075000,
    "operatingIncomeRatio": -0.7459735729,
    "totalOtherIncomeExpensesNet": 177059000,
    "incomeBeforeTax": 11984000,
    "incomeBeforeTaxRatio": 0.0541556704,
    "incomeTaxExpense": 4521000,
    "netIncome": 7463000,
    "netIncomeRatio": 0.0337252811,
    "eps": 0.0385,
    "epsdiluted": 0.0385,
    "weightedAverageShsOut": 193704000,
    "weightedAverageShsOutDil": 193808000,
    "link": "https://www.sec.gov/Archives/edgar/data/746515/000091205797011191/0000912057-97-011191-index.html",
    "finalLink": "https://www.sec.gov/Archives/edgar/data/746515/"
  },
  {
    "date": "1996-09-30",
    "symbol": "EXPD",
    "reportedCurrency": "USD",
    "cik": "0000746515",
    "fillingDate": "1996-11-14",
    "acceptedDate": "1996-11-14 00:00:00",
    "calendarYear": "1996",
    "period": "Q3",
    "revenue": 204900000,
    "costOfRevenue": 161200000,
    "grossProfit": 43700000,
    "grossProfitRatio": 0.2132747682,
    "researchAndDevelopmentExpenses": 0,
    "generalAndAdministrativeExpenses": 4900000,
    "sellingAndMarketingExpenses": 0,
    "sellingGeneralAndAdministrativeExpenses": 4900000,
    "otherExpenses": 38800000,
    "operatingExpenses": 43700000,
    "costAndExpenses": 204900000,
    "interestIncome": 0,
    "interestExpense": 0,
    "depreciationAndAmortization": -2100000,
    "ebitda": -117800000,
    "ebitdaratio": -0.5749145925,
    "operatingIncome": -119900000,
    "operatingIncomeRatio": -0.5851634944,
    "totalOtherIncomeExpensesNet": 132500000,
    "incomeBeforeTax": 12600000,
    "incomeBeforeTaxRatio": 0.0614934114,
    "incomeTaxExpense": 4900000,
    "netIncome": 7700000,
    "netIncomeRatio": 0.037579307,
    "eps": 0.0025,
    "epsdiluted": 0.0023,
    "weightedAverageShsOut": 193808000,
    "weightedAverageShsOutDil": 193808000,
    "link": "https://www.sec.gov/Archives/edgar/data/746515/000091205796026539/0000912057-96-026539-index.html",
    "finalLink": "https://www.sec.gov/Archives/edgar/data/746515/"
  },
  {
    "date": "1996-06-30",
    "symbol": "EXPD",
    "reportedCurrency": "USD",
    "cik": "0000746515",
    "fillingDate": "1996-08-14",
    "acceptedDate": "1996-08-14 00:00:00",
    "calendarYear": "1996",
    "period": "Q2",
    "revenue": 166200000,
    "costOfRevenue": 130100000,
    "grossProfit": 36100000,
    "grossProfitRatio": 0.2172081829,
    "researchAndDevelopmentExpenses": 0,
    "generalAndAdministrativeExpenses": 4400000,
    "sellingAndMarketingExpenses": 0,
    "sellingGeneralAndAdministrativeExpenses": 4400000,
    "otherExpenses": 31700000,
    "operatingExpenses": 36100000,
    "costAndExpenses": 166200000,
    "interestIncome": 0,
    "interestExpense": 0,
    "depreciationAndAmortization": -1900000,
    "ebitda": -94200000,
    "ebitdaratio": -0.5667870036,
    "operatingIncome": -96100000,
    "operatingIncomeRatio": -0.5782190132,
    "totalOtherIncomeExpensesNet": 105100000,
    "incomeBeforeTax": 9000000,
    "incomeBeforeTaxRatio": 0.0541516245,
    "incomeTaxExpense": 3600000,
    "netIncome": 5400000,
    "netIncomeRatio": 0.0324909747,
    "eps": 0.0017,
    "epsdiluted": 0.0017,
    "weightedAverageShsOut": 193184000,
    "weightedAverageShsOutDil": 193184000,
    "link": "https://www.sec.gov/Archives/edgar/data/746515/000091205796017659/0000912057-96-017659-index.html",
    "finalLink": "https://www.sec.gov/Archives/edgar/data/746515/"
  },
  {
    "date": "1996-03-31",
    "symbol": "EXPD",
    "reportedCurrency": "USD",
    "cik": "0000746515",
    "fillingDate": "1996-05-14",
    "acceptedDate": "1996-05-14 00:00:00",
    "calendarYear": "1996",
    "period": "Q1",
    "revenue": 137700000,
    "costOfRevenue": 106800000,
    "grossProfit": 30900000,
    "grossProfitRatio": 0.2244008715,
    "researchAndDevelopmentExpenses": 0,
    "generalAndAdministrativeExpenses": 4000000,
    "sellingAndMarketingExpenses": 0,
    "sellingGeneralAndAdministrativeExpenses": 4000000,
    "otherExpenses": 26900000,
    "operatingExpenses": 30900000,
    "costAndExpenses": 137700000,
    "interestIncome": 0,
    "interestExpense": 0,
    "depreciationAndAmortization": -1900000,
    "ebitda": -76300000,
    "ebitdaratio": -0.5541031227,
    "operatingIncome": -78200000,
    "operatingIncomeRatio": -0.5679012346,
    "totalOtherIncomeExpensesNet": 84400000,
    "incomeBeforeTax": 6200000,
    "incomeBeforeTaxRatio": 0.0450254176,
    "incomeTaxExpense": 2400000,
    "netIncome": 3800000,
    "netIncomeRatio": 0.0275962237,
    "eps": 0.0013,
    "epsdiluted": 0.0013,
    "weightedAverageShsOut": 192464000,
    "weightedAverageShsOutDil": 192464000,
    "link": "https://www.sec.gov/Archives/edgar/data/746515/000095000596000259/0000950005-96-000259-index.html",
    "finalLink": "https://www.sec.gov/Archives/edgar/data/746515/"
  },
  {
    "date": "1995-12-31",
    "symbol": "EXPD",
    "reportedCurrency": "USD",
    "cik": "0000746515",
    "fillingDate": "1996-04-01",
    "acceptedDate": "1996-04-01 00:00:00",
    "calendarYear": "1995",
    "period": "Q4",
    "revenue": 161091000,
    "costOfRevenue": 122200000,
    "grossProfit": 38891000,
    "grossProfitRatio": 0.24142255,
    "researchAndDevelopmentExpenses": 0,
    "generalAndAdministrativeExpenses": 24772000,
    "sellingAndMarketingExpenses": 7545000,
    "sellingGeneralAndAdministrativeExpenses": 32317000,
    "otherExpenses": 6574000,
    "operatingExpenses": 38891000,
    "costAndExpenses": 161091000,
    "interestIncome": 0,
    "interestExpense": 0,
    "depreciationAndAmortization": 11429000,
    "ebitda": -109620000,
    "ebitdaratio": -0.6804849433,
    "operatingIncome": -121049000,
    "operatingIncomeRatio": -0.7514324202,
    "totalOtherIncomeExpensesNet": 129348000,
    "incomeBeforeTax": 8299000,
    "incomeBeforeTaxRatio": 0.0515174653,
    "incomeTaxExpense": 3204000,
    "netIncome": 5095000,
    "netIncomeRatio": 0.031628086,
    "eps": 0.0264,
    "epsdiluted": 0.0264,
    "weightedAverageShsOut": 192176000,
    "weightedAverageShsOutDil": 192656000,
    "link": "https://www.sec.gov/Archives/edgar/data/746515/000091205796005655/0000912057-96-005655-index.html",
    "finalLink": "https://www.sec.gov/Archives/edgar/data/746515/"
  },
  {
    "date": "1995-09-30",
    "symbol": "EXPD",
    "reportedCurrency": "USD",
    "cik": "0000746515",
    "fillingDate": "1995-11-14",
    "acceptedDate": "1995-11-14 00:00:00",
    "calendarYear": "1995",
    "period": "Q3",
    "revenue": 159200000,
    "costOfRevenue": 129200000,
    "grossProfit": 30000000,
    "grossProfitRatio": 0.1884422111,
    "researchAndDevelopmentExpenses": 0,
    "generalAndAdministrativeExpenses": 24200000,
    "sellingAndMarketingExpenses": 0,
    "sellingGeneralAndAdministrativeExpenses": 24200000,
    "otherExpenses": 5800000,
    "operatingExpenses": 30000000,
    "costAndExpenses": 159200000,
    "interestIncome": 0,
    "interestExpense": 0,
    "depreciationAndAmortization": -1700000,
    "ebitda": -119800000,
    "ebitdaratio": -0.7525125628,
    "operatingIncome": -121500000,
    "operatingIncomeRatio": -0.7631909548,
    "totalOtherIncomeExpensesNet": 129600000,
    "incomeBeforeTax": 8100000,
    "incomeBeforeTaxRatio": 0.050879397,
    "incomeTaxExpense": 3100000,
    "netIncome": 5000000,
    "netIncomeRatio": 0.0314070352,
    "eps": 0.0016,
    "epsdiluted": 0.0016,
    "weightedAverageShsOut": 192656000,
    "weightedAverageShsOutDil": 192656000,
    "link": "https://www.sec.gov/Archives/edgar/data/746515/000091205795009959/0000912057-95-009959-index.html",
    "finalLink": "https://www.sec.gov/Archives/edgar/data/746515/"
  }
]