[
  {
    "date": "2024-12-31",
    "symbol": "EXPD",
    "reportedCurrency": "USD",
    "cik": "0000746515",
    "fillingDate": "2025-02-21",
    "acceptedDate": "2025-02-21 14:40:47",
    "calendarYear": "2024",
    "period": "FY",
    "revenue": 10600515000,
    "costOfRevenue": 9251475000,
    "grossProfit": 1349040000,
    "grossProfitRatio": 0.1272617415,
    "researchAndDevelopmentExpenses": 0,
    "generalAndAdministrativeExpenses": 0,
    "sellingAndMarketingExpenses": 33331000,
    "sellingGeneralAndAdministrativeExpenses": 33331000,
    "otherExpenses": 274386000,
    "operatingExpenses": 307717000,
    "costAndExpenses": 9559192000,
    "interestIncome": 46706000,
    "interestExpense": 0,
    "depreciationAndAmortization": 61090000,
    "ebitda": 1102413000,
    "ebitdaratio": 0.1039961738,
    "operatingIncome": 1041323000,
    "operatingIncomeRatio": 0.0982332462,
    "totalOtherIncomeExpensesNet": 53477000,
    "incomeBeforeTax": 1094800000,
    "incomeBeforeTaxRatio": 0.1032780011,
    "incomeTaxExpense": 283167000,
    "netIncome": 810073000,
    "netIncomeRatio": 0.0764182684,
    "eps": 5.75,
    "epsdiluted": 5.72,
    "weightedAverageShsOut": 140992000,
    "weightedAverageShsOutDil": 141722000,
    "link": "https://www.sec.gov/Archives/edgar/data/746515/000095017025024750/0000950170-25-024750-index.htm",
    "finalLink": "https://www.sec.gov/Archives/edgar/data/746515/000095017025024750/expd-20241231.htm"
  },
  {
    "date": "2023-12-31",
    "symbol": "EXPD",
    "reportedCurrency": "USD",
    "cik": "0000746515",
    "fillingDate": "2024-02-23",
    "acceptedDate": "2024-02-23 16:18:45",
    "calendarYear": "2023",
    "period": "FY",
    "revenue": 9300110000,
    "costOfRevenue": 8054634000,
    "grossProfit": 1245476000,
    "grossProfitRatio": 0.1339205665,
    "researchAndDevelopmentExpenses": 0,
    "generalAndAdministrativeExpenses": 0,
    "sellingAndMarketingExpenses": 27913000,
    "sellingGeneralAndAdministrativeExpenses": 27913000,
    "otherExpenses": 277630000,
    "operatingExpenses": 305543000,
    "costAndExpenses": 8360177000,
    "interestIncome": 70451000,
    "interestExpense": 4800000,
    "depreciationAndAmortization": 67760000,
    "ebitda": 1007693000,
    "ebitdaratio": 0.1083528044,
    "operatingIncome": 939933000,
    "operatingIncomeRatio": 0.1010668691,
    "totalOtherIncomeExpensesNet": 75095000,
    "incomeBeforeTax": 1015028000,
    "incomeBeforeTaxRatio": 0.1091415048,
    "incomeTaxExpense": 263249000,
    "netIncome": 752883000,
    "netIncomeRatio": 0.0809542038,
    "eps": 5.05,
    "epsdiluted": 5.01,
    "weightedAverageShsOut": 149141000,
    "weightedAverageShsOutDil": 150186000,
    "link": "https://www.sec.gov/Archives/edgar/data/746515/000095017024019394/0000950170-24-019394-index.htm",
    "finalLink": "https://www.sec.gov/Archives/edgar/data/746515/000095017024019394/expd-20231231.htm"
  },
  {
    "date": "2022-12-31",
    "symbol": "EXPD",
    "reportedCurrency": "USD",
    "cik": "0000746515",
    "fillingDate": "2023-03-01",
    "acceptedDate": "2023-03-01 12:48:18",
    "calendarYear": "2022",
    "period": "FY",
    "revenue": 17071284000,
    "costOfRevenue": 14900154000,
    "grossProfit": 2171130000,
    "grossProfitRatio": 0.1271802402,
    "researchAndDevelopmentExpenses": 0,
    "generalAndAdministrativeExpenses": 0,
    "sellingAndMarketingExpenses": 24293000,
    "sellingGeneralAndAdministrativeExpenses": 24293000,
    "otherExpenses": 322466000,
    "operatingExpenses": 346759000,
    "costAndExpenses": 15246913000,
    "interestIncome": 25554000,
    "interestExpense": 23277000,
    "depreciationAndAmortization": 57338000,
    "ebitda": 1881709000,
    "ebitdaratio": 0.1102265653,
    "operatingIncome": 1824371000,
    "operatingIncomeRatio": 0.1068678255,
    "totalOtherIncomeExpensesNet": 11520000,
    "incomeBeforeTax": 1835891000,
    "incomeBeforeTaxRatio": 0.107542643,
    "incomeTaxExpense": 475286000,
    "netIncome": 1357399000,
    "netIncomeRatio": 0.0795135855,
    "eps": 8.33,
    "epsdiluted": 8.26,
    "weightedAverageShsOut": 163010000,
    "weightedAverageShsOutDil": 164427000,
    "link": "https://www.sec.gov/Archives/edgar/data/746515/000095017023005412/0000950170-23-005412-index.htm",
    "finalLink": "https://www.sec.gov/Archives/edgar/data/746515/000095017023005412/expd-20221231.htm"
  },
  {
    "date": "2021-12-31",
    "symbol": "EXPD",
    "reportedCurrency": "USD",
    "cik": "0000746515",
    "fillingDate": "2022-03-15",
    "acceptedDate": "2022-03-15 16:10:21",
    "calendarYear": "2021",
    "period": "FY",
    "revenue": 16523517000,
    "costOfRevenue": 14358105000,
    "grossProfit": 2165412000,
    "grossProfitRatio": 0.1310503085,
    "researchAndDevelopmentExpenses": 0,
    "generalAndAdministrativeExpenses": 0,
    "sellingAndMarketingExpenses": 16026000,
    "sellingGeneralAndAdministrativeExpenses": 16026000,
    "otherExpenses": 240060000,
    "operatingExpenses": 256086000,
    "costAndExpenses": 14614191000,
    "interestIncome": 8807000,
    "interestExpense": 411000,
    "depreciationAndAmortization": 51312000,
    "ebitda": 1976339000,
    "ebitdaratio": 0.1196076477,
    "operatingIncome": 1909326000,
    "operatingIncomeRatio": 0.1155520341,
    "totalOtherIncomeExpensesNet": 15290000,
    "incomeBeforeTax": 1924616000,
    "incomeBeforeTaxRatio": 0.1164773819,
    "incomeTaxExpense": 505771000,
    "netIncome": 1415492000,
    "netIncomeRatio": 0.0856652975,
    "eps": 8.37,
    "epsdiluted": 8.27,
    "weightedAverageShsOut": 169145000,
    "weightedAverageShsOutDil": 171250000,
    "link": "https://www.sec.gov/Archives/edgar/data/746515/000156459022010381/0001564590-22-010381-index.htm",
    "finalLink": "https://www.sec.gov/Archives/edgar/data/746515/000156459022010381/expd-10k_20211231.htm"
  },
  {
    "date": "2020-12-31",
    "symbol": "EXPD",
    "reportedCurrency": "USD",
    "cik": "0000746515",
    "fillingDate": "2021-02-19",
    "acceptedDate": "2021-02-19 15:37:34",
    "calendarYear": "2020",
    "period": "FY",
    "revenue": 9584393000,
    "costOfRevenue": 8421628000,
    "grossProfit": 1162765000,
    "grossProfitRatio": 0.1213185853,
    "researchAndDevelopmentExpenses": 0,
    "generalAndAdministrativeExpenses": 0,
    "sellingAndMarketingExpenses": 18436000,
    "sellingGeneralAndAdministrativeExpenses": 18436000,
    "otherExpenses": 203892000,
    "operatingExpenses": 222328000,
    "costAndExpenses": 8643956000,
    "interestIncome": 10415000,
    "interestExpense": 219000,
    "depreciationAndAmortization": 56959000,
    "ebitda": 1013742000,
    "ebitdaratio": 0.1057700785,
    "operatingIncome": 940437000,
    "operatingIncomeRatio": 0.0981217068,
    "totalOtherIncomeExpensesNet": 16127000,
    "incomeBeforeTax": 956564000,
    "incomeBeforeTaxRatio": 0.0998043382,
    "incomeTaxExpense": 258350000,
    "netIncome": 696140000,
    "netIncomeRatio": 0.0726326644,
    "eps": 4.14,
    "epsdiluted": 4.07,
    "weightedAverageShsOut": 168333000,
    "weightedAverageShsOutDil": 170896000,
    "link": "https://www.sec.gov/Archives/edgar/data/746515/000156459021006925/0001564590-21-006925-index.htm",
    "finalLink": "https://www.sec.gov/Archives/edgar/data/746515/000156459021006925/expd-10k_20201231.htm"
  },
  {
    "date": "2019-12-31",
    "symbol": "EXPD",
    "reportedCurrency": "USD",
    "cik": "0000746515",
    "fillingDate": "2020-02-21",
    "acceptedDate": "2020-02-21 15:01:31",
    "calendarYear": "2019",
    "period": "FY",
    "revenue": 7942417000,
    "costOfRevenue": 6945396000,
    "grossProfit": 997021000,
    "grossProfitRatio": 0.1255311828,
    "researchAndDevelopmentExpenses": 0,
    "generalAndAdministrativeExpenses": 0,
    "sellingAndMarketingExpenses": 44002000,
    "sellingGeneralAndAdministrativeExpenses": 44002000,
    "otherExpenses": 186327000,
    "operatingExpenses": 230329000,
    "costAndExpenses": 7175725000,
    "interestIncome": 22803000,
    "interestExpense": 0,
    "depreciationAndAmortization": 50950000,
    "ebitda": 817642000,
    "ebitdaratio": 0.1029462442,
    "operatingIncome": 766692000,
    "operatingIncomeRatio": 0.0965313204,
    "totalOtherIncomeExpensesNet": 29102000,
    "incomeBeforeTax": 795794000,
    "incomeBeforeTaxRatio": 0.1001954443,
    "incomeTaxExpense": 203778000,
    "netIncome": 590395000,
    "netIncomeRatio": 0.0743344249,
    "eps": 3.45,
    "epsdiluted": 3.39,
    "weightedAverageShsOut": 170899000,
    "weightedAverageShsOutDil": 174209000,
    "link": "https://www.sec.gov/Archives/edgar/data/746515/000156459020005719/0001564590-20-005719-index.htm",
    "finalLink": "https://www.sec.gov/Archives/edgar/data/746515/000156459020005719/expd-10k_20191231.htm"
  },
  {
    "date": "2018-12-31",
    "symbol": "EXPD",
    "reportedCurrency": "USD",
    "cik": "0000746515",
    "fillingDate": "2019-02-22",
    "acceptedDate": "2019-02-22 11:48:37",
    "calendarYear": "2018",
    "period": "FY",
    "revenue": 8138365000,
    "costOfRevenue": 7118083000,
    "grossProfit": 1020282000,
    "grossProfitRatio": 0.1253669502,
    "researchAndDevelopmentExpenses": 0,
    "generalAndAdministrativeExpenses": 0,
    "sellingAndMarketingExpenses": 45346000,
    "sellingGeneralAndAdministrativeExpenses": 45346000,
    "otherExpenses": 178373000,
    "operatingExpenses": 223719000,
    "costAndExpenses": 7341802000,
    "interestIncome": 19153000,
    "interestExpense": 0,
    "depreciationAndAmortization": 54019000,
    "ebitda": 850582000,
    "ebitdaratio": 0.1045150961,
    "operatingIncome": 796563000,
    "operatingIncomeRatio": 0.0978775221,
    "totalOtherIncomeExpensesNet": 21766000,
    "incomeBeforeTax": 818329000,
    "incomeBeforeTaxRatio": 0.1005520151,
    "incomeTaxExpense": 198539000,
    "netIncome": 618199000,
    "netIncomeRatio": 0.0759610806,
    "eps": 3.55,
    "epsdiluted": 3.48,
    "weightedAverageShsOut": 174133000,
    "weightedAverageShsOutDil": 177833000,
    "link": "https://www.sec.gov/Archives/edgar/data/746515/000074651519000004/0000746515-19-000004-index.htm",
    "finalLink": "https://www.sec.gov/Archives/edgar/data/746515/000074651519000004/a201810-k.htm"
  },
  {
    "date": "2017-12-31",
    "symbol": "EXPD",
    "reportedCurrency": "USD",
    "cik": "0000746515",
    "fillingDate": "2018-02-23",
    "acceptedDate": "2018-02-23 10:05:38",
    "calendarYear": "2017",
    "period": "FY",
    "revenue": 6920948000,
    "costOfRevenue": 6037921000,
    "grossProfit": 883027000,
    "grossProfitRatio": 0.127587579,
    "researchAndDevelopmentExpenses": 0,
    "generalAndAdministrativeExpenses": 0,
    "sellingAndMarketingExpenses": 44290000,
    "sellingGeneralAndAdministrativeExpenses": 44290000,
    "otherExpenses": 138477000,
    "operatingExpenses": 182767000,
    "costAndExpenses": 6220688000,
    "interestIncome": 13204000,
    "interestExpense": 0,
    "depreciationAndAmortization": 49310000,
    "ebitda": 749570000,
    "ebitdaratio": 0.1083045271,
    "operatingIncome": 700260000,
    "operatingIncomeRatio": 0.1011797806,
    "totalOtherIncomeExpensesNet": 18335000,
    "incomeBeforeTax": 718595000,
    "incomeBeforeTaxRatio": 0.1038289841,
    "incomeTaxExpense": 228212000,
    "netIncome": 489345000,
    "netIncomeRatio": 0.0707049092,
    "eps": 2.73,
    "epsdiluted": 2.69,
    "weightedAverageShsOut": 179247000,
    "weightedAverageShsOutDil": 181666000,
    "link": "https://www.sec.gov/Archives/edgar/data/746515/000074651518000004/0000746515-18-000004-index.htm",
    "finalLink": "https://www.sec.gov/Archives/edgar/data/746515/000074651518000004/a201710-k.htm"
  },
  {
    "date": "2016-12-31",
    "symbol": "EXPD",
    "reportedCurrency": "USD",
    "cik": "0000746515",
    "fillingDate": "2017-02-23",
    "acceptedDate": "2017-02-23 16:12:35",
    "calendarYear": "2016",
    "period": "FY",
    "revenue": 6098037000,
    "costOfRevenue": 5247244000,
    "grossProfit": 850793000,
    "grossProfitRatio": 0.13951916,
    "researchAndDevelopmentExpenses": 0,
    "generalAndAdministrativeExpenses": 0,
    "sellingAndMarketingExpenses": 41763000,
    "sellingGeneralAndAdministrativeExpenses": 41763000,
    "otherExpenses": 138867000,
    "operatingExpenses": 180630000,
    "costAndExpenses": 5427874000,
    "interestIncome": 11580000,
    "interestExpense": 0,
    "depreciationAndAmortization": 46796000,
    "ebitda": 716959000,
    "ebitdaratio": 0.1175720974,
    "operatingIncome": 670163000,
    "operatingIncomeRatio": 0.1098981525,
    "totalOtherIncomeExpensesNet": 16693000,
    "incomeBeforeTax": 686856000,
    "incomeBeforeTaxRatio": 0.1126355908,
    "incomeTaxExpense": 254323000,
    "netIncome": 430807000,
    "netIncomeRatio": 0.0706468327,
    "eps": 2.38,
    "epsdiluted": 2.36,
    "weightedAverageShsOut": 181282000,
    "weightedAverageShsOutDil": 182704000,
    "link": "https://www.sec.gov/Archives/edgar/data/746515/000074651517000007/0000746515-17-000007-index.htm",
    "finalLink": "https://www.sec.gov/Archives/edgar/data/746515/000074651517000007/a201610-k.htm"
  },
  {
    "date": "2015-12-31",
    "symbol": "EXPD",
    "reportedCurrency": "USD",
    "cik": "0000746515",
    "fillingDate": "2016-02-25",
    "acceptedDate": "2016-02-25 12:27:46",
    "calendarYear": "2015",
    "period": "FY",
    "revenue": 6616632000,
    "costOfRevenue": 5720848000,
    "grossProfit": 895784000,
    "grossProfitRatio": 0.1353836816,
    "researchAndDevelopmentExpenses": 0,
    "generalAndAdministrativeExpenses": 0,
    "sellingAndMarketingExpenses": 41990000,
    "sellingGeneralAndAdministrativeExpenses": 41990000,
    "otherExpenses": 132310000,
    "operatingExpenses": 174300000,
    "costAndExpenses": 5895148000,
    "interestIncome": 10421000,
    "interestExpense": 0,
    "depreciationAndAmortization": 46012000,
    "ebitda": 767496000,
    "ebitdaratio": 0.1159949654,
    "operatingIncome": 721484000,
    "operatingIncomeRatio": 0.1090409743,
    "totalOtherIncomeExpensesNet": 15205000,
    "incomeBeforeTax": 736689000,
    "incomeBeforeTaxRatio": 0.1113389712,
    "incomeTaxExpense": 277192000,
    "netIncome": 457223000,
    "netIncomeRatio": 0.0691020749,
    "eps": 2.42,
    "epsdiluted": 2.4,
    "weightedAverageShsOut": 188941000,
    "weightedAverageShsOutDil": 190223000,
    "link": "https://www.sec.gov/Archives/edgar/data/746515/000074651516000053/0000746515-16-000053-index.htm",
    "finalLink": "https://www.sec.gov/Archives/edgar/data/746515/000074651516000053/a201510-k.htm"
  },
  {
    "date": "2014-12-31",
    "symbol": "EXPD",
    "reportedCurrency": "USD",
    "cik": "0000746515",
    "fillingDate": "2015-02-26",
    "acceptedDate": "2015-02-26 11:51:48",
    "calendarYear": "2014",
    "period": "FY",
    "revenue": 6564721000,
    "costOfRevenue": 5800725000,
    "grossProfit": 763996000,
    "grossProfitRatio": 0.116379051,
    "researchAndDevelopmentExpenses": 0,
    "generalAndAdministrativeExpenses": 0,
    "sellingAndMarketingExpenses": 38125000,
    "sellingGeneralAndAdministrativeExpenses": 38125000,
    "otherExpenses": 131223000,
    "operatingExpenses": 169348000,
    "costAndExpenses": 5970073000,
    "interestIncome": 10773000,
    "interestExpense": 0,
    "depreciationAndAmortization": 49292000,
    "ebitda": 643940000,
    "ebitdaratio": 0.0980909927,
    "operatingIncome": 594648000,
    "operatingIncomeRatio": 0.090582372,
    "totalOtherIncomeExpensesNet": 16241000,
    "incomeBeforeTax": 610889000,
    "incomeBeforeTaxRatio": 0.0930563538,
    "incomeTaxExpense": 231429000,
    "netIncome": 376888000,
    "netIncomeRatio": 0.0574111223,
    "eps": 1.92,
    "epsdiluted": 1.92,
    "weightedAverageShsOut": 196146676,
    "weightedAverageShsOutDil": 196768067,
    "link": "https://www.sec.gov/Archives/edgar/data/746515/000074651515000004/0000746515-15-000004-index.htm",
    "finalLink": "https://www.sec.gov/Archives/edgar/data/746515/000074651515000004/a201410-k.htm"
  },
  {
    "date": "2013-12-31",
    "symbol": "EXPD",
    "reportedCurrency": "USD",
    "cik": "0000746515",
    "fillingDate": "2014-02-27",
    "acceptedDate": "2014-02-27 16:27:51",
    "calendarYear": "2013",
    "period": "FY",
    "revenue": 6080257000,
    "costOfRevenue": 5376513000,
    "grossProfit": 703744000,
    "grossProfitRatio": 0.115742476,
    "researchAndDevelopmentExpenses": 0,
    "generalAndAdministrativeExpenses": 0,
    "sellingAndMarketingExpenses": 33243000,
    "sellingGeneralAndAdministrativeExpenses": 33243000,
    "otherExpenses": 118428000,
    "operatingExpenses": 151671000,
    "costAndExpenses": 5528184000,
    "interestIncome": 11810000,
    "interestExpense": 0,
    "depreciationAndAmortization": 48071000,
    "ebitda": 600144000,
    "ebitdaratio": 0.0987037226,
    "operatingIncome": 552073000,
    "operatingIncomeRatio": 0.0907976423,
    "totalOtherIncomeExpensesNet": 20523000,
    "incomeBeforeTax": 572596000,
    "incomeBeforeTaxRatio": 0.094172993,
    "incomeTaxExpense": 222585000,
    "netIncome": 348526000,
    "netIncomeRatio": 0.0573209323,
    "eps": 1.69,
    "epsdiluted": 1.68,
    "weightedAverageShsOut": 205994656,
    "weightedAverageShsOutDil": 206895473,
    "link": "https://www.sec.gov/Archives/edgar/data/746515/000074651514000004/0000746515-14-000004-index.htm",
    "finalLink": "https://www.sec.gov/Archives/edgar/data/746515/000074651514000004/a201310-k.htm"
  },
  {
    "date": "2012-12-31",
    "symbol": "EXPD",
    "reportedCurrency": "USD",
    "cik": "0000746515",
    "fillingDate": "2013-02-27",
    "acceptedDate": "2013-02-27 16:19:24",
    "calendarYear": "2012",
    "period": "FY",
    "revenue": 5992215000,
    "costOfRevenue": 5290417000,
    "grossProfit": 701798000,
    "grossProfitRatio": 0.1171182943,
    "researchAndDevelopmentExpenses": 0,
    "generalAndAdministrativeExpenses": 0,
    "sellingAndMarketingExpenses": 34184000,
    "sellingGeneralAndAdministrativeExpenses": 34184000,
    "otherExpenses": 136816000,
    "operatingExpenses": 171000000,
    "costAndExpenses": 5461417000,
    "interestIncome": 12763000,
    "interestExpense": 1251000,
    "depreciationAndAmortization": 39940000,
    "ebitda": 570738000,
    "ebitdaratio": 0.0952465824,
    "operatingIncome": 530798000,
    "operatingIncomeRatio": 0.0885812675,
    "totalOtherIncomeExpensesNet": 19595000,
    "incomeBeforeTax": 550393000,
    "incomeBeforeTaxRatio": 0.0918513438,
    "incomeTaxExpense": 217424000,
    "netIncome": 333360000,
    "netIncomeRatio": 0.0556321828,
    "eps": 1.58,
    "epsdiluted": 1.57,
    "weightedAverageShsOut": 210422945,
    "weightedAverageShsOutDil": 211935171,
    "link": "https://www.sec.gov/Archives/edgar/data/746515/000074651513000004/0000746515-13-000004-index.htm",
    "finalLink": "https://www.sec.gov/Archives/edgar/data/746515/000074651513000004/a201210-k.htm"
  },
  {
    "date": "2011-12-31",
    "symbol": "EXPD",
    "reportedCurrency": "USD",
    "cik": "0000746515",
    "fillingDate": "2012-02-28",
    "acceptedDate": "2012-02-28 16:08:04",
    "calendarYear": "2011",
    "period": "FY",
    "revenue": 6161537000,
    "costOfRevenue": 5378933000,
    "grossProfit": 782604000,
    "grossProfitRatio": 0.1270144122,
    "researchAndDevelopmentExpenses": 0,
    "generalAndAdministrativeExpenses": 0,
    "sellingAndMarketingExpenses": 38974000,
    "sellingGeneralAndAdministrativeExpenses": 38974000,
    "otherExpenses": 125303000,
    "operatingExpenses": 164277000,
    "costAndExpenses": 5543210000,
    "interestIncome": 10235000,
    "interestExpense": 970000,
    "depreciationAndAmortization": 36776000,
    "ebitda": 655103000,
    "ebitdaratio": 0.1063213611,
    "operatingIncome": 618327000,
    "operatingIncomeRatio": 0.1003527204,
    "totalOtherIncomeExpensesNet": 19701000,
    "incomeBeforeTax": 638028000,
    "incomeBeforeTaxRatio": 0.1035501369,
    "incomeTaxExpense": 251785000,
    "netIncome": 385679000,
    "netIncomeRatio": 0.0625946091,
    "eps": 1.82,
    "epsdiluted": 1.79,
    "weightedAverageShsOut": 212117511,
    "weightedAverageShsOutDil": 215033580,
    "link": "https://www.sec.gov/Archives/edgar/data/746515/000074651512000006/0000746515-12-000006-index.htm",
    "finalLink": "https://www.sec.gov/Archives/edgar/data/746515/000074651512000006/a201110-k.htm"
  },
  {
    "date": "2010-12-31",
    "symbol": "EXPD",
    "reportedCurrency": "USD",
    "cik": "0000746515",
    "fillingDate": "2011-02-28",
    "acceptedDate": "2011-02-28 15:39:55",
    "calendarYear": "2010",
    "period": "FY",
    "revenue": 5967573000,
    "costOfRevenue": 5283028000,
    "grossProfit": 684545000,
    "grossProfitRatio": 0.1147107878,
    "researchAndDevelopmentExpenses": 0,
    "generalAndAdministrativeExpenses": 0,
    "sellingAndMarketingExpenses": 32055000,
    "sellingGeneralAndAdministrativeExpenses": 32055000,
    "otherExpenses": 105260000,
    "operatingExpenses": 137315000,
    "costAndExpenses": 5420343000,
    "interestIncome": 7002000,
    "interestExpense": 576000,
    "depreciationAndAmortization": 36900000,
    "ebitda": 601544000,
    "ebitdaratio": 0.1008021184,
    "operatingIncome": 547230000,
    "operatingIncomeRatio": 0.0917005959,
    "totalOtherIncomeExpensesNet": 16838000,
    "incomeBeforeTax": 564068000,
    "incomeBeforeTaxRatio": 0.0945221784,
    "incomeTaxExpense": 219863000,
    "netIncome": 344172000,
    "netIncomeRatio": 0.0576736975,
    "eps": 1.62,
    "epsdiluted": 1.59,
    "weightedAverageShsOut": 212283966,
    "weightedAverageShsOutDil": 216446656,
    "link": "https://www.sec.gov/Archives/edgar/data/746515/000119312511049764/0001193125-11-049764-index.htm",
    "finalLink": "https://www.sec.gov/Archives/edgar/data/746515/000119312511049764/d10k.htm"
  },
  {
    "date": "2009-12-31",
    "symbol": "EXPD",
    "reportedCurrency": "USD",
    "cik": "0000746515",
    "fillingDate": "2010-02-26",
    "acceptedDate": "2010-02-26 16:26:57",
    "calendarYear": "2009",
    "period": "FY",
    "revenue": 4092283000,
    "costOfRevenue": 2709497000,
    "grossProfit": 1382786000,
    "grossProfitRatio": 0.3379008734,
    "researchAndDevelopmentExpenses": 0,
    "generalAndAdministrativeExpenses": 848538000,
    "sellingAndMarketingExpenses": 26295000,
    "sellingGeneralAndAdministrativeExpenses": 874833000,
    "otherExpenses": 122952000,
    "operatingExpenses": 997785000,
    "costAndExpenses": 3707282000,
    "interestIncome": 10177000,
    "interestExpense": 499000,
    "depreciationAndAmortization": 41555000,
    "ebitda": 444926000,
    "ebitdaratio": 0.1087231748,
    "operatingIncome": 385001000,
    "operatingIncomeRatio": 0.0940797594,
    "totalOtherIncomeExpensesNet": 17871000,
    "incomeBeforeTax": 402872000,
    "incomeBeforeTaxRatio": 0.0984467594,
    "incomeTaxExpense": 162475000,
    "netIncome": 240217000,
    "netIncomeRatio": 0.058699997,
    "eps": 1.13,
    "epsdiluted": 1.11,
    "weightedAverageShsOut": 212112744,
    "weightedAverageShsOutDil": 216533240,
    "link": "https://www.sec.gov/Archives/edgar/data/746515/000119312510042974/0001193125-10-042974-index.htm",
    "finalLink": "https://www.sec.gov/Archives/edgar/data/746515/000119312510042974/d10k.htm"
  },
  {
    "date": "2008-12-31",
    "symbol": "EXPD",
    "reportedCurrency": "USD",
    "cik": "0000746515",
    "fillingDate": "2009-02-27",
    "acceptedDate": "2009-02-27 16:10:02",
    "calendarYear": "2008",
    "period": "FY",
    "revenue": 5633878000,
    "costOfRevenue": 4030617000,
    "grossProfit": 1603261000,
    "grossProfitRatio": 0.2845750298,
    "researchAndDevelopmentExpenses": 0,
    "generalAndAdministrativeExpenses": 940830000,
    "sellingAndMarketingExpenses": 37778000,
    "sellingGeneralAndAdministrativeExpenses": 978608000,
    "otherExpenses": 151517000,
    "operatingExpenses": 1130125000,
    "costAndExpenses": 5160742000,
    "interestIncome": 21077000,
    "interestExpense": 183000,
    "depreciationAndAmortization": 41621000,
    "ebitda": 541376000,
    "ebitdaratio": 0.0960929576,
    "operatingIncome": 473136000,
    "operatingIncomeRatio": 0.0839805193,
    "totalOtherIncomeExpensesNet": 26436000,
    "incomeBeforeTax": 499572000,
    "incomeBeforeTaxRatio": 0.0886728467,
    "incomeTaxExpense": 196593000,
    "netIncome": 301014000,
    "netIncomeRatio": 0.053429272,
    "eps": 1.41,
    "epsdiluted": 1.37,
    "weightedAverageShsOut": 212755946,
    "weightedAverageShsOutDil": 219170003,
    "link": "https://www.sec.gov/Archives/edgar/data/746515/000119312509040947/0001193125-09-040947-index.htm",
    "finalLink": "https://www.sec.gov/Archives/edgar/data/746515/000119312509040947/d10k.htm"
  },
  {
    "date": "2007-12-31",
    "symbol": "EXPD",
    "reportedCurrency": "USD",
    "cik": "0000746515",
    "fillingDate": "2008-02-29",
    "acceptedDate": "2008-02-28 17:45:35",
    "calendarYear": "2007",
    "period": "FY",
    "revenue": 5235171000,
    "costOfRevenue": 3714534000,
    "grossProfit": 1520637000,
    "grossProfitRatio": 0.2904655836,
    "researchAndDevelopmentExpenses": 0,
    "generalAndAdministrativeExpenses": 791879000,
    "sellingAndMarketingExpenses": 38735000,
    "sellingGeneralAndAdministrativeExpenses": 830614000,
    "otherExpenses": 266623000,
    "operatingExpenses": 1097237000,
    "costAndExpenses": 4811771000,
    "interestIncome": 22341000,
    "interestExpense": 45000,
    "depreciationAndAmortization": 40786000,
    "ebitda": 490504000,
    "ebitdaratio": 0.0936939787,
    "operatingIncome": 423400000,
    "operatingIncomeRatio": 0.0808760593,
    "totalOtherIncomeExpensesNet": 26273000,
    "incomeBeforeTax": 449673000,
    "incomeBeforeTaxRatio": 0.0858946155,
    "incomeTaxExpense": 179815000,
    "netIncome": 269154000,
    "netIncomeRatio": 0.0514126473,
    "eps": 1.26,
    "epsdiluted": 1.21,
    "weightedAverageShsOut": 213314761,
    "weightedAverageShsOutDil": 221799868,
    "link": "https://www.sec.gov/Archives/edgar/data/746515/000110465908013877/0001104659-08-013877-index.htm",
    "finalLink": "https://www.sec.gov/Archives/edgar/data/746515/000110465908013877/a08-2452_110k.htm"
  },
  {
    "date": "2006-12-31",
    "symbol": "EXPD",
    "reportedCurrency": "USD",
    "cik": "0000746515",
    "fillingDate": "2007-03-01",
    "acceptedDate": "2007-03-01 15:01:40",
    "calendarYear": "2006",
    "period": "FY",
    "revenue": 4633987000,
    "costOfRevenue": 3281400000,
    "grossProfit": 1352587000,
    "grossProfitRatio": 0.291884073,
    "researchAndDevelopmentExpenses": 0,
    "generalAndAdministrativeExpenses": 701824000,
    "sellingAndMarketingExpenses": 35050000,
    "sellingGeneralAndAdministrativeExpenses": 736874000,
    "otherExpenses": 240597000,
    "operatingExpenses": 977471000,
    "costAndExpenses": 4258871000,
    "interestIncome": 18020000,
    "interestExpense": 198000,
    "depreciationAndAmortization": 36817000,
    "ebitda": 432679000,
    "ebitdaratio": 0.0933707842,
    "operatingIncome": 375116000,
    "operatingIncomeRatio": 0.0809488676,
    "totalOtherIncomeExpensesNet": 20548000,
    "incomeBeforeTax": 395664000,
    "incomeBeforeTaxRatio": 0.0853830621,
    "incomeTaxExpense": 160661000,
    "netIncome": 235094000,
    "netIncomeRatio": 0.0507325549,
    "eps": 1.1,
    "epsdiluted": 1.06,
    "weightedAverageShsOut": 213454579,
    "weightedAverageShsOutDil": 222223312,
    "link": "https://www.sec.gov/Archives/edgar/data/746515/000110465907015464/0001104659-07-015464-index.htm",
    "finalLink": "https://www.sec.gov/Archives/edgar/data/746515/000110465907015464/a07-5151_110k.htm"
  },
  {
    "date": "2005-12-31",
    "symbol": "EXPD",
    "reportedCurrency": "USD",
    "cik": "0000746515",
    "fillingDate": "2006-03-16",
    "acceptedDate": "2006-03-16 13:08:49",
    "calendarYear": "2005",
    "period": "FY",
    "revenue": 3901781000,
    "costOfRevenue": 2787747000,
    "grossProfit": 1114034000,
    "grossProfitRatio": 0.2855193564,
    "researchAndDevelopmentExpenses": 0,
    "generalAndAdministrativeExpenses": 596804000,
    "sellingAndMarketingExpenses": 29892000,
    "sellingGeneralAndAdministrativeExpenses": 626696000,
    "otherExpenses": 216285000,
    "operatingExpenses": 842981000,
    "costAndExpenses": 3630728000,
    "interestIncome": 11415000,
    "interestExpense": 313000,
    "depreciationAndAmortization": 32310000,
    "ebitda": 319320000,
    "ebitdaratio": 0.0818395497,
    "operatingIncome": 271053000,
    "operatingIncomeRatio": 0.069469045,
    "totalOtherIncomeExpensesNet": 15644000,
    "incomeBeforeTax": 286697000,
    "incomeBeforeTaxRatio": 0.0734784961,
    "incomeTaxExpense": 89365000,
    "netIncome": 190436000,
    "netIncomeRatio": 0.0488074549,
    "eps": 0.89,
    "epsdiluted": 0.86,
    "weightedAverageShsOut": 213555102,
    "weightedAverageShsOutDil": 220230176,
    "link": "https://www.sec.gov/Archives/edgar/data/746515/000110465906017206/0001104659-06-017206-index.htm",
    "finalLink": "https://www.sec.gov/Archives/edgar/data/746515/000110465906017206/a06-1907_110k.htm"
  },
  {
    "date": "2004-12-31",
    "symbol": "EXPD",
    "reportedCurrency": "USD",
    "cik": "0000746515",
    "fillingDate": "2005-03-16",
    "acceptedDate": "2005-03-16 16:05:09",
    "calendarYear": "2004",
    "period": "FY",
    "revenue": 3317989000,
    "costOfRevenue": 2588930000,
    "grossProfit": 729059000,
    "grossProfitRatio": 0.2197291793,
    "researchAndDevelopmentExpenses": 0,
    "generalAndAdministrativeExpenses": 79868000,
    "sellingAndMarketingExpenses": 0,
    "sellingGeneralAndAdministrativeExpenses": 79868000,
    "otherExpenses": 408146000,
    "operatingExpenses": 488014000,
    "costAndExpenses": 3076944000,
    "interestIncome": 0,
    "interestExpense": 0,
    "depreciationAndAmortization": -26703000,
    "ebitda": -1836499000,
    "ebitdaratio": -0.5534976156,
    "operatingIncome": 241045000,
    "operatingIncomeRatio": 0.0726479202,
    "totalOtherIncomeExpensesNet": -26125000,
    "incomeBeforeTax": 214920000,
    "incomeBeforeTaxRatio": 0.064774175,
    "incomeTaxExpense": 84971000,
    "netIncome": 129949000,
    "netIncomeRatio": 0.0391649882,
    "eps": 0.61,
    "epsdiluted": 0.59,
    "weightedAverageShsOut": 212768000,
    "weightedAverageShsOutDil": 220117000,
    "link": "https://www.sec.gov/Archives/edgar/data/746515/000110465905011481/0001104659-05-011481-index.htm",
    "finalLink": "https://www.sec.gov/Archives/edgar/data/746515/000110465905011481/a05-1820_110k.htm"
  },
  {
    "date": "2003-12-31",
    "symbol": "EXPD",
    "reportedCurrency": "USD",
    "cik": "0000746515",
    "fillingDate": "2004-03-15",
    "acceptedDate": "2004-03-15 15:20:14",
    "calendarYear": "2003",
    "period": "FY",
    "revenue": 2624941000,
    "costOfRevenue": 2038916000,
    "grossProfit": 586025000,
    "grossProfitRatio": 0.2232526369,
    "researchAndDevelopmentExpenses": 0,
    "generalAndAdministrativeExpenses": 70596000,
    "sellingAndMarketingExpenses": 0,
    "sellingGeneralAndAdministrativeExpenses": 70596000,
    "otherExpenses": 328667000,
    "operatingExpenses": 399263000,
    "costAndExpenses": 2438179000,
    "interestIncome": 0,
    "interestExpense": 0,
    "depreciationAndAmortization": -24392000,
    "ebitda": -1429287000,
    "ebitdaratio": -0.5445025241,
    "operatingIncome": 186762000,
    "operatingIncomeRatio": 0.0711490277,
    "totalOtherIncomeExpensesNet": -16650000,
    "incomeBeforeTax": 170112000,
    "incomeBeforeTaxRatio": 0.064806028,
    "incomeTaxExpense": 71142000,
    "netIncome": 98970000,
    "netIncomeRatio": 0.0377037046,
    "eps": 0.47,
    "epsdiluted": 0.46,
    "weightedAverageShsOut": 209467000,
    "weightedAverageShsOutDil": 216228000,
    "link": "https://www.sec.gov/Archives/edgar/data/746515/000110465904007431/0001104659-04-007431-index.htm",
    "finalLink": "https://www.sec.gov/Archives/edgar/data/746515/000110465904007431/a04-3231_110k.htm"
  },
  {
    "date": "2002-12-31",
    "symbol": "EXPD",
    "reportedCurrency": "USD",
    "cik": "0000746515",
    "fillingDate": "2003-03-28",
    "acceptedDate": "2003-03-27 19:31:11",
    "calendarYear": "2002",
    "period": "FY",
    "revenue": 2296903000,
    "costOfRevenue": 1764420000,
    "grossProfit": 532483000,
    "grossProfitRatio": 0.2318265073,
    "researchAndDevelopmentExpenses": 0,
    "generalAndAdministrativeExpenses": 60612000,
    "sellingAndMarketingExpenses": 0,
    "sellingGeneralAndAdministrativeExpenses": 60612000,
    "otherExpenses": 300862000,
    "operatingExpenses": 361474000,
    "costAndExpenses": 2125894000,
    "interestIncome": 0,
    "interestExpense": 0,
    "depreciationAndAmortization": -22725000,
    "ebitda": -1210917000,
    "ebitdaratio": -0.5271955324,
    "operatingIncome": 171009000,
    "operatingIncomeRatio": 0.0744519904,
    "totalOtherIncomeExpensesNet": 6981000,
    "incomeBeforeTax": 177990000,
    "incomeBeforeTaxRatio": 0.0774913002,
    "incomeTaxExpense": 65461000,
    "netIncome": 112529000,
    "netIncomeRatio": 0.0489916205,
    "eps": 0.45,
    "epsdiluted": 0.44,
    "weightedAverageShsOut": 207786000,
    "weightedAverageShsOutDil": 213417000,
    "link": "https://www.sec.gov/Archives/edgar/data/746515/000110465903005167/0001104659-03-005167-index.htm",
    "finalLink": "https://www.sec.gov/Archives/edgar/data/746515/000110465903005167/j8814_10k.htm"
  },
  {
    "date": "2001-12-31",
    "symbol": "EXPD",
    "reportedCurrency": "USD",
    "cik": "0000746515",
    "fillingDate": "2002-04-01",
    "acceptedDate": "2002-04-01 00:00:00",
    "calendarYear": "2001",
    "period": "FY",
    "revenue": 1883070000,
    "costOfRevenue": 1404095000,
    "grossProfit": 478975000,
    "grossProfitRatio": 0.254358574,
    "researchAndDevelopmentExpenses": 0,
    "generalAndAdministrativeExpenses": 361839000,
    "sellingAndMarketingExpenses": 20163000,
    "sellingGeneralAndAdministrativeExpenses": 382002000,
    "otherExpenses": -49044000,
    "operatingExpenses": 332958000,
    "costAndExpenses": 1737053000,
    "interestIncome": 0,
    "interestExpense": 0,
    "depreciationAndAmortization": 23544000,
    "ebitda": -1270828000,
    "ebitdaratio": -0.6748702916,
    "operatingIncome": 146017000,
    "operatingIncomeRatio": 0.0775419926,
    "totalOtherIncomeExpensesNet": 8277000,
    "incomeBeforeTax": 154294000,
    "incomeBeforeTaxRatio": 0.0819374744,
    "incomeTaxExpense": 57051000,
    "netIncome": 97243000,
    "netIncomeRatio": 0.0516406719,
    "eps": 0.47,
    "epsdiluted": 0.45,
    "weightedAverageShsOut": 208319008,
    "weightedAverageShsOutDil": 219482680,
    "link": "https://www.sec.gov/Archives/edgar/data/746515/000110465902001275/0001104659-02-001275-index.htm",
    "finalLink": "https://www.sec.gov/Archives/edgar/data/746515/000110465902001275/j3135_10k.htm"
  },
  {
    "date": "2000-12-31",
    "symbol": "EXPD",
    "reportedCurrency": "USD",
    "cik": "0000746515",
    "fillingDate": "2001-04-02",
    "acceptedDate": "2001-04-02 00:00:00",
    "calendarYear": "2000",
    "period": "FY",
    "revenue": 1906726000,
    "costOfRevenue": 1253754000,
    "grossProfit": 652972000,
    "grossProfitRatio": 0.3424571753,
    "researchAndDevelopmentExpenses": 0,
    "generalAndAdministrativeExpenses": 39621000,
    "sellingAndMarketingExpenses": 0,
    "sellingGeneralAndAdministrativeExpenses": 39621000,
    "otherExpenses": 485827000,
    "operatingExpenses": 525448000,
    "costAndExpenses": 1779202000,
    "interestIncome": 0,
    "interestExpense": 0,
    "depreciationAndAmortization": -22481000,
    "ebitda": -601623000,
    "ebitdaratio": -0.3155267196,
    "operatingIncome": 127524000,
    "operatingIncomeRatio": 0.0668811355,
    "totalOtherIncomeExpensesNet": 5824000,
    "incomeBeforeTax": 133348000,
    "incomeBeforeTaxRatio": 0.0699355859,
    "incomeTaxExpense": 50313000,
    "netIncome": 83035000,
    "netIncomeRatio": 0.04354847,
    "eps": 0.1,
    "epsdiluted": 0.0942,
    "weightedAverageShsOut": 829625064,
    "weightedAverageShsOutDil": 881051232,
    "link": "https://www.sec.gov/Archives/edgar/data/746515/000091205701506328/0000912057-01-506328-index.htm",
    "finalLink": "https://www.sec.gov/Archives/edgar/data/746515/000091205701506328/a2042753z10-k.htm"
  },
  {
    "date": "1999-12-31",
    "symbol": "EXPD",
    "reportedCurrency": "USD",
    "cik": "0000746515",
    "fillingDate": "2000-03-29",
    "acceptedDate": "2000-03-29 00:00:00",
    "calendarYear": "1999",
    "period": "FY",
    "revenue": 1444575000,
    "costOfRevenue": 1090565000,
    "grossProfit": 354010000,
    "grossProfitRatio": 0.2450616963,
    "researchAndDevelopmentExpenses": 0,
    "generalAndAdministrativeExpenses": 258508000,
    "sellingAndMarketingExpenses": 16896000,
    "sellingGeneralAndAdministrativeExpenses": 275404000,
    "otherExpenses": -14717000,
    "operatingExpenses": 260687000,
    "costAndExpenses": 1351252000,
    "interestIncome": 0,
    "interestExpense": 0,
    "depreciationAndAmortization": 20819000,
    "ebitda": -994191000,
    "ebitdaratio": -0.6882238721,
    "operatingIncome": 93323000,
    "operatingIncomeRatio": 0.0646023917,
    "totalOtherIncomeExpensesNet": 1322000,
    "incomeBeforeTax": 94645000,
    "incomeBeforeTaxRatio": 0.0655175398,
    "incomeTaxExpense": 35470000,
    "netIncome": 59175000,
    "netIncomeRatio": 0.0409636052,
    "eps": 0.3,
    "epsdiluted": 0.28,
    "weightedAverageShsOut": 200548180,
    "weightedAverageShsOutDil": 215311268,
    "link": "https://www.sec.gov/Archives/edgar/data/746515/000091205700014506/0000912057-00-014506-index.html",
    "finalLink": "https://www.sec.gov/Archives/edgar/data/746515/000091205700014506/"
  },
  {
    "date": "1998-12-31",
    "symbol": "EXPD",
    "reportedCurrency": "USD",
    "cik": "0000746515",
    "fillingDate": "1999-03-31",
    "acceptedDate": "1999-03-31 00:00:00",
    "calendarYear": "1998",
    "period": "FY",
    "revenue": 1063707000,
    "costOfRevenue": 785000000,
    "grossProfit": 278707000,
    "grossProfitRatio": 0.2620148218,
    "researchAndDevelopmentExpenses": 0,
    "generalAndAdministrativeExpenses": 205788000,
    "sellingAndMarketingExpenses": 15018000,
    "sellingGeneralAndAdministrativeExpenses": 220806000,
    "otherExpenses": -15471000,
    "operatingExpenses": 205335000,
    "costAndExpenses": 990335000,
    "interestIncome": 0,
    "interestExpense": 0,
    "depreciationAndAmortization": 15547000,
    "ebitda": -711581000,
    "ebitdaratio": -0.6689633518,
    "operatingIncome": 73372000,
    "operatingIncomeRatio": 0.0689776414,
    "totalOtherIncomeExpensesNet": 2205000,
    "incomeBeforeTax": 75577000,
    "incomeBeforeTaxRatio": 0.0710505807,
    "incomeTaxExpense": 28303000,
    "netIncome": 47274000,
    "netIncomeRatio": 0.0444426896,
    "eps": 0.24,
    "epsdiluted": 0.22,
    "weightedAverageShsOut": 196937752,
    "weightedAverageShsOutDil": 212233536,
    "link": "https://www.sec.gov/Archives/edgar/data/746515/000104746999013075/0001047469-99-013075-index.html",
    "finalLink": "https://www.sec.gov/Archives/edgar/data/746515/"
  },
  {
    "date": "1997-12-31",
    "symbol": "EXPD",
    "reportedCurrency": "USD",
    "cik": "0000746515",
    "fillingDate": "1998-03-31",
    "acceptedDate": "1998-03-31 00:00:00",
    "calendarYear": "1997",
    "period": "FY",
    "revenue": 954002000,
    "costOfRevenue": 726600000,
    "grossProfit": 227402000,
    "grossProfitRatio": 0.2383663766,
    "researchAndDevelopmentExpenses": 0,
    "generalAndAdministrativeExpenses": 24300000,
    "sellingAndMarketingExpenses": 0,
    "sellingGeneralAndAdministrativeExpenses": 24300000,
    "otherExpenses": 143187000,
    "operatingExpenses": 167487000,
    "costAndExpenses": 894087000,
    "interestIncome": 0,
    "interestExpense": 0,
    "depreciationAndAmortization": -11700000,
    "ebitda": -501898000,
    "ebitdaratio": -0.5260974296,
    "operatingIncome": 59915000,
    "operatingIncomeRatio": 0.0628038516,
    "totalOtherIncomeExpensesNet": 2685000,
    "incomeBeforeTax": 62600000,
    "incomeBeforeTaxRatio": 0.0656183111,
    "incomeTaxExpense": 24200000,
    "netIncome": 38400000,
    "netIncomeRatio": 0.0402514879,
    "eps": 0.0247,
    "epsdiluted": 0.0228,
    "weightedAverageShsOut": 196368000,
    "weightedAverageShsOutDil": 196368000,
    "link": "https://www.sec.gov/Archives/edgar/data/746515/000104746998013043/0001047469-98-013043-index.html",
    "finalLink": "https://www.sec.gov/Archives/edgar/data/746515/"
  },
  {
    "date": "1996-12-31",
    "symbol": "EXPD",
    "reportedCurrency": "USD",
    "cik": "0000746515",
    "fillingDate": "1997-03-31",
    "acceptedDate": "1997-03-31 00:00:00",
    "calendarYear": "1996",
    "period": "FY",
    "revenue": 730088000,
    "costOfRevenue": 573300000,
    "grossProfit": 156788000,
    "grossProfitRatio": 0.2147521943,
    "researchAndDevelopmentExpenses": 0,
    "generalAndAdministrativeExpenses": 117097000,
    "sellingAndMarketingExpenses": 10409000,
    "sellingGeneralAndAdministrativeExpenses": 127506000,
    "otherExpenses": -8143000,
    "operatingExpenses": 119363000,
    "costAndExpenses": 692663000,
    "interestIncome": 0,
    "interestExpense": 0,
    "depreciationAndAmortization": 8147000,
    "ebitda": -536028000,
    "ebitdaratio": -0.7341964256,
    "operatingIncome": 37425000,
    "operatingIncomeRatio": 0.0512609439,
    "totalOtherIncomeExpensesNet": 2159000,
    "incomeBeforeTax": 39584000,
    "incomeBeforeTaxRatio": 0.0542181217,
    "incomeTaxExpense": 15321000,
    "netIncome": 24263000,
    "netIncomeRatio": 0.0332329801,
    "eps": 0.12,
    "epsdiluted": 0.12,
    "weightedAverageShsOut": 205154368,
    "weightedAverageShsOutDil": 205154368,
    "link": "https://www.sec.gov/Archives/edgar/data/746515/000091205797011191/0000912057-97-011191-index.html",
    "finalLink": "https://www.sec.gov/Archives/edgar/data/746515/"
  },
  {
    "date": "1995-12-31",
    "symbol": "EXPD",
    "reportedCurrency": "USD",
    "cik": "0000746515",
    "fillingDate": "1996-04-01",
    "acceptedDate": "1996-04-01 00:00:00",
    "calendarYear": "1995",
    "period": "FY",
    "revenue": 584700000,
    "costOfRevenue": 465800000,
    "grossProfit": 118900000,
    "grossProfitRatio": 0.2033521464,
    "researchAndDevelopmentExpenses": 0,
    "generalAndAdministrativeExpenses": 14200000,
    "sellingAndMarketingExpenses": 0,
    "sellingGeneralAndAdministrativeExpenses": 14200000,
    "otherExpenses": 77849000,
    "operatingExpenses": 92049000,
    "costAndExpenses": 557849000,
    "interestIncome": 0,
    "interestExpense": 0,
    "depreciationAndAmortization": -6900000,
    "ebitda": -347700000,
    "ebitdaratio": -0.5946639302,
    "operatingIncome": 26851000,
    "operatingIncomeRatio": 0.0459226954,
    "totalOtherIncomeExpensesNet": 1549000,
    "incomeBeforeTax": 28400000,
    "incomeBeforeTaxRatio": 0.0485719172,
    "incomeTaxExpense": 11000000,
    "netIncome": 17400000,
    "netIncomeRatio": 0.0297588507,
    "eps": 0.0058,
    "epsdiluted": 0.0055,
    "weightedAverageShsOut": 192176000,
    "weightedAverageShsOutDil": 192176000,
    "link": "https://www.sec.gov/Archives/edgar/data/746515/000091205796005655/0000912057-96-005655-index.html",
    "finalLink": "https://www.sec.gov/Archives/edgar/data/746515/"
  },
  {
    "date": "1994-12-31",
    "symbol": "EXPD",
    "reportedCurrency": "USD",
    "cik": "0000746515",
    "fillingDate": "1994-12-31",
    "acceptedDate": "1994-12-31 00:00:00",
    "calendarYear": "1994",
    "period": "FY",
    "revenue": 450600000,
    "costOfRevenue": 360300000,
    "grossProfit": 90300000,
    "grossProfitRatio": 0.2003994674,
    "researchAndDevelopmentExpenses": 0,
    "generalAndAdministrativeExpenses": 10900000,
    "sellingAndMarketingExpenses": 0,
    "sellingGeneralAndAdministrativeExpenses": 10900000,
    "otherExpenses": 79400000,
    "operatingExpenses": 90300000,
    "costAndExpenses": 450600000,
    "interestIncome": 0,
    "interestExpense": 0,
    "depreciationAndAmortization": -5200000,
    "ebitda": -269700000,
    "ebitdaratio": -0.5985352863,
    "operatingIncome": -274900000,
    "operatingIncomeRatio": -0.6100754549,
    "totalOtherIncomeExpensesNet": 297300000,
    "incomeBeforeTax": 22400000,
    "incomeBeforeTaxRatio": 0.0497114958,
    "incomeTaxExpense": 9200000,
    "netIncome": 13200000,
    "netIncomeRatio": 0.0292942743,
    "eps": 0.0044,
    "epsdiluted": 0.0042,
    "weightedAverageShsOut": 190960000,
    "weightedAverageShsOutDil": 190960000,
    "link": null,
    "finalLink": null
  },
  {
    "date": "1993-12-31",
    "symbol": "EXPD",
    "reportedCurrency": "USD",
    "cik": "0000746515",
    "fillingDate": "1993-12-31",
    "acceptedDate": "1993-12-31 00:00:00",
    "calendarYear": "1993",
    "period": "FY",
    "revenue": 361500000,
    "costOfRevenue": 267900000,
    "grossProfit": 93600000,
    "grossProfitRatio": 0.2589211618,
    "researchAndDevelopmentExpenses": 0,
    "generalAndAdministrativeExpenses": 0,
    "sellingAndMarketingExpenses": 0,
    "sellingGeneralAndAdministrativeExpenses": 73400000,
    "otherExpenses": 20200000,
    "operatingExpenses": 93600000,
    "costAndExpenses": 361500000,
    "interestIncome": 0,
    "interestExpense": 0,
    "depreciationAndAmortization": -3900000,
    "ebitda": 20200000,
    "ebitdaratio": 0.0558782849,
    "operatingIncome": 16300000,
    "operatingIncomeRatio": 0.0450899032,
    "totalOtherIncomeExpensesNet": 800000,
    "incomeBeforeTax": 17100000,
    "incomeBeforeTaxRatio": 0.0473029046,
    "incomeTaxExpense": 6900000,
    "netIncome": 10200000,
    "netIncomeRatio": 0.0282157676,
    "eps": 0.0034,
    "epsdiluted": 0.0033,
    "weightedAverageShsOut": 189456000,
    "weightedAverageShsOutDil": 189456000,
    "link": null,
    "finalLink": null
  },
  {
    "date": "1992-12-31",
    "symbol": "EXPD",
    "reportedCurrency": "USD",
    "cik": "0000746515",
    "fillingDate": "1992-12-31",
    "acceptedDate": "1992-12-31 00:00:00",
    "calendarYear": "1992",
    "period": "FY",
    "revenue": 333200000,
    "costOfRevenue": 254500000,
    "grossProfit": 78700000,
    "grossProfitRatio": 0.2361944778,
    "researchAndDevelopmentExpenses": 0,
    "generalAndAdministrativeExpenses": 0,
    "sellingAndMarketingExpenses": 0,
    "sellingGeneralAndAdministrativeExpenses": 61100000,
    "otherExpenses": 17600000,
    "operatingExpenses": 78700000,
    "costAndExpenses": 333200000,
    "interestIncome": 0,
    "interestExpense": 0,
    "depreciationAndAmortization": -3000000,
    "ebitda": 17600000,
    "ebitdaratio": 0.0528211285,
    "operatingIncome": 14600000,
    "operatingIncomeRatio": 0.043817527,
    "totalOtherIncomeExpensesNet": 1200000,
    "incomeBeforeTax": 15800000,
    "incomeBeforeTaxRatio": 0.0474189676,
    "incomeTaxExpense": 4500000,
    "netIncome": 11300000,
    "netIncomeRatio": 0.0339135654,
    "eps": 0.0019,
    "epsdiluted": 0.0019,
    "weightedAverageShsOut": 188736000,
    "weightedAverageShsOutDil": 188736000,
    "link": null,
    "finalLink": null
  },
  {
    "date": "1991-12-31",
    "symbol": "EXPD",
    "reportedCurrency": "USD",
    "cik": "0000746515",
    "fillingDate": "1991-12-31",
    "acceptedDate": "1991-12-31 00:00:00",
    "calendarYear": "1991",
    "period": "FY",
    "revenue": 254000000,
    "costOfRevenue": 192700000,
    "grossProfit": 61300000,
    "grossProfitRatio": 0.2413385827,
    "researchAndDevelopmentExpenses": 0,
    "generalAndAdministrativeExpenses": 0,
    "sellingAndMarketingExpenses": 0,
    "sellingGeneralAndAdministrativeExpenses": 46500000,
    "otherExpenses": 14800000,
    "operatingExpenses": 61300000,
    "costAndExpenses": 254000000,
    "interestIncome": 0,
    "interestExpense": 0,
    "depreciationAndAmortization": -2200000,
    "ebitda": 14800000,
    "ebitdaratio": 0.0582677165,
    "operatingIncome": 12600000,
    "operatingIncomeRatio": 0.0496062992,
    "totalOtherIncomeExpensesNet": 1700000,
    "incomeBeforeTax": 14300000,
    "incomeBeforeTaxRatio": 0.0562992126,
    "incomeTaxExpense": 4100000,
    "netIncome": 10200000,
    "netIncomeRatio": 0.0401574803,
    "eps": 0.0017,
    "epsdiluted": 0.0017,
    "weightedAverageShsOut": 186688000,
    "weightedAverageShsOutDil": 186688000,
    "link": null,
    "finalLink": null
  },
  {
    "date": "1990-12-31",
    "symbol": "EXPD",
    "reportedCurrency": "USD",
    "cik": "0000746515",
    "fillingDate": "1990-12-31",
    "acceptedDate": "1990-12-31 00:00:00",
    "calendarYear": "1990",
    "period": "FY",
    "revenue": 206900000,
    "costOfRevenue": 155400000,
    "grossProfit": 51500000,
    "grossProfitRatio": 0.2489125181,
    "researchAndDevelopmentExpenses": 0,
    "generalAndAdministrativeExpenses": 0,
    "sellingAndMarketingExpenses": 0,
    "sellingGeneralAndAdministrativeExpenses": 38500000,
    "otherExpenses": 13000000,
    "operatingExpenses": 51500000,
    "costAndExpenses": 206900000,
    "interestIncome": 0,
    "interestExpense": 0,
    "depreciationAndAmortization": -1800000,
    "ebitda": 13000000,
    "ebitdaratio": 0.0628322861,
    "operatingIncome": 11200000,
    "operatingIncomeRatio": 0.0541324311,
    "totalOtherIncomeExpensesNet": 2300000,
    "incomeBeforeTax": 13500000,
    "incomeBeforeTaxRatio": 0.0652489125,
    "incomeTaxExpense": 3800000,
    "netIncome": 9700000,
    "netIncomeRatio": 0.046882552,
    "eps": 0.0016,
    "epsdiluted": 0.0016,
    "weightedAverageShsOut": 185344000,
    "weightedAverageShsOutDil": 185344000,
    "link": null,
    "finalLink": null
  },
  {
    "date": "1989-12-31",
    "symbol": "EXPD",
    "reportedCurrency": "USD",
    "cik": "0000746515",
    "fillingDate": "1989-12-31",
    "acceptedDate": "1989-12-31 00:00:00",
    "calendarYear": "1989",
    "period": "FY",
    "revenue": 193600000,
    "costOfRevenue": 149300000,
    "grossProfit": 44300000,
    "grossProfitRatio": 0.228822314,
    "researchAndDevelopmentExpenses": 0,
    "generalAndAdministrativeExpenses": 0,
    "sellingAndMarketingExpenses": 0,
    "sellingGeneralAndAdministrativeExpenses": 31700000,
    "otherExpenses": 12600000,
    "operatingExpenses": 44300000,
    "costAndExpenses": 193600000,
    "interestIncome": 0,
    "interestExpense": 0,
    "depreciationAndAmortization": -1900000,
    "ebitda": 12600000,
    "ebitdaratio": 0.0650826446,
    "operatingIncome": 10700000,
    "operatingIncomeRatio": 0.055268595,
    "totalOtherIncomeExpensesNet": 1600000,
    "incomeBeforeTax": 12300000,
    "incomeBeforeTaxRatio": 0.0635330579,
    "incomeTaxExpense": 3000000,
    "netIncome": 9300000,
    "netIncomeRatio": 0.0480371901,
    "eps": 0.0016,
    "epsdiluted": 0.0016,
    "weightedAverageShsOut": 184160000,
    "weightedAverageShsOutDil": 184160000,
    "link": null,
    "finalLink": null
  },
  {
    "date": "1988-12-31",
    "symbol": "EXPD",
    "reportedCurrency": "USD",
    "cik": "0000746515",
    "fillingDate": "1988-12-31",
    "acceptedDate": "1988-12-30 19:00:00",
    "calendarYear": "1988",
    "period": "FY",
    "revenue": 147500000,
    "costOfRevenue": 112300000,
    "grossProfit": 35200000,
    "grossProfitRatio": 0.2386440678,
    "researchAndDevelopmentExpenses": 0,
    "generalAndAdministrativeExpenses": 0,
    "sellingAndMarketingExpenses": 0,
    "sellingGeneralAndAdministrativeExpenses": 25700000,
    "otherExpenses": 9500000,
    "operatingExpenses": 35200000,
    "costAndExpenses": 147500000,
    "interestIncome": 0,
    "interestExpense": 0,
    "depreciationAndAmortization": 1400000,
    "ebitda": 9500000,
    "ebitdaratio": 0.0644067797,
    "operatingIncome": 8100000,
    "operatingIncomeRatio": 0.0549152542,
    "totalOtherIncomeExpensesNet": 1000000,
    "incomeBeforeTax": 9100000,
    "incomeBeforeTaxRatio": 0.0616949153,
    "incomeTaxExpense": 1900000,
    "netIncome": 7200000,
    "netIncomeRatio": 0.0488135593,
    "eps": 0.0013,
    "epsdiluted": 0.0013,
    "weightedAverageShsOut": 183104000,
    "weightedAverageShsOutDil": 183104000,
    "link": "",
    "finalLink": ""
  },
  {
    "date": "1987-12-31",
    "symbol": "EXPD",
    "reportedCurrency": "USD",
    "cik": "0000746515",
    "fillingDate": "1987-12-31",
    "acceptedDate": "1987-12-30 19:00:00",
    "calendarYear": "1987",
    "period": "FY",
    "revenue": 146800000,
    "costOfRevenue": 117900000,
    "grossProfit": 28900000,
    "grossProfitRatio": 0.196866485,
    "researchAndDevelopmentExpenses": 0,
    "generalAndAdministrativeExpenses": 0,
    "sellingAndMarketingExpenses": 0,
    "sellingGeneralAndAdministrativeExpenses": 21100000,
    "otherExpenses": 7800000,
    "operatingExpenses": 28900000,
    "costAndExpenses": 146800000,
    "interestIncome": 0,
    "interestExpense": 0,
    "depreciationAndAmortization": 1200000,
    "ebitda": 7800000,
    "ebitdaratio": 0.053133515,
    "operatingIncome": 6600000,
    "operatingIncomeRatio": 0.0449591281,
    "totalOtherIncomeExpensesNet": 500000,
    "incomeBeforeTax": 7100000,
    "incomeBeforeTaxRatio": 0.0483651226,
    "incomeTaxExpense": 1300000,
    "netIncome": 5800000,
    "netIncomeRatio": 0.0395095368,
    "eps": 0.001,
    "epsdiluted": 0.001,
    "weightedAverageShsOut": 177568000,
    "weightedAverageShsOutDil": 177568000,
    "link": "",
    "finalLink": ""
  },
  {
    "date": "1986-12-31",
    "symbol": "EXPD",
    "reportedCurrency": "USD",
    "cik": "0000746515",
    "fillingDate": "1986-12-31",
    "acceptedDate": "1986-12-30 19:00:00",
    "calendarYear": "1986",
    "period": "FY",
    "revenue": 108800000,
    "costOfRevenue": 87400000,
    "grossProfit": 21400000,
    "grossProfitRatio": 0.1966911765,
    "researchAndDevelopmentExpenses": 0,
    "generalAndAdministrativeExpenses": 0,
    "sellingAndMarketingExpenses": 0,
    "sellingGeneralAndAdministrativeExpenses": 16000000,
    "otherExpenses": 5400000,
    "operatingExpenses": 21400000,
    "costAndExpenses": 108800000,
    "interestIncome": 0,
    "interestExpense": 0,
    "depreciationAndAmortization": 800000,
    "ebitda": 5400000,
    "ebitdaratio": 0.0496323529,
    "operatingIncome": 4600000,
    "operatingIncomeRatio": 0.0422794118,
    "totalOtherIncomeExpensesNet": 300000,
    "incomeBeforeTax": 4900000,
    "incomeBeforeTaxRatio": 0.0450367647,
    "incomeTaxExpense": 800000,
    "netIncome": 4100000,
    "netIncomeRatio": 0.0376838235,
    "eps": 0.0008,
    "epsdiluted": 0.0008,
    "weightedAverageShsOut": 170816000,
    "weightedAverageShsOutDil": 170816000,
    "link": "",
    "finalLink": ""
  },
  {
    "date": "1985-12-31",
    "symbol": "EXPD",
    "reportedCurrency": "USD",
    "cik": "0000746515",
    "fillingDate": "1985-12-31",
    "acceptedDate": "1985-12-30 19:00:00",
    "calendarYear": "1985",
    "period": "FY",
    "revenue": 66000000,
    "costOfRevenue": 53600000,
    "grossProfit": 12400000,
    "grossProfitRatio": 0.1878787879,
    "researchAndDevelopmentExpenses": 0,
    "generalAndAdministrativeExpenses": 0,
    "sellingAndMarketingExpenses": 0,
    "sellingGeneralAndAdministrativeExpenses": 9400000,
    "otherExpenses": 3000000,
    "operatingExpenses": 12400000,
    "costAndExpenses": 66000000,
    "interestIncome": 0,
    "interestExpense": 0,
    "depreciationAndAmortization": 400000,
    "ebitda": 3000000,
    "ebitdaratio": 0.0454545455,
    "operatingIncome": 2600000,
    "operatingIncomeRatio": 0.0393939394,
    "totalOtherIncomeExpensesNet": 800000,
    "incomeBeforeTax": 3400000,
    "incomeBeforeTaxRatio": 0.0515151515,
    "incomeTaxExpense": 500000,
    "netIncome": 2900000,
    "netIncomeRatio": 0.0439393939,
    "eps": 0.0004,
    "epsdiluted": 0.0004,
    "weightedAverageShsOut": 144704000,
    "weightedAverageShsOutDil": 144704000,
    "link": "",
    "finalLink": ""
  }
]