[
  {
    "date": "2025-06-30",
    "symbol": "EXR",
    "reportedCurrency": "USD",
    "cik": "0001289490",
    "fillingDate": "2025-08-01",
    "acceptedDate": "2025-08-01 16:37:05",
    "calendarYear": "2025",
    "period": "Q2",
    "revenue": 841618000,
    "costOfRevenue": 244566000,
    "grossProfit": 597052000,
    "grossProfitRatio": 0.7094097322,
    "researchAndDevelopmentExpenses": 0,
    "generalAndAdministrativeExpenses": 44952000,
    "sellingAndMarketingExpenses": 0,
    "sellingGeneralAndAdministrativeExpenses": 44952000,
    "otherExpenses": 178130000,
    "operatingExpenses": 223082000,
    "costAndExpenses": 467648000,
    "interestIncome": 41998000,
    "interestExpense": 157898000,
    "depreciationAndAmortization": 177266000,
    "ebitda": 609518000,
    "ebitdaratio": 0.7242216778,
    "operatingIncome": 373970000,
    "operatingIncomeRatio": 0.444346485,
    "totalOtherIncomeExpensesNet": -99616000,
    "incomeBeforeTax": 274354000,
    "incomeBeforeTaxRatio": 0.3259839975,
    "incomeTaxExpense": 11638000,
    "netIncome": 249731000,
    "netIncomeRatio": 0.2967272563,
    "eps": 1.18,
    "epsdiluted": 1.18,
    "weightedAverageShsOut": 211896000,
    "weightedAverageShsOutDil": 211896000,
    "link": "https://www.sec.gov/Archives/edgar/data/1289490/000128949025000011/0001289490-25-000011-index.htm",
    "finalLink": "https://www.sec.gov/Archives/edgar/data/1289490/000128949025000011/exr-20250630.htm"
  },
  {
    "date": "2025-03-31",
    "symbol": "EXR",
    "reportedCurrency": "USD",
    "cik": "0001289490",
    "fillingDate": "2025-05-02",
    "acceptedDate": "2025-05-02 16:31:47",
    "calendarYear": "2025",
    "period": "Q1",
    "revenue": 839928000,
    "costOfRevenue": 225548000,
    "grossProfit": 614380000,
    "grossProfitRatio": 0.7314674591,
    "researchAndDevelopmentExpenses": 0,
    "generalAndAdministrativeExpenses": 45974000,
    "sellingAndMarketingExpenses": 15150000,
    "sellingGeneralAndAdministrativeExpenses": 61124000,
    "otherExpenses": 164526000,
    "operatingExpenses": 225650000,
    "costAndExpenses": 451198000,
    "interestIncome": 38967000,
    "interestExpense": 153712000,
    "depreciationAndAmortization": 180356000,
    "ebitda": 553256000,
    "ebitdaratio": 0.6586945548,
    "operatingIncome": 388730000,
    "operatingIncomeRatio": 0.4628134793,
    "totalOtherIncomeExpensesNet": -94814000,
    "incomeBeforeTax": 293916000,
    "incomeBeforeTaxRatio": 0.349929994,
    "incomeTaxExpense": 8991000,
    "netIncome": 270875000,
    "netIncomeRatio": 0.3224978808,
    "eps": 1.28,
    "epsdiluted": 1.28,
    "weightedAverageShsOut": 211851000,
    "weightedAverageShsOutDil": 212053000,
    "link": "https://www.sec.gov/Archives/edgar/data/1289490/000162828025021878/0001628280-25-021878-index.htm",
    "finalLink": "https://www.sec.gov/Archives/edgar/data/1289490/000162828025021878/exr-20250331.htm"
  },
  {
    "date": "2024-12-31",
    "symbol": "EXR",
    "reportedCurrency": "USD",
    "cik": "0001289490",
    "fillingDate": "2025-02-28",
    "acceptedDate": "2025-02-28 16:26:11",
    "calendarYear": "2024",
    "period": "Q4",
    "revenue": 840660000,
    "costOfRevenue": 124686000,
    "grossProfit": 715974000,
    "grossProfitRatio": 0.8516808222,
    "researchAndDevelopmentExpenses": 0,
    "generalAndAdministrativeExpenses": 44025000,
    "sellingAndMarketingExpenses": 114665000,
    "sellingGeneralAndAdministrativeExpenses": 158690000,
    "otherExpenses": 177252000,
    "operatingExpenses": 335942000,
    "costAndExpenses": 460628000,
    "interestIncome": 34676000,
    "interestExpense": 149636000,
    "depreciationAndAmortization": 190895000,
    "ebitda": 551977000,
    "ebitdaratio": 0.6565995765,
    "operatingIncome": 380032000,
    "operatingIncomeRatio": 0.4520638546,
    "totalOtherIncomeExpensesNet": -96196000,
    "incomeBeforeTax": 283836000,
    "incomeBeforeTaxRatio": 0.3376347156,
    "incomeTaxExpense": 6035000,
    "netIncome": 262487000,
    "netIncomeRatio": 0.312239193,
    "eps": 1.24,
    "epsdiluted": 1.24,
    "weightedAverageShsOut": 211738000,
    "weightedAverageShsOutDil": 211738000,
    "link": "https://www.sec.gov/Archives/edgar/data/1289490/000162828025009060/0001628280-25-009060-index.htm",
    "finalLink": "https://www.sec.gov/Archives/edgar/data/1289490/000162828025009060/exr-20241231.htm"
  },
  {
    "date": "2024-09-30",
    "symbol": "EXR",
    "reportedCurrency": "USD",
    "cik": "0001289490",
    "fillingDate": "2024-11-04",
    "acceptedDate": "2024-11-04 16:50:13",
    "calendarYear": "2024",
    "period": "Q3",
    "revenue": 854780000,
    "costOfRevenue": 226545000,
    "grossProfit": 628235000,
    "grossProfitRatio": 0.7349668921,
    "researchAndDevelopmentExpenses": 0,
    "generalAndAdministrativeExpenses": 39750000,
    "sellingAndMarketingExpenses": 0,
    "sellingGeneralAndAdministrativeExpenses": 39750000,
    "otherExpenses": 285746000,
    "operatingExpenses": 325496000,
    "costAndExpenses": 552041000,
    "interestIncome": 34947000,
    "interestExpense": 153860000,
    "depreciationAndAmortization": 195046000,
    "ebitda": 588485000,
    "ebitdaratio": 0.6884636983,
    "operatingIncome": 302739000,
    "operatingIncomeRatio": 0.3541718337,
    "totalOtherIncomeExpensesNet": -88937000,
    "incomeBeforeTax": 213802000,
    "incomeBeforeTaxRatio": 0.2501251784,
    "incomeTaxExpense": 10857000,
    "netIncome": 192818000,
    "netIncomeRatio": 0.2255761716,
    "eps": 0.95,
    "epsdiluted": 0.91,
    "weightedAverageShsOut": 211698000,
    "weightedAverageShsOutDil": 220299000,
    "link": "https://www.sec.gov/Archives/edgar/data/1289490/000162828024045038/0001628280-24-045038-index.htm",
    "finalLink": "https://www.sec.gov/Archives/edgar/data/1289490/000162828024045038/exr-20240930.htm"
  },
  {
    "date": "2024-06-30",
    "symbol": "EXR",
    "reportedCurrency": "USD",
    "cik": "0001289490",
    "fillingDate": "2024-08-02",
    "acceptedDate": "2024-08-02 16:32:25",
    "calendarYear": "2024",
    "period": "Q2",
    "revenue": 827918000,
    "costOfRevenue": 216533000,
    "grossProfit": 611385000,
    "grossProfitRatio": 0.7384608138,
    "researchAndDevelopmentExpenses": 0,
    "generalAndAdministrativeExpenses": 39901000,
    "sellingAndMarketingExpenses": 0,
    "sellingGeneralAndAdministrativeExpenses": 39901000,
    "otherExpenses": 266723000,
    "operatingExpenses": 306624000,
    "costAndExpenses": 523157000,
    "interestIncome": 31226000,
    "interestExpense": 147986000,
    "depreciationAndAmortization": 194809000,
    "ebitda": 571484000,
    "ebitdaratio": 0.6902664274,
    "operatingIncome": 304761000,
    "operatingIncomeRatio": 0.3681052955,
    "totalOtherIncomeExpensesNet": -99505000,
    "incomeBeforeTax": 205256000,
    "incomeBeforeTaxRatio": 0.2479182721,
    "incomeTaxExpense": 9844000,
    "netIncome": 185872000,
    "netIncomeRatio": 0.2245053254,
    "eps": 0.88,
    "epsdiluted": 0.88,
    "weightedAverageShsOut": 211584155,
    "weightedAverageShsOutDil": 211587105,
    "link": "https://www.sec.gov/Archives/edgar/data/1289490/000162828024034445/0001628280-24-034445-index.htm",
    "finalLink": "https://www.sec.gov/Archives/edgar/data/1289490/000162828024034445/exr-20240630.htm"
  },
  {
    "date": "2024-03-31",
    "symbol": "EXR",
    "reportedCurrency": "USD",
    "cik": "0001289490",
    "fillingDate": "2024-05-03",
    "acceptedDate": "2024-05-03 16:23:00",
    "calendarYear": "2024",
    "period": "Q1",
    "revenue": 814546000,
    "costOfRevenue": 206398000,
    "grossProfit": 608148000,
    "grossProfitRatio": 0.7466097679,
    "researchAndDevelopmentExpenses": 0,
    "generalAndAdministrativeExpenses": 43722000,
    "sellingAndMarketingExpenses": 16625000,
    "sellingGeneralAndAdministrativeExpenses": 60347000,
    "otherExpenses": 211973000,
    "operatingExpenses": 272320000,
    "costAndExpenses": 478718000,
    "interestIncome": 23573000,
    "interestExpense": 143592000,
    "depreciationAndAmortization": 196966000,
    "ebitda": 547801000,
    "ebitdaratio": 0.6725230988,
    "operatingIncome": 335828000,
    "operatingIncomeRatio": 0.4122885632,
    "totalOtherIncomeExpensesNet": -105012000,
    "incomeBeforeTax": 230816000,
    "incomeBeforeTaxRatio": 0.2833676674,
    "incomeTaxExpense": 6742000,
    "netIncome": 213112000,
    "netIncomeRatio": 0.2616328605,
    "eps": 1.01,
    "epsdiluted": 1.01,
    "weightedAverageShsOut": 211283335,
    "weightedAverageShsOutDil": 220018777,
    "link": "https://www.sec.gov/Archives/edgar/data/1289490/000162828024020317/0001628280-24-020317-index.htm",
    "finalLink": "https://www.sec.gov/Archives/edgar/data/1289490/000162828024020317/exr-20240331.htm"
  },
  {
    "date": "2023-12-31",
    "symbol": "EXR",
    "reportedCurrency": "USD",
    "cik": "0001289490",
    "fillingDate": "2024-02-29",
    "acceptedDate": "2024-02-29 17:03:20",
    "calendarYear": "2023",
    "period": "Q4",
    "revenue": 814007000,
    "costOfRevenue": 139300000,
    "grossProfit": 674707000,
    "grossProfitRatio": 0.8288712505,
    "researchAndDevelopmentExpenses": 0,
    "generalAndAdministrativeExpenses": 39397000,
    "sellingAndMarketingExpenses": 76912000,
    "sellingGeneralAndAdministrativeExpenses": 116309000,
    "otherExpenses": 224930000,
    "operatingExpenses": 341239000,
    "costAndExpenses": 480539000,
    "interestIncome": 22250000,
    "interestExpense": 140223000,
    "depreciationAndAmortization": 190762000,
    "ebitda": 553021000,
    "ebitdaratio": 0.6793811355,
    "operatingIncome": 333468000,
    "operatingIncomeRatio": 0.4096623248,
    "totalOtherIncomeExpensesNet": -101740000,
    "incomeBeforeTax": 231728000,
    "incomeBeforeTaxRatio": 0.2846756846,
    "incomeTaxExpense": 4321000,
    "netIncome": 216134000,
    "netIncomeRatio": 0.2655186012,
    "eps": 1.02,
    "epsdiluted": 0.98,
    "weightedAverageShsOut": 211071794,
    "weightedAverageShsOutDil": 219961282,
    "link": "https://www.sec.gov/Archives/edgar/data/1289490/000162828024008044/0001628280-24-008044-index.htm",
    "finalLink": "https://www.sec.gov/Archives/edgar/data/1289490/000162828024008044/exr-20231231.htm"
  },
  {
    "date": "2023-09-30",
    "symbol": "EXR",
    "reportedCurrency": "USD",
    "cik": "0001289490",
    "fillingDate": "2023-11-09",
    "acceptedDate": "2023-11-09 17:03:14",
    "calendarYear": "2023",
    "period": "Q3",
    "revenue": 763077000,
    "costOfRevenue": 204324000,
    "grossProfit": 558753000,
    "grossProfitRatio": 0.7322367205,
    "researchAndDevelopmentExpenses": 0,
    "generalAndAdministrativeExpenses": 37406000,
    "sellingAndMarketingExpenses": 0,
    "sellingGeneralAndAdministrativeExpenses": 37406000,
    "otherExpenses": 221555000,
    "operatingExpenses": 258961000,
    "costAndExpenses": 463285000,
    "interestIncome": 22092000,
    "interestExpense": 131127000,
    "depreciationAndAmortization": 152338000,
    "ebitda": 521347000,
    "ebitdaratio": 0.6832167658,
    "operatingIncome": 299792000,
    "operatingIncomeRatio": 0.392872541,
    "totalOtherIncomeExpensesNet": -93992000,
    "incomeBeforeTax": 205800000,
    "incomeBeforeTaxRatio": 0.2696975535,
    "incomeTaxExpense": 6944000,
    "netIncome": 188350000,
    "netIncomeRatio": 0.2468296122,
    "eps": 0.96,
    "epsdiluted": 0.96,
    "weightedAverageShsOut": 195324444,
    "weightedAverageShsOutDil": 195328020,
    "link": "https://www.sec.gov/Archives/edgar/data/1289490/000162828023038325/0001628280-23-038325-index.htm",
    "finalLink": "https://www.sec.gov/Archives/edgar/data/1289490/000162828023038325/exr-20230930.htm"
  },
  {
    "date": "2023-06-30",
    "symbol": "EXR",
    "reportedCurrency": "USD",
    "cik": "0001289490",
    "fillingDate": "2023-08-09",
    "acceptedDate": "2023-08-09 16:37:27",
    "calendarYear": "2023",
    "period": "Q2",
    "revenue": 524640000,
    "costOfRevenue": 124119000,
    "grossProfit": 400521000,
    "grossProfitRatio": 0.7634206313,
    "researchAndDevelopmentExpenses": 0,
    "generalAndAdministrativeExpenses": 34842000,
    "sellingAndMarketingExpenses": 0,
    "sellingGeneralAndAdministrativeExpenses": 34842000,
    "otherExpenses": 92340000,
    "operatingExpenses": 127182000,
    "costAndExpenses": 251301000,
    "interestIncome": 21077000,
    "interestExpense": 86372000,
    "depreciationAndAmortization": 79086000,
    "ebitda": 365679000,
    "ebitdaratio": 0.6970093779,
    "operatingIncome": 273339000,
    "operatingIncomeRatio": 0.5210029735,
    "totalOtherIncomeExpensesNet": -52041000,
    "incomeBeforeTax": 221298000,
    "incomeBeforeTaxRatio": 0.4218092406,
    "incomeTaxExpense": 5986000,
    "netIncome": 202410000,
    "netIncomeRatio": 0.3858074108,
    "eps": 1.5,
    "epsdiluted": 1.5,
    "weightedAverageShsOut": 134832232,
    "weightedAverageShsOutDil": 143529817,
    "link": "https://www.sec.gov/Archives/edgar/data/1289490/000162828023028613/0001628280-23-028613-index.htm",
    "finalLink": "https://www.sec.gov/Archives/edgar/data/1289490/000162828023028613/exr-20230630.htm"
  },
  {
    "date": "2023-03-31",
    "symbol": "EXR",
    "reportedCurrency": "USD",
    "cik": "0001289490",
    "fillingDate": "2023-05-04",
    "acceptedDate": "2023-05-04 16:43:14",
    "calendarYear": "2023",
    "period": "Q1",
    "revenue": 513355000,
    "costOfRevenue": 126255000,
    "grossProfit": 387100000,
    "grossProfitRatio": 0.7540590819,
    "researchAndDevelopmentExpenses": 0,
    "generalAndAdministrativeExpenses": 34763000,
    "sellingAndMarketingExpenses": 0,
    "sellingGeneralAndAdministrativeExpenses": 34763000,
    "otherExpenses": 88795000,
    "operatingExpenses": 123558000,
    "costAndExpenses": 249813000,
    "interestIncome": 19438000,
    "interestExpense": 80099000,
    "depreciationAndAmortization": 78490000,
    "ebitda": 352337000,
    "ebitdaratio": 0.6863418102,
    "operatingIncome": 263542000,
    "operatingIncomeRatio": 0.5133718382,
    "totalOtherIncomeExpensesNet": -50356000,
    "incomeBeforeTax": 213186000,
    "incomeBeforeTaxRatio": 0.4152798746,
    "incomeTaxExpense": 4308000,
    "netIncome": 196304000,
    "netIncomeRatio": 0.3823942496,
    "eps": 1.46,
    "epsdiluted": 1.46,
    "weightedAverageShsOut": 134511273,
    "weightedAverageShsOutDil": 142940384,
    "link": "https://www.sec.gov/Archives/edgar/data/1289490/000162828023015789/0001628280-23-015789-index.htm",
    "finalLink": "https://www.sec.gov/Archives/edgar/data/1289490/000162828023015789/exr-20230331.htm"
  },
  {
    "date": "2022-12-31",
    "symbol": "EXR",
    "reportedCurrency": "USD",
    "cik": "0001289490",
    "fillingDate": "2023-02-28",
    "acceptedDate": "2023-02-28 16:59:50",
    "calendarYear": "2022",
    "period": "Q4",
    "revenue": 517710000,
    "costOfRevenue": 100515000,
    "grossProfit": 417195000,
    "grossProfitRatio": 0.8058469027,
    "researchAndDevelopmentExpenses": 0,
    "generalAndAdministrativeExpenses": 35963000,
    "sellingAndMarketingExpenses": 19285000,
    "sellingGeneralAndAdministrativeExpenses": 55248000,
    "otherExpenses": 92377000,
    "operatingExpenses": 147625000,
    "costAndExpenses": 248140000,
    "interestIncome": 17248000,
    "interestExpense": 72922000,
    "depreciationAndAmortization": 74773000,
    "ebitda": 356800000,
    "ebitdaratio": 0.6891889282,
    "operatingIncome": 269570000,
    "operatingIncomeRatio": 0.5206969153,
    "totalOtherIncomeExpensesNet": -44682000,
    "incomeBeforeTax": 224888000,
    "incomeBeforeTaxRatio": 0.4343899094,
    "incomeTaxExpense": 5409000,
    "netIncome": 204260000,
    "netIncomeRatio": 0.3945452087,
    "eps": 1.52,
    "epsdiluted": 1.51,
    "weightedAverageShsOut": 133921234,
    "weightedAverageShsOutDil": 143341111,
    "link": "https://www.sec.gov/Archives/edgar/data/1289490/000162828023005628/0001628280-23-005628-index.htm",
    "finalLink": "https://www.sec.gov/Archives/edgar/data/1289490/000162828023005628/exr-20221231.htm"
  },
  {
    "date": "2022-09-30",
    "symbol": "EXR",
    "reportedCurrency": "USD",
    "cik": "0001289490",
    "fillingDate": "2022-11-04",
    "acceptedDate": "2022-11-04 16:59:29",
    "calendarYear": "2022",
    "period": "Q3",
    "revenue": 510051000,
    "costOfRevenue": 125347000,
    "grossProfit": 384704000,
    "grossProfitRatio": 0.754246144,
    "researchAndDevelopmentExpenses": 0,
    "generalAndAdministrativeExpenses": 32275000,
    "sellingAndMarketingExpenses": 0,
    "sellingGeneralAndAdministrativeExpenses": 32275000,
    "otherExpenses": 82572000,
    "operatingExpenses": 114847000,
    "costAndExpenses": 240194000,
    "interestIncome": 18125000,
    "interestExpense": 56245000,
    "depreciationAndAmortization": 71423000,
    "ebitda": 352429000,
    "ebitdaratio": 0.6909681581,
    "operatingIncome": 269857000,
    "operatingIncomeRatio": 0.5290784647,
    "totalOtherIncomeExpensesNet": -26971000,
    "incomeBeforeTax": 242886000,
    "incomeBeforeTaxRatio": 0.4761994389,
    "incomeTaxExpense": 6760000,
    "netIncome": 220406000,
    "netIncomeRatio": 0.4321254149,
    "eps": 1.56,
    "epsdiluted": 1.56,
    "weightedAverageShsOut": 141504215,
    "weightedAverageShsOutDil": 141504215,
    "link": "https://www.sec.gov/Archives/edgar/data/1289490/000162828022028483/0001628280-22-028483-index.htm",
    "finalLink": "https://www.sec.gov/Archives/edgar/data/1289490/000162828022028483/exr-20220930.htm"
  },
  {
    "date": "2022-06-30",
    "symbol": "EXR",
    "reportedCurrency": "USD",
    "cik": "0001289490",
    "fillingDate": "2022-08-05",
    "acceptedDate": "2022-08-05 16:18:46",
    "calendarYear": "2022",
    "period": "Q2",
    "revenue": 485178000,
    "costOfRevenue": 113254000,
    "grossProfit": 371924000,
    "grossProfitRatio": 0.7665722683,
    "researchAndDevelopmentExpenses": 0,
    "generalAndAdministrativeExpenses": 31251000,
    "sellingAndMarketingExpenses": 0,
    "sellingGeneralAndAdministrativeExpenses": 31251000,
    "otherExpenses": 65008000,
    "operatingExpenses": 96259000,
    "costAndExpenses": 209513000,
    "interestIncome": 15060000,
    "interestExpense": 47466000,
    "depreciationAndAmortization": 69067000,
    "ebitda": 340673000,
    "ebitdaratio": 0.7021608564,
    "operatingIncome": 275665000,
    "operatingIncomeRatio": 0.568172918,
    "totalOtherIncomeExpensesNet": -22216000,
    "incomeBeforeTax": 253449000,
    "incomeBeforeTaxRatio": 0.5223835376,
    "incomeTaxExpense": 5615000,
    "netIncome": 231817000,
    "netIncomeRatio": 0.4777978391,
    "eps": 1.62,
    "epsdiluted": 1.62,
    "weightedAverageShsOut": 142737909,
    "weightedAverageShsOutDil": 142737909,
    "link": "https://www.sec.gov/Archives/edgar/data/1289490/000162828022021367/0001628280-22-021367-index.htm",
    "finalLink": "https://www.sec.gov/Archives/edgar/data/1289490/000162828022021367/exr-20220630.htm"
  },
  {
    "date": "2022-03-31",
    "symbol": "EXR",
    "reportedCurrency": "USD",
    "cik": "0001289490",
    "fillingDate": "2022-05-06",
    "acceptedDate": "2022-05-06 16:22:57",
    "calendarYear": "2022",
    "period": "Q1",
    "revenue": 452659000,
    "costOfRevenue": 110584000,
    "grossProfit": 342075000,
    "grossProfitRatio": 0.7557013116,
    "researchAndDevelopmentExpenses": 0,
    "generalAndAdministrativeExpenses": 29762000,
    "sellingAndMarketingExpenses": 0,
    "sellingGeneralAndAdministrativeExpenses": 29762000,
    "otherExpenses": 77003000,
    "operatingExpenses": 106765000,
    "costAndExpenses": 217349000,
    "interestIncome": 18989000,
    "interestExpense": 42538000,
    "depreciationAndAmortization": 67906000,
    "ebitda": 312313000,
    "ebitdaratio": 0.689952039,
    "operatingIncome": 235310000,
    "operatingIncomeRatio": 0.5198394376,
    "totalOtherIncomeExpensesNet": -14452000,
    "incomeBeforeTax": 220858000,
    "incomeBeforeTaxRatio": 0.4879125346,
    "incomeTaxExpense": 3141000,
    "netIncome": 203293000,
    "netIncomeRatio": 0.4491084901,
    "eps": 1.44,
    "epsdiluted": 1.44,
    "weightedAverageShsOut": 141581862,
    "weightedAverageShsOutDil": 141581862,
    "link": "https://www.sec.gov/Archives/edgar/data/1289490/000162828022013050/0001628280-22-013050-index.htm",
    "finalLink": "https://www.sec.gov/Archives/edgar/data/1289490/000162828022013050/exr-20220331.htm"
  },
  {
    "date": "2021-12-31",
    "symbol": "EXR",
    "reportedCurrency": "USD",
    "cik": "0001289490",
    "fillingDate": "2022-02-28",
    "acceptedDate": "2022-02-28 16:57:00",
    "calendarYear": "2021",
    "period": "Q4",
    "revenue": 436208000,
    "costOfRevenue": 83582000,
    "grossProfit": 352626000,
    "grossProfitRatio": 0.8083895756,
    "researchAndDevelopmentExpenses": 0,
    "generalAndAdministrativeExpenses": 27918000,
    "sellingAndMarketingExpenses": 18793000,
    "sellingGeneralAndAdministrativeExpenses": 46711000,
    "otherExpenses": -5858000,
    "operatingExpenses": 40853000,
    "costAndExpenses": 124435000,
    "interestIncome": 12832000,
    "interestExpense": 45578000,
    "depreciationAndAmortization": 59122000,
    "ebitda": 302843000,
    "ebitdaratio": 0.6942628287,
    "operatingIncome": 311773000,
    "operatingIncomeRatio": 0.7147347137,
    "totalOtherIncomeExpensesNet": -23921000,
    "incomeBeforeTax": 287852000,
    "incomeBeforeTaxRatio": 0.6598961963,
    "incomeTaxExpense": 3994000,
    "netIncome": 268044000,
    "netIncomeRatio": 0.6144866669,
    "eps": 2,
    "epsdiluted": 2,
    "weightedAverageShsOut": 133900276,
    "weightedAverageShsOutDil": 141088941,
    "link": "https://www.sec.gov/Archives/edgar/data/1289490/000162828022004274/0001628280-22-004274-index.htm",
    "finalLink": "https://www.sec.gov/Archives/edgar/data/1289490/000162828022004274/exr-20211231.htm"
  },
  {
    "date": "2021-09-30",
    "symbol": "EXR",
    "reportedCurrency": "USD",
    "cik": "0001289490",
    "fillingDate": "2021-11-03",
    "acceptedDate": "2021-11-03 16:24:53",
    "calendarYear": "2021",
    "period": "Q3",
    "revenue": 420747000,
    "costOfRevenue": 100303000,
    "grossProfit": 320444000,
    "grossProfitRatio": 0.7616073317,
    "researchAndDevelopmentExpenses": 0,
    "generalAndAdministrativeExpenses": 24395000,
    "sellingAndMarketingExpenses": 0,
    "sellingGeneralAndAdministrativeExpenses": 24395000,
    "otherExpenses": 69771000,
    "operatingExpenses": 94166000,
    "costAndExpenses": 194469000,
    "interestIncome": 11729000,
    "interestExpense": 39670000,
    "depreciationAndAmortization": 61516000,
    "ebitda": 296049000,
    "ebitdaratio": 0.7036271203,
    "operatingIncome": 226278000,
    "operatingIncomeRatio": 0.537800626,
    "totalOtherIncomeExpensesNet": -19686000,
    "incomeBeforeTax": 206592000,
    "incomeBeforeTaxRatio": 0.4910124136,
    "incomeTaxExpense": 6772000,
    "netIncome": 188016000,
    "netIncomeRatio": 0.4468623662,
    "eps": 1.41,
    "epsdiluted": 1.4,
    "weightedAverageShsOut": 133809750,
    "weightedAverageShsOutDil": 140425269,
    "link": "https://www.sec.gov/Archives/edgar/data/1289490/000162828021021482/0001628280-21-021482-index.htm",
    "finalLink": "https://www.sec.gov/Archives/edgar/data/1289490/000162828021021482/exr-20210930.htm"
  },
  {
    "date": "2021-06-30",
    "symbol": "EXR",
    "reportedCurrency": "USD",
    "cik": "0001289490",
    "fillingDate": "2021-08-05",
    "acceptedDate": "2021-08-05 17:08:35",
    "calendarYear": "2021",
    "period": "Q2",
    "revenue": 386952000,
    "costOfRevenue": 95890000,
    "grossProfit": 291062000,
    "grossProfitRatio": 0.7521914863,
    "researchAndDevelopmentExpenses": 0,
    "generalAndAdministrativeExpenses": 26341000,
    "sellingAndMarketingExpenses": 0,
    "sellingGeneralAndAdministrativeExpenses": 26341000,
    "otherExpenses": 67892000,
    "operatingExpenses": 94233000,
    "costAndExpenses": 190123000,
    "interestIncome": 12838000,
    "interestExpense": 40240000,
    "depreciationAndAmortization": 59570000,
    "ebitda": 264721000,
    "ebitdaratio": 0.6841184436,
    "operatingIncome": 196829000,
    "operatingIncomeRatio": 0.5086651574,
    "totalOtherIncomeExpensesNet": -12829000,
    "incomeBeforeTax": 184000000,
    "incomeBeforeTaxRatio": 0.4755111745,
    "incomeTaxExpense": 5421000,
    "netIncome": 167716000,
    "netIncomeRatio": 0.4334284356,
    "eps": 1.25,
    "epsdiluted": 1.25,
    "weightedAverageShsOut": 133756610,
    "weightedAverageShsOutDil": 140407195,
    "link": "https://www.sec.gov/Archives/edgar/data/1289490/000162828021015923/0001628280-21-015923-index.htm",
    "finalLink": "https://www.sec.gov/Archives/edgar/data/1289490/000162828021015923/exr-20210630.htm"
  },
  {
    "date": "2021-03-31",
    "symbol": "EXR",
    "reportedCurrency": "USD",
    "cik": "0001289490",
    "fillingDate": "2021-05-03",
    "acceptedDate": "2021-04-30 19:12:30",
    "calendarYear": "2021",
    "period": "Q1",
    "revenue": 365813000,
    "costOfRevenue": 99528000,
    "grossProfit": 266285000,
    "grossProfitRatio": 0.7279265636,
    "researchAndDevelopmentExpenses": 0,
    "generalAndAdministrativeExpenses": 23540000,
    "sellingAndMarketingExpenses": 0,
    "sellingGeneralAndAdministrativeExpenses": 23540000,
    "otherExpenses": 1672000,
    "operatingExpenses": 25212000,
    "costAndExpenses": 124740000,
    "interestIncome": 12304000,
    "interestExpense": 40695000,
    "depreciationAndAmortization": 58599000,
    "ebitda": 242745000,
    "ebitdaratio": 0.6635767455,
    "operatingIncome": 241073000,
    "operatingIncomeRatio": 0.6590061042,
    "totalOtherIncomeExpensesNet": -21435000,
    "incomeBeforeTax": 219638000,
    "incomeBeforeTaxRatio": 0.6004105923,
    "incomeTaxExpense": 4137000,
    "netIncome": 202686000,
    "netIncomeRatio": 0.5540699756,
    "eps": 1.54,
    "epsdiluted": 1.53,
    "weightedAverageShsOut": 132007556,
    "weightedAverageShsOutDil": 139676548,
    "link": "https://www.sec.gov/Archives/edgar/data/1289490/000162828021008511/0001628280-21-008511-index.htm",
    "finalLink": "https://www.sec.gov/Archives/edgar/data/1289490/000162828021008511/exr-20210331.htm"
  },
  {
    "date": "2020-12-31",
    "symbol": "EXR",
    "reportedCurrency": "USD",
    "cik": "0001289490",
    "fillingDate": "2021-02-26",
    "acceptedDate": "2021-02-26 16:05:52",
    "calendarYear": "2020",
    "period": "Q4",
    "revenue": 360159000,
    "costOfRevenue": 66388999,
    "grossProfit": 293770000,
    "grossProfitRatio": 0.8156675246,
    "researchAndDevelopmentExpenses": 0,
    "generalAndAdministrativeExpenses": 24352000,
    "sellingAndMarketingExpenses": 28336000,
    "sellingGeneralAndAdministrativeExpenses": 52688000,
    "otherExpenses": 45333000,
    "operatingExpenses": 98021000,
    "costAndExpenses": 164410000,
    "interestIncome": 8704000,
    "interestExpense": 41016000,
    "depreciationAndAmortization": 55168000,
    "ebitda": 239511000,
    "ebitdaratio": 0.6650146185,
    "operatingIncome": 195749000,
    "operatingIncomeRatio": 0.5435071732,
    "totalOtherIncomeExpensesNet": -25643000,
    "incomeBeforeTax": 170106000,
    "incomeBeforeTaxRatio": 0.4723080639,
    "incomeTaxExpense": 3797000,
    "netIncome": 156056000,
    "netIncomeRatio": 0.4332975158,
    "eps": 1.2,
    "epsdiluted": 1.19,
    "weightedAverageShsOut": 130388071,
    "weightedAverageShsOutDil": 138127843,
    "link": "https://www.sec.gov/Archives/edgar/data/1289490/000162828021003458/0001628280-21-003458-index.htm",
    "finalLink": "https://www.sec.gov/Archives/edgar/data/1289490/000162828021003458/exr-20201231.htm"
  },
  {
    "date": "2020-09-30",
    "symbol": "EXR",
    "reportedCurrency": "USD",
    "cik": "0001289490",
    "fillingDate": "2020-11-06",
    "acceptedDate": "2020-11-05 19:46:58",
    "calendarYear": "2020",
    "period": "Q3",
    "revenue": 348629000,
    "costOfRevenue": 99511000,
    "grossProfit": 249118000,
    "grossProfitRatio": 0.7145647666,
    "researchAndDevelopmentExpenses": 0,
    "generalAndAdministrativeExpenses": 23894000,
    "sellingAndMarketingExpenses": 0,
    "sellingGeneralAndAdministrativeExpenses": 23894000,
    "otherExpenses": 62017000,
    "operatingExpenses": 85911000,
    "costAndExpenses": 185422000,
    "interestIncome": 3145000,
    "interestExpense": 43446000,
    "depreciationAndAmortization": 56412000,
    "ebitda": 225224000,
    "ebitdaratio": 0.6460277257,
    "operatingIncome": 163207000,
    "operatingIncomeRatio": 0.4681394835,
    "totalOtherIncomeExpensesNet": -34696000,
    "incomeBeforeTax": 128511000,
    "incomeBeforeTaxRatio": 0.3686182159,
    "incomeTaxExpense": 4657000,
    "netIncome": 114456000,
    "netIncomeRatio": 0.3283031532,
    "eps": 0.89,
    "epsdiluted": 0.88,
    "weightedAverageShsOut": 128862341,
    "weightedAverageShsOutDil": 129871096,
    "link": "https://www.sec.gov/Archives/edgar/data/1289490/000162828020015840/0001628280-20-015840-index.htm",
    "finalLink": "https://www.sec.gov/Archives/edgar/data/1289490/000162828020015840/exr-20200930.htm"
  },
  {
    "date": "2020-06-30",
    "symbol": "EXR",
    "reportedCurrency": "USD",
    "cik": "0001289490",
    "fillingDate": "2020-08-06",
    "acceptedDate": "2020-08-06 17:17:56",
    "calendarYear": "2020",
    "period": "Q2",
    "revenue": 332290000,
    "costOfRevenue": 95898000,
    "grossProfit": 236392000,
    "grossProfitRatio": 0.7114026904,
    "researchAndDevelopmentExpenses": 0,
    "generalAndAdministrativeExpenses": 25337000,
    "sellingAndMarketingExpenses": 0,
    "sellingGeneralAndAdministrativeExpenses": 25337000,
    "otherExpenses": 61062000,
    "operatingExpenses": 86399000,
    "costAndExpenses": 182297000,
    "interestIncome": 1669000,
    "interestExpense": 42272000,
    "depreciationAndAmortization": 56018000,
    "ebitda": 211055000,
    "ebitdaratio": 0.635153029,
    "operatingIncome": 149993000,
    "operatingIncomeRatio": 0.4513918565,
    "totalOtherIncomeExpensesNet": -35559000,
    "incomeBeforeTax": 114434000,
    "incomeBeforeTaxRatio": 0.3443799091,
    "incomeTaxExpense": 3177000,
    "netIncome": 102738000,
    "netIncomeRatio": 0.3091817388,
    "eps": 0.8,
    "epsdiluted": 0.8,
    "weightedAverageShsOut": 128932152,
    "weightedAverageShsOutDil": 129082468,
    "link": "https://www.sec.gov/Archives/edgar/data/1289490/000162828020012042/0001628280-20-012042-index.htm",
    "finalLink": "https://www.sec.gov/Archives/edgar/data/1289490/000162828020012042/exr-20200630.htm"
  },
  {
    "date": "2020-03-31",
    "symbol": "EXR",
    "reportedCurrency": "USD",
    "cik": "0001289490",
    "fillingDate": "2020-05-08",
    "acceptedDate": "2020-05-08 16:20:14",
    "calendarYear": "2020",
    "period": "Q1",
    "revenue": 337495000,
    "costOfRevenue": 96975000,
    "grossProfit": 240520000,
    "grossProfitRatio": 0.7126624098,
    "researchAndDevelopmentExpenses": 0,
    "generalAndAdministrativeExpenses": 23011000,
    "sellingAndMarketingExpenses": 0,
    "sellingGeneralAndAdministrativeExpenses": 23011000,
    "otherExpenses": 60318000,
    "operatingExpenses": 83329000,
    "costAndExpenses": 180304000,
    "interestIncome": 1674000,
    "interestExpense": 45567000,
    "depreciationAndAmortization": 55275000,
    "ebitda": 217509000,
    "ebitdaratio": 0.644480659,
    "operatingIncome": 157191000,
    "operatingIncomeRatio": 0.4657580112,
    "totalOtherIncomeExpensesNet": -38850000,
    "incomeBeforeTax": 118341000,
    "incomeBeforeTaxRatio": 0.3506451947,
    "incomeTaxExpense": 2179000,
    "netIncome": 108016000,
    "netIncomeRatio": 0.3200521489,
    "eps": 0.84,
    "epsdiluted": 0.83,
    "weightedAverageShsOut": 129288629,
    "weightedAverageShsOutDil": 137139560,
    "link": "https://www.sec.gov/Archives/edgar/data/1289490/000162828020007222/0001628280-20-007222-index.htm",
    "finalLink": "https://www.sec.gov/Archives/edgar/data/1289490/000162828020007222/exr-20200331.htm"
  },
  {
    "date": "2019-12-31",
    "symbol": "EXR",
    "reportedCurrency": "USD",
    "cik": "0001289490",
    "fillingDate": "2020-02-25",
    "acceptedDate": "2020-02-25 16:20:41",
    "calendarYear": "2019",
    "period": "Q4",
    "revenue": 338620000,
    "costOfRevenue": 70439000,
    "grossProfit": 268180999,
    "grossProfitRatio": 0.7919821599,
    "researchAndDevelopmentExpenses": 0,
    "generalAndAdministrativeExpenses": 20870000,
    "sellingAndMarketingExpenses": 25106000,
    "sellingGeneralAndAdministrativeExpenses": 45976000,
    "otherExpenses": 57560000,
    "operatingExpenses": 103536000,
    "costAndExpenses": 173975000,
    "interestIncome": 1562000,
    "interestExpense": 46019000,
    "depreciationAndAmortization": 54741000,
    "ebitda": 222205000,
    "ebitdaratio": 0.6562075483,
    "operatingIncome": 164645000,
    "operatingIncomeRatio": 0.4862234954,
    "totalOtherIncomeExpensesNet": -41638000,
    "incomeBeforeTax": 123007000,
    "incomeBeforeTaxRatio": 0.3632597011,
    "incomeTaxExpense": 2728000,
    "netIncome": 112282000,
    "netIncomeRatio": 0.3315870297,
    "eps": 0.87,
    "epsdiluted": 0.86,
    "weightedAverageShsOut": 129313513,
    "weightedAverageShsOutDil": 137436403,
    "link": "https://www.sec.gov/Archives/edgar/data/1289490/000162828020002202/0001628280-20-002202-index.htm",
    "finalLink": "https://www.sec.gov/Archives/edgar/data/1289490/000162828020002202/q4201910kexrdocument.htm"
  },
  {
    "date": "2019-09-30",
    "symbol": "EXR",
    "reportedCurrency": "USD",
    "cik": "0001289490",
    "fillingDate": "2019-11-05",
    "acceptedDate": "2019-11-05 16:48:57",
    "calendarYear": "2019",
    "period": "Q3",
    "revenue": 340209000,
    "costOfRevenue": 96297000,
    "grossProfit": 243912000,
    "grossProfitRatio": 0.7169475234,
    "researchAndDevelopmentExpenses": 0,
    "generalAndAdministrativeExpenses": 22519000,
    "sellingAndMarketingExpenses": 0,
    "sellingGeneralAndAdministrativeExpenses": 22519000,
    "otherExpenses": 58755000,
    "operatingExpenses": 81274000,
    "costAndExpenses": 177571000,
    "interestIncome": 2799000,
    "interestExpense": 48094000,
    "depreciationAndAmortization": 56051000,
    "ebitda": 221393000,
    "ebitdaratio": 0.6507558589,
    "operatingIncome": 162638000,
    "operatingIncomeRatio": 0.4780531967,
    "totalOtherIncomeExpensesNet": -42591000,
    "incomeBeforeTax": 120047000,
    "incomeBeforeTaxRatio": 0.3528625051,
    "incomeTaxExpense": 4052000,
    "netIncome": 107922000,
    "netIncomeRatio": 0.3172226484,
    "eps": 0.84,
    "epsdiluted": 0.83,
    "weightedAverageShsOut": 128776549,
    "weightedAverageShsOutDil": 137318475,
    "link": "https://www.sec.gov/Archives/edgar/data/1289490/000162828019013342/0001628280-19-013342-index.htm",
    "finalLink": "https://www.sec.gov/Archives/edgar/data/1289490/000162828019013342/q3201910qexrdocument.htm"
  },
  {
    "date": "2019-06-30",
    "symbol": "EXR",
    "reportedCurrency": "USD",
    "cik": "0001289490",
    "fillingDate": "2019-08-06",
    "acceptedDate": "2019-08-06 16:04:15",
    "calendarYear": "2019",
    "period": "Q2",
    "revenue": 326723000,
    "costOfRevenue": 87852000,
    "grossProfit": 238871000,
    "grossProfitRatio": 0.7311116756,
    "researchAndDevelopmentExpenses": 0,
    "generalAndAdministrativeExpenses": 23351000,
    "sellingAndMarketingExpenses": 0,
    "sellingGeneralAndAdministrativeExpenses": 23351000,
    "otherExpenses": 56322000,
    "operatingExpenses": 79673000,
    "costAndExpenses": 167525000,
    "interestIncome": 1718000,
    "interestExpense": 48633000,
    "depreciationAndAmortization": 54406000,
    "ebitda": 215520000,
    "ebitdaratio": 0.6596413476,
    "operatingIncome": 159198000,
    "operatingIncomeRatio": 0.4872567894,
    "totalOtherIncomeExpensesNet": -43794000,
    "incomeBeforeTax": 115404000,
    "incomeBeforeTaxRatio": 0.3532166392,
    "incomeTaxExpense": 2715000,
    "netIncome": 104652000,
    "netIncomeRatio": 0.3203080285,
    "eps": 0.82,
    "epsdiluted": 0.81,
    "weightedAverageShsOut": 127585436,
    "weightedAverageShsOutDil": 135654761,
    "link": "https://www.sec.gov/Archives/edgar/data/1289490/000162828019010117/0001628280-19-010117-index.htm",
    "finalLink": "https://www.sec.gov/Archives/edgar/data/1289490/000162828019010117/q2201910qexrdocument.htm"
  },
  {
    "date": "2019-03-31",
    "symbol": "EXR",
    "reportedCurrency": "USD",
    "cik": "0001289490",
    "fillingDate": "2019-05-07",
    "acceptedDate": "2019-05-07 16:04:29",
    "calendarYear": "2019",
    "period": "Q1",
    "revenue": 314176000,
    "costOfRevenue": 85732000,
    "grossProfit": 228444000,
    "grossProfitRatio": 0.7271211041,
    "researchAndDevelopmentExpenses": 0,
    "generalAndAdministrativeExpenses": 22678000,
    "sellingAndMarketingExpenses": 0,
    "sellingGeneralAndAdministrativeExpenses": 22678000,
    "otherExpenses": 57289000,
    "operatingExpenses": 79967000,
    "costAndExpenses": 165699000,
    "interestIncome": 1388000,
    "interestExpense": 48522000,
    "depreciationAndAmortization": 54659000,
    "ebitda": 205766000,
    "ebitdaratio": 0.6549386331,
    "operatingIncome": 148477000,
    "operatingIncomeRatio": 0.4725917957,
    "totalOtherIncomeExpensesNet": -44504000,
    "incomeBeforeTax": 103973000,
    "incomeBeforeTaxRatio": 0.3309387095,
    "incomeTaxExpense": 1813000,
    "netIncome": 94603000,
    "netIncomeRatio": 0.3011146618,
    "eps": 0.74,
    "epsdiluted": 0.74,
    "weightedAverageShsOut": 127037247,
    "weightedAverageShsOutDil": 134289716,
    "link": "https://www.sec.gov/Archives/edgar/data/1289490/000162828019006047/0001628280-19-006047-index.htm",
    "finalLink": "https://www.sec.gov/Archives/edgar/data/1289490/000162828019006047/q1201910qexrdocument.htm"
  },
  {
    "date": "2018-12-31",
    "symbol": "EXR",
    "reportedCurrency": "USD",
    "cik": "0001289490",
    "fillingDate": "2019-02-26",
    "acceptedDate": "2019-02-26 16:22:26",
    "calendarYear": "2018",
    "period": "Q4",
    "revenue": 311157000,
    "costOfRevenue": 62963000,
    "grossProfit": 248194000,
    "grossProfitRatio": 0.7976487754,
    "researchAndDevelopmentExpenses": 0,
    "generalAndAdministrativeExpenses": 18434000,
    "sellingAndMarketingExpenses": 16152999,
    "sellingGeneralAndAdministrativeExpenses": 34587000,
    "otherExpenses": 56930000,
    "operatingExpenses": 91517000,
    "costAndExpenses": 154480000,
    "interestIncome": 1295000,
    "interestExpense": 49359000,
    "depreciationAndAmortization": 53126000,
    "ebitda": 213607000,
    "ebitdaratio": 0.6864926709,
    "operatingIncome": 156677000,
    "operatingIncomeRatio": 0.5035303721,
    "totalOtherIncomeExpensesNet": -44260000,
    "incomeBeforeTax": 112417000,
    "incomeBeforeTaxRatio": 0.3612870673,
    "incomeTaxExpense": 3167000,
    "netIncome": 101289000,
    "netIncomeRatio": 0.325523771,
    "eps": 0.8,
    "epsdiluted": 0.8,
    "weightedAverageShsOut": 126466028,
    "weightedAverageShsOutDil": 133584084,
    "link": "https://www.sec.gov/Archives/edgar/data/1289490/000162828019001968/0001628280-19-001968-index.htm",
    "finalLink": "https://www.sec.gov/Archives/edgar/data/1289490/000162828019001968/q4201810kexrdocument.htm"
  },
  {
    "date": "2018-09-30",
    "symbol": "EXR",
    "reportedCurrency": "USD",
    "cik": "0001289490",
    "fillingDate": "2018-11-06",
    "acceptedDate": "2018-11-06 16:14:57",
    "calendarYear": "2018",
    "period": "Q3",
    "revenue": 310575000,
    "costOfRevenue": 81372000,
    "grossProfit": 229203000,
    "grossProfitRatio": 0.7379956532,
    "researchAndDevelopmentExpenses": 0,
    "generalAndAdministrativeExpenses": 19707000,
    "sellingAndMarketingExpenses": 0,
    "sellingGeneralAndAdministrativeExpenses": 19707000,
    "otherExpenses": 25098000,
    "operatingExpenses": 44805000,
    "costAndExpenses": 126177000,
    "interestIncome": 1371000,
    "interestExpense": 47066000,
    "depreciationAndAmortization": 52283000,
    "ebitda": 209496000,
    "ebitdaratio": 0.6745423811,
    "operatingIncome": 153591000,
    "operatingIncomeRatio": 0.4945375513,
    "totalOtherIncomeExpensesNet": -11266000,
    "incomeBeforeTax": 142325000,
    "incomeBeforeTaxRatio": 0.4582628995,
    "incomeTaxExpense": 2638000,
    "netIncome": 130199000,
    "netIncomeRatio": 0.4192191902,
    "eps": 1.03,
    "epsdiluted": 1.02,
    "weightedAverageShsOut": 126466837,
    "weightedAverageShsOutDil": 134240290,
    "link": "https://www.sec.gov/Archives/edgar/data/1289490/000162828018013771/0001628280-18-013771-index.htm",
    "finalLink": "https://www.sec.gov/Archives/edgar/data/1289490/000162828018013771/exr-09302018x10qq32018.htm"
  },
  {
    "date": "2018-06-30",
    "symbol": "EXR",
    "reportedCurrency": "USD",
    "cik": "0001289490",
    "fillingDate": "2018-08-09",
    "acceptedDate": "2018-08-09 16:04:19",
    "calendarYear": "2018",
    "period": "Q2",
    "revenue": 300242000,
    "costOfRevenue": 78554000,
    "grossProfit": 221688000,
    "grossProfitRatio": 0.7383643861,
    "researchAndDevelopmentExpenses": 0,
    "generalAndAdministrativeExpenses": 21651000,
    "sellingAndMarketingExpenses": 0,
    "sellingGeneralAndAdministrativeExpenses": 21651000,
    "otherExpenses": 55321000,
    "operatingExpenses": 76972000,
    "costAndExpenses": 155526000,
    "interestIncome": 1188000,
    "interestExpense": 44523000,
    "depreciationAndAmortization": 51892000,
    "ebitda": 200037000,
    "ebitdaratio": 0.6662525563,
    "operatingIncome": 144716000,
    "operatingIncomeRatio": 0.4819978551,
    "totalOtherIncomeExpensesNet": -39906000,
    "incomeBeforeTax": 104810000,
    "incomeBeforeTaxRatio": 0.3490850714,
    "incomeTaxExpense": 2097000,
    "netIncome": 94960000,
    "netIncomeRatio": 0.3162782023,
    "eps": 0.75,
    "epsdiluted": 0.75,
    "weightedAverageShsOut": 125874130,
    "weightedAverageShsOutDil": 132772772,
    "link": "https://www.sec.gov/Archives/edgar/data/1289490/000162828018010932/0001628280-18-010932-index.htm",
    "finalLink": "https://www.sec.gov/Archives/edgar/data/1289490/000162828018010932/exr-06302018x10qq22018.htm"
  },
  {
    "date": "2018-03-31",
    "symbol": "EXR",
    "reportedCurrency": "USD",
    "cik": "0001289490",
    "fillingDate": "2018-05-09",
    "acceptedDate": "2018-05-09 16:22:43",
    "calendarYear": "2018",
    "period": "Q1",
    "revenue": 289082000,
    "costOfRevenue": 78360000,
    "grossProfit": 210722000,
    "grossProfitRatio": 0.7289350427,
    "researchAndDevelopmentExpenses": 0,
    "generalAndAdministrativeExpenses": 21464000,
    "sellingAndMarketingExpenses": 0,
    "sellingGeneralAndAdministrativeExpenses": 21464000,
    "otherExpenses": 55346000,
    "operatingExpenses": 76810000,
    "costAndExpenses": 155170000,
    "interestIncome": 1438000,
    "interestExpense": 42175000,
    "depreciationAndAmortization": 51749000,
    "ebitda": 189258000,
    "ebitdaratio": 0.6546862136,
    "operatingIncome": 133912000,
    "operatingIncomeRatio": 0.4632318858,
    "totalOtherIncomeExpensesNet": -37140000,
    "incomeBeforeTax": 96772000,
    "incomeBeforeTaxRatio": 0.3347562283,
    "incomeTaxExpense": 1342000,
    "netIncome": 88078000,
    "netIncomeRatio": 0.3046817166,
    "eps": 0.7,
    "epsdiluted": 0.7,
    "weightedAverageShsOut": 125772439,
    "weightedAverageShsOutDil": 132682560,
    "link": "https://www.sec.gov/Archives/edgar/data/1289490/000162828018006387/0001628280-18-006387-index.htm",
    "finalLink": "https://www.sec.gov/Archives/edgar/data/1289490/000162828018006387/exr-03312018x10qq12018.htm"
  },
  {
    "date": "2017-12-31",
    "symbol": "EXR",
    "reportedCurrency": "USD",
    "cik": "0001289490",
    "fillingDate": "2018-03-01",
    "acceptedDate": "2018-03-01 16:42:49",
    "calendarYear": "2017",
    "period": "Q4",
    "revenue": 285766000,
    "costOfRevenue": 58371000,
    "grossProfit": 227395000,
    "grossProfitRatio": 0.7957384713,
    "researchAndDevelopmentExpenses": 0,
    "generalAndAdministrativeExpenses": 18790000,
    "sellingAndMarketingExpenses": 14410000,
    "sellingGeneralAndAdministrativeExpenses": 33200000,
    "otherExpenses": -59708000,
    "operatingExpenses": -26508000,
    "costAndExpenses": 31863000,
    "interestIncome": 1535000,
    "interestExpense": 41595000,
    "depreciationAndAmortization": 49157000,
    "ebitda": 194195000,
    "ebitdaratio": 0.6795594997,
    "operatingIncome": 141114000,
    "operatingIncomeRatio": 0.4938096205,
    "totalOtherIncomeExpensesNet": 82672000,
    "incomeBeforeTax": 223786000,
    "incomeBeforeTaxRatio": 0.7831092572,
    "incomeTaxExpense": -5529000,
    "netIncome": 215581000,
    "netIncomeRatio": 0.7543969542,
    "eps": 1.71,
    "epsdiluted": 1.69,
    "weightedAverageShsOut": 126007129,
    "weightedAverageShsOutDil": 134676639,
    "link": "https://www.sec.gov/Archives/edgar/data/1289490/000162828018002649/0001628280-18-002649-index.htm",
    "finalLink": "https://www.sec.gov/Archives/edgar/data/1289490/000162828018002649/exr-12312017x10k.htm"
  },
  {
    "date": "2017-09-30",
    "symbol": "EXR",
    "reportedCurrency": "USD",
    "cik": "0001289490",
    "fillingDate": "2017-11-03",
    "acceptedDate": "2017-11-03 16:29:32",
    "calendarYear": "2017",
    "period": "Q3",
    "revenue": 288146000,
    "costOfRevenue": 76702000,
    "grossProfit": 211444000,
    "grossProfitRatio": 0.7338085554,
    "researchAndDevelopmentExpenses": 0,
    "generalAndAdministrativeExpenses": 19498000,
    "sellingAndMarketingExpenses": 0,
    "sellingGeneralAndAdministrativeExpenses": 19498000,
    "otherExpenses": 52065000,
    "operatingExpenses": 71563000,
    "costAndExpenses": 148265000,
    "interestIncome": 1401000,
    "interestExpense": 41034000,
    "depreciationAndAmortization": 48075000,
    "ebitda": 191946000,
    "ebitdaratio": 0.6661414699,
    "operatingIncome": 139881000,
    "operatingIncomeRatio": 0.4854518196,
    "totalOtherIncomeExpensesNet": -35643000,
    "incomeBeforeTax": 104238000,
    "incomeBeforeTaxRatio": 0.3617541108,
    "incomeTaxExpense": 3163000,
    "netIncome": 93573000,
    "netIncomeRatio": 0.324741624,
    "eps": 0.74,
    "epsdiluted": 0.74,
    "weightedAverageShsOut": 125717517,
    "weightedAverageShsOutDil": 133044473,
    "link": "https://www.sec.gov/Archives/edgar/data/1289490/000162828017010869/0001628280-17-010869-index.htm",
    "finalLink": "https://www.sec.gov/Archives/edgar/data/1289490/000162828017010869/exr-09302017x10q.htm"
  },
  {
    "date": "2017-06-30",
    "symbol": "EXR",
    "reportedCurrency": "USD",
    "cik": "0001289490",
    "fillingDate": "2017-08-04",
    "acceptedDate": "2017-08-04 16:23:06",
    "calendarYear": "2017",
    "period": "Q2",
    "revenue": 279841000,
    "costOfRevenue": 71099000,
    "grossProfit": 208742000,
    "grossProfitRatio": 0.7459307249,
    "researchAndDevelopmentExpenses": 0,
    "generalAndAdministrativeExpenses": 21865000,
    "sellingAndMarketingExpenses": 0,
    "sellingGeneralAndAdministrativeExpenses": 21865000,
    "otherExpenses": 50470000,
    "operatingExpenses": 72335000,
    "costAndExpenses": 143434000,
    "interestIncome": 1485000,
    "interestExpense": 38746000,
    "depreciationAndAmortization": 46632000,
    "ebitda": 186877000,
    "ebitdaratio": 0.6677970705,
    "operatingIncome": 136407000,
    "operatingIncomeRatio": 0.4874446561,
    "totalOtherIncomeExpensesNet": -39442000,
    "incomeBeforeTax": 96965000,
    "incomeBeforeTaxRatio": 0.3465003341,
    "incomeTaxExpense": 2867000,
    "netIncome": 86799000,
    "netIncomeRatio": 0.3101725623,
    "eps": 0.69,
    "epsdiluted": 0.69,
    "weightedAverageShsOut": 125673156,
    "weightedAverageShsOutDil": 132783402,
    "link": "https://www.sec.gov/Archives/edgar/data/1289490/000162828017008114/0001628280-17-008114-index.htm",
    "finalLink": "https://www.sec.gov/Archives/edgar/data/1289490/000162828017008114/exr-06302017x10q.htm"
  },
  {
    "date": "2017-03-31",
    "symbol": "EXR",
    "reportedCurrency": "USD",
    "cik": "0001289490",
    "fillingDate": "2017-05-05",
    "acceptedDate": "2017-05-05 16:37:35",
    "calendarYear": "2017",
    "period": "Q1",
    "revenue": 266587000,
    "costOfRevenue": 70565000,
    "grossProfit": 196022000,
    "grossProfitRatio": 0.7353021715,
    "researchAndDevelopmentExpenses": 0,
    "generalAndAdministrativeExpenses": 18808000,
    "sellingAndMarketingExpenses": 0,
    "sellingGeneralAndAdministrativeExpenses": 18808000,
    "otherExpenses": 53011000,
    "operatingExpenses": 71819000,
    "costAndExpenses": 142384000,
    "interestIncome": 2315000,
    "interestExpense": 37239000,
    "depreciationAndAmortization": 49432000,
    "ebitda": 177214000,
    "ebitdaratio": 0.6647510944,
    "operatingIncome": 124203000,
    "operatingIncomeRatio": 0.4659004378,
    "totalOtherIncomeExpensesNet": -31345000,
    "incomeBeforeTax": 92858000,
    "incomeBeforeTaxRatio": 0.3483215611,
    "incomeTaxExpense": 3124000,
    "netIncome": 82085000,
    "netIncomeRatio": 0.3079107383,
    "eps": 0.65,
    "epsdiluted": 0.64,
    "weightedAverageShsOut": 125605403,
    "weightedAverageShsOutDil": 132618644,
    "link": "https://www.sec.gov/Archives/edgar/data/1289490/000162828017005050/0001628280-17-005050-index.htm",
    "finalLink": "https://www.sec.gov/Archives/edgar/data/1289490/000162828017005050/exr-03312017x10q.htm"
  },
  {
    "date": "2016-12-31",
    "symbol": "EXR",
    "reportedCurrency": "USD",
    "cik": "0001289490",
    "fillingDate": "2017-02-27",
    "acceptedDate": "2017-02-27 17:35:12",
    "calendarYear": "2016",
    "period": "Q4",
    "revenue": 264098000,
    "costOfRevenue": 45341000,
    "grossProfit": 218757000,
    "grossProfitRatio": 0.8283175185,
    "researchAndDevelopmentExpenses": 0,
    "generalAndAdministrativeExpenses": 18355000,
    "sellingAndMarketingExpenses": 12867000,
    "sellingGeneralAndAdministrativeExpenses": 31222000,
    "otherExpenses": 64351000,
    "operatingExpenses": 95573000,
    "costAndExpenses": 140914000,
    "interestIncome": 2663000,
    "interestExpense": 37088000,
    "depreciationAndAmortization": 49158000,
    "ebitda": 187535000,
    "ebitdaratio": 0.7100962521,
    "operatingIncome": 123184000,
    "operatingIncomeRatio": 0.4664329151,
    "totalOtherIncomeExpensesNet": -27925000,
    "incomeBeforeTax": 95259000,
    "incomeBeforeTaxRatio": 0.3606956509,
    "incomeTaxExpense": 4843000,
    "netIncome": 82227000,
    "netIncomeRatio": 0.3113503321,
    "eps": 0.65,
    "epsdiluted": 0.65,
    "weightedAverageShsOut": 125525954,
    "weightedAverageShsOutDil": 126065539,
    "link": "https://www.sec.gov/Archives/edgar/data/1289490/000162828017001815/0001628280-17-001815-index.htm",
    "finalLink": "https://www.sec.gov/Archives/edgar/data/1289490/000162828017001815/exr-12312016x10k.htm"
  },
  {
    "date": "2016-09-30",
    "symbol": "EXR",
    "reportedCurrency": "USD",
    "cik": "0001289490",
    "fillingDate": "2016-11-04",
    "acceptedDate": "2016-11-04 16:59:55",
    "calendarYear": "2016",
    "period": "Q3",
    "revenue": 260808000,
    "costOfRevenue": 68367000,
    "grossProfit": 192441000,
    "grossProfitRatio": 0.7378646361,
    "researchAndDevelopmentExpenses": 0,
    "generalAndAdministrativeExpenses": 19537000,
    "sellingAndMarketingExpenses": 0,
    "sellingGeneralAndAdministrativeExpenses": 19537000,
    "otherExpenses": 50180000,
    "operatingExpenses": 69717000,
    "costAndExpenses": 138084000,
    "interestIncome": 2571000,
    "interestExpense": 34737000,
    "depreciationAndAmortization": 46555000,
    "ebitda": 172904000,
    "ebitdaratio": 0.6629551241,
    "operatingIncome": 122724000,
    "operatingIncomeRatio": 0.4705530505,
    "totalOtherIncomeExpensesNet": 8968000,
    "incomeBeforeTax": 131692000,
    "incomeBeforeTaxRatio": 0.5049384988,
    "incomeTaxExpense": 4466000,
    "netIncome": 117840000,
    "netIncomeRatio": 0.4518266311,
    "eps": 0.94,
    "epsdiluted": 0.93,
    "weightedAverageShsOut": 125752291,
    "weightedAverageShsOutDil": 133763472,
    "link": "https://www.sec.gov/Archives/edgar/data/1289490/000162828016020872/0001628280-16-020872-index.htm",
    "finalLink": "https://www.sec.gov/Archives/edgar/data/1289490/000162828016020872/exr-09302016x10q.htm"
  },
  {
    "date": "2016-06-30",
    "symbol": "EXR",
    "reportedCurrency": "USD",
    "cik": "0001289490",
    "fillingDate": "2016-08-05",
    "acceptedDate": "2016-08-05 17:16:51",
    "calendarYear": "2016",
    "period": "Q2",
    "revenue": 247631000,
    "costOfRevenue": 66370999,
    "grossProfit": 181260000,
    "grossProfitRatio": 0.7319762065,
    "researchAndDevelopmentExpenses": 0,
    "generalAndAdministrativeExpenses": 20512000,
    "sellingAndMarketingExpenses": 0,
    "sellingGeneralAndAdministrativeExpenses": 20512000,
    "otherExpenses": 50446000,
    "operatingExpenses": 70958000,
    "costAndExpenses": 137329000,
    "interestIncome": 2837000,
    "interestExpense": 34042000,
    "depreciationAndAmortization": 43950000,
    "ebitda": 160748000,
    "ebitdaratio": 0.6491432817,
    "operatingIncome": 110302000,
    "operatingIncomeRatio": 0.4454288841,
    "totalOtherIncomeExpensesNet": -16489000,
    "incomeBeforeTax": 93813000,
    "incomeBeforeTaxRatio": 0.3788419059,
    "incomeTaxExpense": 3773000,
    "netIncome": 82830000,
    "netIncomeRatio": 0.3344896237,
    "eps": 0.66,
    "epsdiluted": 0.66,
    "weightedAverageShsOut": 124914467,
    "weightedAverageShsOutDil": 132025915,
    "link": "https://www.sec.gov/Archives/edgar/data/1289490/000162828016018631/0001628280-16-018631-index.htm",
    "finalLink": "https://www.sec.gov/Archives/edgar/data/1289490/000162828016018631/exr-06302016x10q.htm"
  },
  {
    "date": "2016-03-31",
    "symbol": "EXR",
    "reportedCurrency": "USD",
    "cik": "0001289490",
    "fillingDate": "2016-05-06",
    "acceptedDate": "2016-05-06 16:03:44",
    "calendarYear": "2016",
    "period": "Q1",
    "revenue": 232233000,
    "costOfRevenue": 65423000,
    "grossProfit": 166810000,
    "grossProfitRatio": 0.7182872374,
    "researchAndDevelopmentExpenses": 0,
    "generalAndAdministrativeExpenses": 23402000,
    "sellingAndMarketingExpenses": 0,
    "sellingGeneralAndAdministrativeExpenses": 19402000,
    "otherExpenses": 53780000,
    "operatingExpenses": 73182000,
    "costAndExpenses": 138605000,
    "interestIncome": 2927000,
    "interestExpense": 32592000,
    "depreciationAndAmortization": 42897000,
    "ebitda": 147408000,
    "ebitdaratio": 0.6347418326,
    "operatingIncome": 93628000,
    "operatingIncomeRatio": 0.4031640637,
    "totalOtherIncomeExpensesNet": -1456000,
    "incomeBeforeTax": 92172000,
    "incomeBeforeTaxRatio": 0.3968944982,
    "incomeTaxExpense": 2765000,
    "netIncome": 82427000,
    "netIncomeRatio": 0.3549323309,
    "eps": 0.66,
    "epsdiluted": 0.66,
    "weightedAverageShsOut": 124754174,
    "weightedAverageShsOutDil": 131956094,
    "link": "https://www.sec.gov/Archives/edgar/data/1289490/000119312516581973/0001193125-16-581973-index.htm",
    "finalLink": "https://www.sec.gov/Archives/edgar/data/1289490/000119312516581973/d171519d10q.htm"
  },
  {
    "date": "2015-12-31",
    "symbol": "EXR",
    "reportedCurrency": "USD",
    "cik": "0001289490",
    "fillingDate": "2016-02-29",
    "acceptedDate": "2016-02-29 17:35:04",
    "calendarYear": "2015",
    "period": "Q4",
    "revenue": 229056000,
    "costOfRevenue": 116018000,
    "grossProfit": 113038000,
    "grossProfitRatio": 0.4934950405,
    "researchAndDevelopmentExpenses": 0,
    "generalAndAdministrativeExpenses": 18138000,
    "sellingAndMarketingExpenses": 10528000,
    "sellingGeneralAndAdministrativeExpenses": 28666000,
    "otherExpenses": 44063000,
    "operatingExpenses": 72729000,
    "costAndExpenses": 188747000,
    "interestIncome": 3033000,
    "interestExpense": 31741000,
    "depreciationAndAmortization": 40766000,
    "ebitda": 84372000,
    "ebitdaratio": 0.3683466052,
    "operatingIncome": 40309000,
    "operatingIncomeRatio": 0.1759787999,
    "totalOtherIncomeExpensesNet": -25411000,
    "incomeBeforeTax": 14898000,
    "incomeBeforeTaxRatio": 0.0650408634,
    "incomeTaxExpense": 3154000,
    "netIncome": 8506000,
    "netIncomeRatio": 0.0371350237,
    "eps": 0.07,
    "epsdiluted": 0.07,
    "weightedAverageShsOut": 123531844,
    "weightedAverageShsOutDil": 131021387,
    "link": "https://www.sec.gov/Archives/edgar/data/1289490/000119312516485633/0001193125-16-485633-index.htm",
    "finalLink": "https://www.sec.gov/Archives/edgar/data/1289490/000119312516485633/d103311d10k.htm"
  },
  {
    "date": "2015-09-30",
    "symbol": "EXR",
    "reportedCurrency": "USD",
    "cik": "0001289490",
    "fillingDate": "2015-11-06",
    "acceptedDate": "2015-11-06 17:20:39",
    "calendarYear": "2015",
    "period": "Q3",
    "revenue": 200900000,
    "costOfRevenue": 52766000,
    "grossProfit": 148134000,
    "grossProfitRatio": 0.7373519164,
    "researchAndDevelopmentExpenses": 0,
    "generalAndAdministrativeExpenses": 16716000,
    "sellingAndMarketingExpenses": 0,
    "sellingGeneralAndAdministrativeExpenses": 16716000,
    "otherExpenses": 34114000,
    "operatingExpenses": 50830000,
    "costAndExpenses": 103596000,
    "interestIncome": 1569000,
    "interestExpense": 21616000,
    "depreciationAndAmortization": 30711000,
    "ebitda": 131418000,
    "ebitdaratio": 0.6541463415,
    "operatingIncome": 97304000,
    "operatingIncomeRatio": 0.4843404679,
    "totalOtherIncomeExpensesNet": -15543000,
    "incomeBeforeTax": 81761000,
    "incomeBeforeTaxRatio": 0.4069736187,
    "incomeTaxExpense": 3561000,
    "netIncome": 71545000,
    "netIncomeRatio": 0.356122449,
    "eps": 0.58,
    "epsdiluted": 0.58,
    "weightedAverageShsOut": 122644837,
    "weightedAverageShsOutDil": 130398111,
    "link": "https://www.sec.gov/Archives/edgar/data/1289490/000119312515370397/0001193125-15-370397-index.htm",
    "finalLink": "https://www.sec.gov/Archives/edgar/data/1289490/000119312515370397/d49070d10q.htm"
  },
  {
    "date": "2015-06-30",
    "symbol": "EXR",
    "reportedCurrency": "USD",
    "cik": "0001289490",
    "fillingDate": "2015-08-10",
    "acceptedDate": "2015-08-10 16:16:00",
    "calendarYear": "2015",
    "period": "Q2",
    "revenue": 188861000,
    "costOfRevenue": 56046000,
    "grossProfit": 132815000,
    "grossProfitRatio": 0.7032420669,
    "researchAndDevelopmentExpenses": 0,
    "generalAndAdministrativeExpenses": 16655000,
    "sellingAndMarketingExpenses": 0,
    "sellingGeneralAndAdministrativeExpenses": 16655000,
    "otherExpenses": 34553000,
    "operatingExpenses": 51208000,
    "costAndExpenses": 107254000,
    "interestIncome": 1640000,
    "interestExpense": 23507000,
    "depreciationAndAmortization": 31552000,
    "ebitda": 116160000,
    "ebitdaratio": 0.615055517,
    "operatingIncome": 81607000,
    "operatingIncomeRatio": 0.4321008572,
    "totalOtherIncomeExpensesNet": -18466000,
    "incomeBeforeTax": 63141000,
    "incomeBeforeTaxRatio": 0.3343252445,
    "incomeTaxExpense": 2185000,
    "netIncome": 55199000,
    "netIncomeRatio": 0.2922731533,
    "eps": 0.47,
    "epsdiluted": 0.47,
    "weightedAverageShsOut": 116861678,
    "weightedAverageShsOutDil": 124475890,
    "link": "https://www.sec.gov/Archives/edgar/data/1289490/000119312515284889/0001193125-15-284889-index.htm",
    "finalLink": "https://www.sec.gov/Archives/edgar/data/1289490/000119312515284889/d84524d10q.htm"
  },
  {
    "date": "2015-03-31",
    "symbol": "EXR",
    "reportedCurrency": "USD",
    "cik": "0001289490",
    "fillingDate": "2015-05-08",
    "acceptedDate": "2015-05-08 16:14:15",
    "calendarYear": "2015",
    "period": "Q1",
    "revenue": 175804000,
    "costOfRevenue": 51041000,
    "grossProfit": 124763000,
    "grossProfitRatio": 0.7096709972,
    "researchAndDevelopmentExpenses": 0,
    "generalAndAdministrativeExpenses": 16249000,
    "sellingAndMarketingExpenses": 0,
    "sellingGeneralAndAdministrativeExpenses": 16248999,
    "otherExpenses": 33078000,
    "operatingExpenses": 49327000,
    "costAndExpenses": 100368000,
    "interestIncome": 2069000,
    "interestExpense": 22128000,
    "depreciationAndAmortization": 30428000,
    "ebitda": 108514000,
    "ebitdaratio": 0.6172442038,
    "operatingIncome": 75436000,
    "operatingIncomeRatio": 0.4290914882,
    "totalOtherIncomeExpensesNet": -14552000,
    "incomeBeforeTax": 60884000,
    "incomeBeforeTaxRatio": 0.3463174899,
    "incomeTaxExpense": 2248000,
    "netIncome": 53623000,
    "netIncomeRatio": 0.3050158131,
    "eps": 0.46,
    "epsdiluted": 0.46,
    "weightedAverageShsOut": 116117615,
    "weightedAverageShsOutDil": 122595718,
    "link": "https://www.sec.gov/Archives/edgar/data/1289490/000119312515179581/0001193125-15-179581-index.htm",
    "finalLink": "https://www.sec.gov/Archives/edgar/data/1289490/000119312515179581/d899665d10q.htm"
  },
  {
    "date": "2014-12-31",
    "symbol": "EXR",
    "reportedCurrency": "USD",
    "cik": "0001289490",
    "fillingDate": "2015-03-02",
    "acceptedDate": "2015-03-02 17:07:29",
    "calendarYear": "2014",
    "period": "Q4",
    "revenue": 167925000,
    "costOfRevenue": 51581000,
    "grossProfit": 116344000,
    "grossProfitRatio": 0.69283311,
    "researchAndDevelopmentExpenses": 0,
    "generalAndAdministrativeExpenses": 16689000,
    "sellingAndMarketingExpenses": 0,
    "sellingGeneralAndAdministrativeExpenses": 14506000,
    "otherExpenses": 31922000,
    "operatingExpenses": 46428000,
    "costAndExpenses": 98009000,
    "interestIncome": 1652000,
    "interestExpense": 21072000,
    "depreciationAndAmortization": 29181000,
    "ebitda": 101838000,
    "ebitdaratio": 0.6064493077,
    "operatingIncome": 69916000,
    "operatingIncomeRatio": 0.4163525383,
    "totalOtherIncomeExpensesNet": -18197000,
    "incomeBeforeTax": 51719000,
    "incomeBeforeTaxRatio": 0.3079886854,
    "incomeTaxExpense": 2233000,
    "netIncome": 44998000,
    "netIncomeRatio": 0.2679648653,
    "eps": 0.39,
    "epsdiluted": 0.39,
    "weightedAverageShsOut": 116032453,
    "weightedAverageShsOutDil": 121652351,
    "link": "https://www.sec.gov/Archives/edgar/data/1289490/000119312515073584/0001193125-15-073584-index.htm",
    "finalLink": "https://www.sec.gov/Archives/edgar/data/1289490/000119312515073584/d851024d10k.htm"
  },
  {
    "date": "2014-09-30",
    "symbol": "EXR",
    "reportedCurrency": "USD",
    "cik": "0001289490",
    "fillingDate": "2014-11-06",
    "acceptedDate": "2014-11-06 17:14:05",
    "calendarYear": "2014",
    "period": "Q3",
    "revenue": 171844000,
    "costOfRevenue": 46660000,
    "grossProfit": 125184000,
    "grossProfitRatio": 0.7284746631,
    "researchAndDevelopmentExpenses": 0,
    "generalAndAdministrativeExpenses": 13966000,
    "sellingAndMarketingExpenses": 0,
    "sellingGeneralAndAdministrativeExpenses": 15665000,
    "otherExpenses": 32026000,
    "operatingExpenses": 47691000,
    "costAndExpenses": 94351000,
    "interestIncome": 1399000,
    "interestExpense": 21360000,
    "depreciationAndAmortization": 29249000,
    "ebitda": 109519000,
    "ebitdaratio": 0.6373164032,
    "operatingIncome": 77493000,
    "operatingIncomeRatio": 0.4509496986,
    "totalOtherIncomeExpensesNet": -19306000,
    "incomeBeforeTax": 58187000,
    "incomeBeforeTaxRatio": 0.3386036172,
    "incomeTaxExpense": -1006000,
    "netIncome": 54103000,
    "netIncomeRatio": 0.3148378762,
    "eps": 0.47,
    "epsdiluted": 0.47,
    "weightedAverageShsOut": 115726911,
    "weightedAverageShsOutDil": 121617554,
    "link": "https://www.sec.gov/Archives/edgar/data/1289490/000119312514401276/0001193125-14-401276-index.htm",
    "finalLink": "https://www.sec.gov/Archives/edgar/data/1289490/000119312514401276/d785340d10q.htm"
  },
  {
    "date": "2014-06-30",
    "symbol": "EXR",
    "reportedCurrency": "USD",
    "cik": "0001289490",
    "fillingDate": "2014-08-07",
    "acceptedDate": "2014-08-07 08:09:54",
    "calendarYear": "2014",
    "period": "Q2",
    "revenue": 163328000,
    "costOfRevenue": 46323000,
    "grossProfit": 117005000,
    "grossProfitRatio": 0.7163805349,
    "researchAndDevelopmentExpenses": 0,
    "generalAndAdministrativeExpenses": 14985000,
    "sellingAndMarketingExpenses": 0,
    "sellingGeneralAndAdministrativeExpenses": 15469000,
    "otherExpenses": 30875000,
    "operatingExpenses": 46344000,
    "costAndExpenses": 92667000,
    "interestIncome": 1924000,
    "interestExpense": 21321000,
    "depreciationAndAmortization": 28271000,
    "ebitda": 101536000,
    "ebitdaratio": 0.621669279,
    "operatingIncome": 70661000,
    "operatingIncomeRatio": 0.4326324941,
    "totalOtherIncomeExpensesNet": -21140000,
    "incomeBeforeTax": 49521000,
    "incomeBeforeTaxRatio": 0.3031996963,
    "incomeTaxExpense": 3513000,
    "netIncome": 41540000,
    "netIncomeRatio": 0.2543348354,
    "eps": 0.36,
    "epsdiluted": 0.36,
    "weightedAverageShsOut": 115653489,
    "weightedAverageShsOutDil": 121254222,
    "link": "https://www.sec.gov/Archives/edgar/data/1289490/000110465914057883/0001104659-14-057883-index.htm",
    "finalLink": "https://www.sec.gov/Archives/edgar/data/1289490/000110465914057883/a14-14067_110q.htm"
  },
  {
    "date": "2014-03-31",
    "symbol": "EXR",
    "reportedCurrency": "USD",
    "cik": "0001289490",
    "fillingDate": "2014-05-08",
    "acceptedDate": "2014-05-08 09:00:56",
    "calendarYear": "2014",
    "period": "Q1",
    "revenue": 155006000,
    "costOfRevenue": 48105000,
    "grossProfit": 106901000,
    "grossProfitRatio": 0.6896571746,
    "researchAndDevelopmentExpenses": 0,
    "generalAndAdministrativeExpenses": 15302000,
    "sellingAndMarketingExpenses": 0,
    "sellingGeneralAndAdministrativeExpenses": 15709000,
    "otherExpenses": 30794000,
    "operatingExpenses": 46503000,
    "costAndExpenses": 94608000,
    "interestIncome": 1482000,
    "interestExpense": 20260000,
    "depreciationAndAmortization": 28375000,
    "ebitda": 91192000,
    "ebitdaratio": 0.5883127105,
    "operatingIncome": 60398000,
    "operatingIncomeRatio": 0.3896494329,
    "totalOtherIncomeExpensesNet": -16359000,
    "incomeBeforeTax": 44039000,
    "incomeBeforeTaxRatio": 0.2841115828,
    "incomeTaxExpense": 2830000,
    "netIncome": 37223000,
    "netIncomeRatio": 0.2401390914,
    "eps": 0.32,
    "epsdiluted": 0.32,
    "weightedAverageShsOut": 115438325,
    "weightedAverageShsOutDil": 121062845,
    "link": "https://www.sec.gov/Archives/edgar/data/1289490/000110465914036162/0001104659-14-036162-index.htm",
    "finalLink": "https://www.sec.gov/Archives/edgar/data/1289490/000110465914036162/a14-9641_110q.htm"
  },
  {
    "date": "2013-12-31",
    "symbol": "EXR",
    "reportedCurrency": "USD",
    "cik": "0001289490",
    "fillingDate": "2014-03-03",
    "acceptedDate": "2014-03-03 16:31:45",
    "calendarYear": "2013",
    "period": "Q4",
    "revenue": 144645000,
    "costOfRevenue": 44830000,
    "grossProfit": 99815000,
    "grossProfitRatio": 0.6900687891,
    "researchAndDevelopmentExpenses": 0,
    "generalAndAdministrativeExpenses": 13795000,
    "sellingAndMarketingExpenses": 0,
    "sellingGeneralAndAdministrativeExpenses": 13795000,
    "otherExpenses": 28705000,
    "operatingExpenses": 42500000,
    "costAndExpenses": 87330000,
    "interestIncome": 1442000,
    "interestExpense": 20095000,
    "depreciationAndAmortization": 25994000,
    "ebitda": 86020000,
    "ebitdaratio": 0.5946973625,
    "operatingIncome": 57315000,
    "operatingIncomeRatio": 0.3962459815,
    "totalOtherIncomeExpensesNet": 27694000,
    "incomeBeforeTax": 85009000,
    "incomeBeforeTaxRatio": 0.5877078364,
    "incomeTaxExpense": 2837000,
    "netIncome": 76940000,
    "netIncomeRatio": 0.5319229839,
    "eps": 0.66,
    "epsdiluted": 0.66,
    "weightedAverageShsOut": 113495805,
    "weightedAverageShsOutDil": 114560673,
    "link": "https://www.sec.gov/Archives/edgar/data/1289490/000104746914001686/0001047469-14-001686-index.htm",
    "finalLink": "https://www.sec.gov/Archives/edgar/data/1289490/000104746914001686/a2218605z10-k.htm"
  },
  {
    "date": "2013-09-30",
    "symbol": "EXR",
    "reportedCurrency": "USD",
    "cik": "0001289490",
    "fillingDate": "2013-11-04",
    "acceptedDate": "2013-11-04 11:37:01",
    "calendarYear": "2013",
    "period": "Q3",
    "revenue": 136516000,
    "costOfRevenue": 39676000,
    "grossProfit": 96840000,
    "grossProfitRatio": 0.7093674002,
    "researchAndDevelopmentExpenses": 0,
    "generalAndAdministrativeExpenses": 13943000,
    "sellingAndMarketingExpenses": 0,
    "sellingGeneralAndAdministrativeExpenses": 13943000,
    "otherExpenses": 26833000,
    "operatingExpenses": 40776000,
    "costAndExpenses": 80452000,
    "interestIncome": 1415000,
    "interestExpense": 17098000,
    "depreciationAndAmortization": 23428000,
    "ebitda": 82897000,
    "ebitdaratio": 0.6072328518,
    "operatingIncome": 56064000,
    "operatingIncomeRatio": 0.4106771367,
    "totalOtherIncomeExpensesNet": -21431000,
    "incomeBeforeTax": 34633000,
    "incomeBeforeTaxRatio": 0.2536918749,
    "incomeTaxExpense": 2281000,
    "netIncome": 29102000,
    "netIncomeRatio": 0.2131764775,
    "eps": 0.26,
    "epsdiluted": 0.26,
    "weightedAverageShsOut": 111231452,
    "weightedAverageShsOutDil": 117604515,
    "link": "https://www.sec.gov/Archives/edgar/data/1289490/000110465913080396/0001104659-13-080396-index.htm",
    "finalLink": "https://www.sec.gov/Archives/edgar/data/1289490/000110465913080396/a13-19625_110q.htm"
  },
  {
    "date": "2013-06-30",
    "symbol": "EXR",
    "reportedCurrency": "USD",
    "cik": "0001289490",
    "fillingDate": "2013-08-08",
    "acceptedDate": "2013-08-08 16:16:14",
    "calendarYear": "2013",
    "period": "Q2",
    "revenue": 129160000,
    "costOfRevenue": 36347000,
    "grossProfit": 92813000,
    "grossProfitRatio": 0.7185893465,
    "researchAndDevelopmentExpenses": 0,
    "generalAndAdministrativeExpenses": 13739000,
    "sellingAndMarketingExpenses": 0,
    "sellingGeneralAndAdministrativeExpenses": 13739000,
    "otherExpenses": 0,
    "operatingExpenses": 35724000,
    "costAndExpenses": 72071000,
    "interestIncome": 1345000,
    "interestExpense": 18475000,
    "depreciationAndAmortization": 22785000,
    "ebitda": 79074000,
    "ebitdaratio": 0.6122174048,
    "operatingIncome": 53375000,
    "operatingIncomeRatio": 0.4132471353,
    "totalOtherIncomeExpensesNet": -13416000,
    "incomeBeforeTax": 39959000,
    "incomeBeforeTaxRatio": 0.3093759678,
    "incomeTaxExpense": 2858000,
    "netIncome": 34320000,
    "netIncomeRatio": 0.2657169402,
    "eps": 0.31,
    "epsdiluted": 0.31,
    "weightedAverageShsOut": 111137437,
    "weightedAverageShsOutDil": 115359245,
    "link": "https://www.sec.gov/Archives/edgar/data/1289490/000110465913061728/0001104659-13-061728-index.htm",
    "finalLink": "https://www.sec.gov/Archives/edgar/data/1289490/000110465913061728/a13-13744_110q.htm"
  },
  {
    "date": "2013-03-31",
    "symbol": "EXR",
    "reportedCurrency": "USD",
    "cik": "0001289490",
    "fillingDate": "2013-05-08",
    "acceptedDate": "2013-05-08 14:24:31",
    "calendarYear": "2013",
    "period": "Q1",
    "revenue": 121945000,
    "costOfRevenue": 36799000,
    "grossProfit": 85146000,
    "grossProfitRatio": 0.6982328099,
    "researchAndDevelopmentExpenses": 0,
    "generalAndAdministrativeExpenses": 12769000,
    "sellingAndMarketingExpenses": 0,
    "sellingGeneralAndAdministrativeExpenses": 12769000,
    "otherExpenses": 0,
    "operatingExpenses": 33238000,
    "costAndExpenses": 70037000,
    "interestIncome": 1397000,
    "interestExpense": 17366000,
    "depreciationAndAmortization": 23025000,
    "ebitda": 72377000,
    "ebitdaratio": 0.5935216696,
    "operatingIncome": 46729000,
    "operatingIncomeRatio": 0.3831973431,
    "totalOtherIncomeExpensesNet": -10790000,
    "incomeBeforeTax": 35939000,
    "incomeBeforeTaxRatio": 0.2947148305,
    "incomeTaxExpense": 2008000,
    "netIncome": 31305000,
    "netIncomeRatio": 0.2567140924,
    "eps": 0.28,
    "epsdiluted": 0.28,
    "weightedAverageShsOut": 110809924,
    "weightedAverageShsOutDil": 114967087,
    "link": "https://www.sec.gov/Archives/edgar/data/1289490/000110465913038768/0001104659-13-038768-index.htm",
    "finalLink": "https://www.sec.gov/Archives/edgar/data/1289490/000110465913038768/a13-8422_110q.htm"
  },
  {
    "date": "2012-12-31",
    "symbol": "EXR",
    "reportedCurrency": "USD",
    "cik": "0001289490",
    "fillingDate": "2013-02-28",
    "acceptedDate": "2013-02-28 16:12:33",
    "calendarYear": "2012",
    "period": "Q4",
    "revenue": 116678000,
    "costOfRevenue": 36310000,
    "grossProfit": 80368000,
    "grossProfitRatio": 0.6888016593,
    "researchAndDevelopmentExpenses": 3564000,
    "generalAndAdministrativeExpenses": 12710000,
    "sellingAndMarketingExpenses": 0,
    "sellingGeneralAndAdministrativeExpenses": 12710000,
    "otherExpenses": 0,
    "operatingExpenses": 22663999,
    "costAndExpenses": 58973999,
    "interestIncome": 1844000,
    "interestExpense": 19502000,
    "depreciationAndAmortization": 21535000,
    "ebitda": 67658000,
    "ebitdaratio": 0.5798693841,
    "operatingIncome": 43112000,
    "operatingIncomeRatio": 0.3694955347,
    "totalOtherIncomeExpensesNet": -3066000,
    "incomeBeforeTax": 40046000,
    "incomeBeforeTaxRatio": 0.3432180874,
    "incomeTaxExpense": 1173000,
    "netIncome": 36076000,
    "netIncomeRatio": 0.3091928213,
    "eps": 0.33,
    "epsdiluted": 0.33,
    "weightedAverageShsOut": 107830985,
    "weightedAverageShsOutDil": 112007741,
    "link": "https://www.sec.gov/Archives/edgar/data/1289490/000104746913001942/0001047469-13-001942-index.htm",
    "finalLink": "https://www.sec.gov/Archives/edgar/data/1289490/000104746913001942/a2213217z10-k.htm"
  },
  {
    "date": "2012-09-30",
    "symbol": "EXR",
    "reportedCurrency": "USD",
    "cik": "0001289490",
    "fillingDate": "2012-11-05",
    "acceptedDate": "2012-11-05 11:03:35",
    "calendarYear": "2012",
    "period": "Q3",
    "revenue": 112645000,
    "costOfRevenue": 33980000,
    "grossProfit": 78665000,
    "grossProfitRatio": 0.6983443562,
    "researchAndDevelopmentExpenses": 2486000,
    "generalAndAdministrativeExpenses": 12559000,
    "sellingAndMarketingExpenses": 0,
    "sellingGeneralAndAdministrativeExpenses": 12559000,
    "otherExpenses": 0,
    "operatingExpenses": 18707000,
    "costAndExpenses": 52687000,
    "interestIncome": 1674000,
    "interestExpense": 18423000,
    "depreciationAndAmortization": 19767999,
    "ebitda": 66105999,
    "ebitdaratio": 0.5868524923,
    "operatingIncome": 43484000,
    "operatingIncomeRatio": 0.3860268987,
    "totalOtherIncomeExpensesNet": -275000,
    "incomeBeforeTax": 26735000,
    "incomeBeforeTaxRatio": 0.2373385414,
    "incomeTaxExpense": 1656000,
    "netIncome": 38606000,
    "netIncomeRatio": 0.3427227129,
    "eps": 0.37,
    "epsdiluted": 0.37,
    "weightedAverageShsOut": 104252227,
    "weightedAverageShsOutDil": 108755316,
    "link": "https://www.sec.gov/Archives/edgar/data/1289490/000110465912074013/0001104659-12-074013-index.htm",
    "finalLink": "https://www.sec.gov/Archives/edgar/data/1289490/000110465912074013/a12-19892_110q.htm"
  },
  {
    "date": "2012-06-30",
    "symbol": "EXR",
    "reportedCurrency": "USD",
    "cik": "0001289490",
    "fillingDate": "2012-08-08",
    "acceptedDate": "2012-08-08 15:58:58",
    "calendarYear": "2012",
    "period": "Q2",
    "revenue": 94951000,
    "costOfRevenue": 27436000,
    "grossProfit": 67515000,
    "grossProfitRatio": 0.7110509631,
    "researchAndDevelopmentExpenses": 469000,
    "generalAndAdministrativeExpenses": 12545000,
    "sellingAndMarketingExpenses": 0,
    "sellingGeneralAndAdministrativeExpenses": 12545000,
    "otherExpenses": 0,
    "operatingExpenses": 29640000,
    "costAndExpenses": 57076000,
    "interestIncome": 1660000,
    "interestExpense": 15854000,
    "depreciationAndAmortization": 16626000,
    "ebitda": 58859000,
    "ebitdaratio": 0.6198881528,
    "operatingIncome": 37875000,
    "operatingIncomeRatio": 0.3988899538,
    "totalOtherIncomeExpensesNet": -11496000,
    "incomeBeforeTax": 23681000,
    "incomeBeforeTaxRatio": 0.2494023233,
    "incomeTaxExpense": 1634000,
    "netIncome": 22413000,
    "netIncomeRatio": 0.2360480669,
    "eps": 0.22,
    "epsdiluted": 0.22,
    "weightedAverageShsOut": 102107535,
    "weightedAverageShsOutDil": 106653965,
    "link": "https://www.sec.gov/Archives/edgar/data/1289490/000110465912055895/0001104659-12-055895-index.htm",
    "finalLink": "https://www.sec.gov/Archives/edgar/data/1289490/000110465912055895/a12-13674_110q.htm"
  },
  {
    "date": "2012-03-31",
    "symbol": "EXR",
    "reportedCurrency": "USD",
    "cik": "0001289490",
    "fillingDate": "2012-05-08",
    "acceptedDate": "2012-05-08 15:40:15",
    "calendarYear": "2012",
    "period": "Q1",
    "revenue": 90987000,
    "costOfRevenue": 28444000,
    "grossProfit": 62543000,
    "grossProfitRatio": 0.687383912,
    "researchAndDevelopmentExpenses": 609000,
    "generalAndAdministrativeExpenses": 12640000,
    "sellingAndMarketingExpenses": 0,
    "sellingGeneralAndAdministrativeExpenses": 12640000,
    "otherExpenses": 0,
    "operatingExpenses": 29773000,
    "costAndExpenses": 58217000,
    "interestIncome": 1488000,
    "interestExpense": 18515000,
    "depreciationAndAmortization": 16524000,
    "ebitda": 58507000,
    "ebitdaratio": 0.6430259268,
    "operatingIncome": 32770000,
    "operatingIncomeRatio": 0.3601613417,
    "totalOtherIncomeExpensesNet": -9302000,
    "incomeBeforeTax": 15743000,
    "incomeBeforeTaxRatio": 0.1730247178,
    "incomeTaxExpense": 950000,
    "netIncome": 20214000,
    "netIncomeRatio": 0.2221636058,
    "eps": 0.21,
    "epsdiluted": 0.21,
    "weightedAverageShsOut": 94888078,
    "weightedAverageShsOutDil": 99927352,
    "link": "https://www.sec.gov/Archives/edgar/data/1289490/000110465912034446/0001104659-12-034446-index.htm",
    "finalLink": "https://www.sec.gov/Archives/edgar/data/1289490/000110465912034446/a12-7131_110q.htm"
  },
  {
    "date": "2011-12-31",
    "symbol": "EXR",
    "reportedCurrency": "USD",
    "cik": "0001289490",
    "fillingDate": "2012-02-29",
    "acceptedDate": "2012-02-29 14:16:40",
    "calendarYear": "2011",
    "period": "Q4",
    "revenue": 93212000,
    "costOfRevenue": 26705000,
    "grossProfit": 66507000,
    "grossProfitRatio": 0.7135025533,
    "researchAndDevelopmentExpenses": 731000,
    "generalAndAdministrativeExpenses": 13287000,
    "sellingAndMarketingExpenses": 0,
    "sellingGeneralAndAdministrativeExpenses": 13287000,
    "otherExpenses": 0,
    "operatingExpenses": 29991000,
    "costAndExpenses": 56696000,
    "interestIncome": 1683000,
    "interestExpense": 18323000,
    "depreciationAndAmortization": 15973000,
    "ebitda": 52035000,
    "ebitdaratio": 0.5582435738,
    "operatingIncome": 34379000,
    "operatingIncomeRatio": 0.3688259022,
    "totalOtherIncomeExpensesNet": -16640000,
    "incomeBeforeTax": 17739000,
    "incomeBeforeTaxRatio": 0.1903081148,
    "incomeTaxExpense": 552000,
    "netIncome": 16278000,
    "netIncomeRatio": 0.1746341673,
    "eps": 0.17,
    "epsdiluted": 0.17,
    "weightedAverageShsOut": 91373277,
    "weightedAverageShsOutDil": 94314429,
    "link": "https://www.sec.gov/Archives/edgar/data/1289490/000104746912001880/0001047469-12-001880-index.htm",
    "finalLink": "https://www.sec.gov/Archives/edgar/data/1289490/000104746912001880/a2207592z10-k.htm"
  },
  {
    "date": "2011-09-30",
    "symbol": "EXR",
    "reportedCurrency": "USD",
    "cik": "0001289490",
    "fillingDate": "2011-11-07",
    "acceptedDate": "2011-11-07 15:45:54",
    "calendarYear": "2011",
    "period": "Q3",
    "revenue": 84097000,
    "costOfRevenue": 25866000,
    "grossProfit": 58231000,
    "grossProfitRatio": 0.6924266026,
    "researchAndDevelopmentExpenses": 346000,
    "generalAndAdministrativeExpenses": 12306000,
    "sellingAndMarketingExpenses": 0,
    "sellingGeneralAndAdministrativeExpenses": 12306000,
    "otherExpenses": 0,
    "operatingExpenses": 27016000,
    "costAndExpenses": 52882000,
    "interestIncome": 1398000,
    "interestExpense": 17196000,
    "depreciationAndAmortization": 14364000,
    "ebitda": 46977000,
    "ebitdaratio": 0.5586049443,
    "operatingIncome": 31215000,
    "operatingIncomeRatio": 0.37117852,
    "totalOtherIncomeExpensesNet": -15798000,
    "incomeBeforeTax": 15417000,
    "incomeBeforeTaxRatio": 0.1833240187,
    "incomeTaxExpense": -62000,
    "netIncome": 15261000,
    "netIncomeRatio": 0.1814690179,
    "eps": 0.16,
    "epsdiluted": 0.16,
    "weightedAverageShsOut": 94314429,
    "weightedAverageShsOutDil": 98867803,
    "link": "https://www.sec.gov/Archives/edgar/data/1289490/000110465911061596/0001104659-11-061596-index.htm",
    "finalLink": "https://www.sec.gov/Archives/edgar/data/1289490/000110465911061596/a11-25824_110q.htm"
  },
  {
    "date": "2011-06-30",
    "symbol": "EXR",
    "reportedCurrency": "USD",
    "cik": "0001289490",
    "fillingDate": "2011-08-08",
    "acceptedDate": "2011-08-08 13:58:49",
    "calendarYear": "2011",
    "period": "Q2",
    "revenue": 78040000,
    "costOfRevenue": 24094000,
    "grossProfit": 53946000,
    "grossProfitRatio": 0.6912608919,
    "researchAndDevelopmentExpenses": 1570000,
    "generalAndAdministrativeExpenses": 12432000,
    "sellingAndMarketingExpenses": 0,
    "sellingGeneralAndAdministrativeExpenses": 12432000,
    "otherExpenses": 0,
    "operatingExpenses": 28094000,
    "costAndExpenses": 52188000,
    "interestIncome": 1401000,
    "interestExpense": 16701000,
    "depreciationAndAmortization": 14092000,
    "ebitda": 41345000,
    "ebitdaratio": 0.5297924141,
    "operatingIncome": 25852000,
    "operatingIncomeRatio": 0.3312660174,
    "totalOtherIncomeExpensesNet": -15300000,
    "incomeBeforeTax": 10552000,
    "incomeBeforeTaxRatio": 0.1352127114,
    "incomeTaxExpense": 411000,
    "netIncome": 10609000,
    "netIncomeRatio": 0.1359431061,
    "eps": 0.12,
    "epsdiluted": 0.12,
    "weightedAverageShsOut": 91439042,
    "weightedAverageShsOutDil": 96010848,
    "link": "https://www.sec.gov/Archives/edgar/data/1289490/000110465911044746/0001104659-11-044746-index.htm",
    "finalLink": "https://www.sec.gov/Archives/edgar/data/1289490/000110465911044746/a11-14068_110q.htm"
  },
  {
    "date": "2011-03-31",
    "symbol": "EXR",
    "reportedCurrency": "USD",
    "cik": "0001289490",
    "fillingDate": "2011-05-06",
    "acceptedDate": "2011-05-06 14:46:33",
    "calendarYear": "2011",
    "period": "Q1",
    "revenue": 74481000,
    "costOfRevenue": 24959000,
    "grossProfit": 49522000,
    "grossProfitRatio": 0.6648944026,
    "researchAndDevelopmentExpenses": 249000,
    "generalAndAdministrativeExpenses": 11658000,
    "sellingAndMarketingExpenses": 0,
    "sellingGeneralAndAdministrativeExpenses": 11658000,
    "otherExpenses": 0,
    "operatingExpenses": 25492000,
    "costAndExpenses": 50451000,
    "interestIncome": 1395000,
    "interestExpense": 16842000,
    "depreciationAndAmortization": 13585000,
    "ebitda": 39010000,
    "ebitdaratio": 0.5237577369,
    "operatingIncome": 24030000,
    "operatingIncomeRatio": 0.3226326177,
    "totalOtherIncomeExpensesNet": -15447000,
    "incomeBeforeTax": 8583000,
    "incomeBeforeTaxRatio": 0.1152374431,
    "incomeTaxExpense": 254000,
    "netIncome": 8301000,
    "netIncomeRatio": 0.1114512426,
    "eps": 0.09,
    "epsdiluted": 0.09,
    "weightedAverageShsOut": 88045951,
    "weightedAverageShsOutDil": 92812067,
    "link": "https://www.sec.gov/Archives/edgar/data/1289490/000110465911026800/0001104659-11-026800-index.htm",
    "finalLink": "https://www.sec.gov/Archives/edgar/data/1289490/000110465911026800/a11-9481_110q.htm"
  },
  {
    "date": "2010-12-31",
    "symbol": "EXR",
    "reportedCurrency": "USD",
    "cik": "0001289490",
    "fillingDate": "2011-02-25",
    "acceptedDate": "2011-02-25 16:08:45",
    "calendarYear": "2010",
    "period": "Q4",
    "revenue": 73154000,
    "costOfRevenue": 24023000,
    "grossProfit": 49131000,
    "grossProfitRatio": 0.671610575,
    "researchAndDevelopmentExpenses": 812000,
    "generalAndAdministrativeExpenses": 11525000,
    "sellingAndMarketingExpenses": 0,
    "sellingGeneralAndAdministrativeExpenses": 11525000,
    "otherExpenses": 0,
    "operatingExpenses": 25546000,
    "costAndExpenses": 49569000,
    "interestIncome": 1396000,
    "interestExpense": 15335000,
    "depreciationAndAmortization": 13209000,
    "ebitda": 38190000,
    "ebitdaratio": 0.5220493753,
    "operatingIncome": 23585000,
    "operatingIncomeRatio": 0.3224020559,
    "totalOtherIncomeExpensesNet": -13939000,
    "incomeBeforeTax": 9646000,
    "incomeBeforeTaxRatio": 0.1318588184,
    "incomeTaxExpense": 815000,
    "netIncome": 8916000,
    "netIncomeRatio": 0.1218798699,
    "eps": 0.1,
    "epsdiluted": 0.1,
    "weightedAverageShsOut": 87484731,
    "weightedAverageShsOutDil": 87484731,
    "link": "https://www.sec.gov/Archives/edgar/data/1289490/000104746911001398/0001047469-11-001398-index.htm",
    "finalLink": "https://www.sec.gov/Archives/edgar/data/1289490/000104746911001398/a2202138z10-k.htm"
  },
  {
    "date": "2010-09-30",
    "symbol": "EXR",
    "reportedCurrency": "USD",
    "cik": "0001289490",
    "fillingDate": "2010-11-05",
    "acceptedDate": "2010-11-05 13:25:41",
    "calendarYear": "2010",
    "period": "Q3",
    "revenue": 71979000,
    "costOfRevenue": 21334000,
    "grossProfit": 50645000,
    "grossProfitRatio": 0.7036079968,
    "researchAndDevelopmentExpenses": 211000,
    "generalAndAdministrativeExpenses": 12354000,
    "sellingAndMarketingExpenses": 0,
    "sellingGeneralAndAdministrativeExpenses": 12354000,
    "otherExpenses": 0,
    "operatingExpenses": 27084000,
    "costAndExpenses": 48418000,
    "interestIncome": 1391000,
    "interestExpense": 16118000,
    "depreciationAndAmortization": 12519000,
    "ebitda": 37471000,
    "ebitdaratio": 0.5205823921,
    "operatingIncome": 23561000,
    "operatingIncomeRatio": 0.3273315828,
    "totalOtherIncomeExpensesNet": -14727000,
    "incomeBeforeTax": 8834000,
    "incomeBeforeTaxRatio": 0.1227302408,
    "incomeTaxExpense": 1088000,
    "netIncome": 7667000,
    "netIncomeRatio": 0.1065171786,
    "eps": 0.09,
    "epsdiluted": 0.09,
    "weightedAverageShsOut": 87484731,
    "weightedAverageShsOutDil": 92189852,
    "link": "https://www.sec.gov/Archives/edgar/data/1289490/000110465910056461/0001104659-10-056461-index.htm",
    "finalLink": "https://www.sec.gov/Archives/edgar/data/1289490/000110465910056461/a10-17577_110q.htm"
  },
  {
    "date": "2010-06-30",
    "symbol": "EXR",
    "reportedCurrency": "USD",
    "cik": "0001289490",
    "fillingDate": "2010-08-06",
    "acceptedDate": "2010-08-06 15:47:43",
    "calendarYear": "2010",
    "period": "Q2",
    "revenue": 68777000,
    "costOfRevenue": 20941000,
    "grossProfit": 47836000,
    "grossProfitRatio": 0.6955232127,
    "researchAndDevelopmentExpenses": 142000,
    "generalAndAdministrativeExpenses": 11229000,
    "sellingAndMarketingExpenses": 0,
    "sellingGeneralAndAdministrativeExpenses": 11229000,
    "otherExpenses": 0,
    "operatingExpenses": 25030000,
    "costAndExpenses": 45971000,
    "interestIncome": 1423000,
    "interestExpense": 16649000,
    "depreciationAndAmortization": 12202000,
    "ebitda": 36431000,
    "ebitdaratio": 0.5296974279,
    "operatingIncome": 22806000,
    "operatingIncomeRatio": 0.3315934106,
    "totalOtherIncomeExpensesNet": -15226000,
    "incomeBeforeTax": 7580000,
    "incomeBeforeTaxRatio": 0.1102112625,
    "incomeTaxExpense": 1214000,
    "netIncome": 6180000,
    "netIncomeRatio": 0.0898556203,
    "eps": 0.07,
    "epsdiluted": 0.07,
    "weightedAverageShsOut": 87367967,
    "weightedAverageShsOutDil": 92304831,
    "link": "https://www.sec.gov/Archives/edgar/data/1289490/000110465910042732/0001104659-10-042732-index.htm",
    "finalLink": "https://www.sec.gov/Archives/edgar/data/1289490/000110465910042732/a10-12938_110q.htm"
  },
  {
    "date": "2010-03-31",
    "symbol": "EXR",
    "reportedCurrency": "USD",
    "cik": "0001289490",
    "fillingDate": "2010-05-07",
    "acceptedDate": "2010-05-07 12:36:15",
    "calendarYear": "2010",
    "period": "Q1",
    "revenue": 67587000,
    "costOfRevenue": 21956000,
    "grossProfit": 45631000,
    "grossProfitRatio": 0.6751446284,
    "researchAndDevelopmentExpenses": 70000,
    "generalAndAdministrativeExpenses": 12279000,
    "sellingAndMarketingExpenses": 0,
    "sellingGeneralAndAdministrativeExpenses": 12279000,
    "otherExpenses": 0,
    "operatingExpenses": 24768000,
    "costAndExpenses": 46724000,
    "interestIncome": 1538000,
    "interestExpense": 17678000,
    "depreciationAndAmortization": 12419000,
    "ebitda": 34820000,
    "ebitdaratio": 0.515187832,
    "operatingIncome": 20863000,
    "operatingIncomeRatio": 0.3086836226,
    "totalOtherIncomeExpensesNet": -16140000,
    "incomeBeforeTax": 4723000,
    "incomeBeforeTaxRatio": 0.0698803024,
    "incomeTaxExpense": 1045000,
    "netIncome": 3568000,
    "netIncomeRatio": 0.0527912172,
    "eps": 0.04,
    "epsdiluted": 0.04,
    "weightedAverageShsOut": 86873472,
    "weightedAverageShsOutDil": 91666076,
    "link": "https://www.sec.gov/Archives/edgar/data/1289490/000110465910026768/0001104659-10-026768-index.htm",
    "finalLink": "https://www.sec.gov/Archives/edgar/data/1289490/000110465910026768/a10-6146_110q.htm"
  },
  {
    "date": "2009-12-31",
    "symbol": "EXR",
    "reportedCurrency": "USD",
    "cik": "0001289490",
    "fillingDate": "2010-02-26",
    "acceptedDate": "2010-02-26 17:38:10",
    "calendarYear": "2009",
    "period": "Q4",
    "revenue": 70850000,
    "costOfRevenue": 21544000,
    "grossProfit": 49306000,
    "grossProfitRatio": 0.6959209598,
    "researchAndDevelopmentExpenses": 106000,
    "generalAndAdministrativeExpenses": 11584000,
    "sellingAndMarketingExpenses": 0,
    "sellingGeneralAndAdministrativeExpenses": 11584000,
    "otherExpenses": 0,
    "operatingExpenses": 24933000,
    "costAndExpenses": 46477000,
    "interestIncome": 1696000,
    "interestExpense": 18676000,
    "depreciationAndAmortization": 13243000,
    "ebitda": 34376000,
    "ebitdaratio": 0.485194072,
    "operatingIncome": 24373000,
    "operatingIncomeRatio": 0.3440084686,
    "totalOtherIncomeExpensesNet": -21916000,
    "incomeBeforeTax": 2457000,
    "incomeBeforeTaxRatio": 0.0346788991,
    "incomeTaxExpense": 1983000,
    "netIncome": 5932000,
    "netIncomeRatio": 0.0837261821,
    "eps": 0.0686,
    "epsdiluted": 0.0686,
    "weightedAverageShsOut": 86437877,
    "weightedAverageShsOutDil": 86437877,
    "link": "https://www.sec.gov/Archives/edgar/data/1289490/000104746910001564/0001047469-10-001564-index.htm",
    "finalLink": "https://www.sec.gov/Archives/edgar/data/1289490/000104746910001564/a2196671z10-k.htm"
  },
  {
    "date": "2009-09-30",
    "symbol": "EXR",
    "reportedCurrency": "USD",
    "cik": "0001289490",
    "fillingDate": "2009-11-05",
    "acceptedDate": "2009-11-05 16:27:38",
    "calendarYear": "2009",
    "period": "Q3",
    "revenue": 71304000,
    "costOfRevenue": 23022000,
    "grossProfit": 48282000,
    "grossProfitRatio": 0.6771289128,
    "researchAndDevelopmentExpenses": 22000,
    "generalAndAdministrativeExpenses": 11246000,
    "sellingAndMarketingExpenses": 0,
    "sellingGeneralAndAdministrativeExpenses": 11246000,
    "otherExpenses": 0,
    "operatingExpenses": 25065000,
    "costAndExpenses": 48087000,
    "interestIncome": 1458000,
    "interestExpense": 18127000,
    "depreciationAndAmortization": 13797000,
    "ebitda": 38472000,
    "ebitdaratio": 0.5395489734,
    "operatingIncome": 23217000,
    "operatingIncomeRatio": 0.3256058566,
    "totalOtherIncomeExpensesNet": -14917000,
    "incomeBeforeTax": 8300000,
    "incomeBeforeTaxRatio": 0.1164030068,
    "incomeTaxExpense": 726000,
    "netIncome": 5967000,
    "netIncomeRatio": 0.0836839448,
    "eps": 0.07,
    "epsdiluted": 0.07,
    "weightedAverageShsOut": 86437877,
    "weightedAverageShsOutDil": 91548984,
    "link": "https://www.sec.gov/Archives/edgar/data/1289490/000110465909062954/0001104659-09-062954-index.htm",
    "finalLink": "https://www.sec.gov/Archives/edgar/data/1289490/000110465909062954/a09-31224_210q.htm"
  },
  {
    "date": "2009-06-30",
    "symbol": "EXR",
    "reportedCurrency": "USD",
    "cik": "0001289490",
    "fillingDate": "2009-08-07",
    "acceptedDate": "2009-08-07 06:00:56",
    "calendarYear": "2009",
    "period": "Q2",
    "revenue": 69068000,
    "costOfRevenue": 22967000,
    "grossProfit": 46101000,
    "grossProfitRatio": 0.6674726357,
    "researchAndDevelopmentExpenses": 18801000,
    "generalAndAdministrativeExpenses": 12086000,
    "sellingAndMarketingExpenses": 0,
    "sellingGeneralAndAdministrativeExpenses": 12086000,
    "otherExpenses": 0,
    "operatingExpenses": 43727000,
    "costAndExpenses": 66694000,
    "interestIncome": 1533000,
    "interestExpense": 16379000,
    "depreciationAndAmortization": 12840000,
    "ebitda": 21840000,
    "ebitdaratio": 0.3162101118,
    "operatingIncome": 2374000,
    "operatingIncomeRatio": 0.0343719233,
    "totalOtherIncomeExpensesNet": -9753000,
    "incomeBeforeTax": -4878000,
    "incomeBeforeTaxRatio": -0.0706260497,
    "incomeTaxExpense": 943000,
    "netIncome": -6681000,
    "netIncomeRatio": -0.0967307581,
    "eps": -0.0773,
    "epsdiluted": -0.0729,
    "weightedAverageShsOut": 86397618,
    "weightedAverageShsOutDil": 91607503,
    "link": "https://www.sec.gov/Archives/edgar/data/1289490/000110465909047924/0001104659-09-047924-index.htm",
    "finalLink": "https://www.sec.gov/Archives/edgar/data/1289490/000110465909047924/a09-18921_110q.htm"
  },
  {
    "date": "2009-03-31",
    "symbol": "EXR",
    "reportedCurrency": "USD",
    "cik": "0001289490",
    "fillingDate": "2009-05-11",
    "acceptedDate": "2009-05-11 13:16:56",
    "calendarYear": "2009",
    "period": "Q1",
    "revenue": 69254000,
    "costOfRevenue": 24128000,
    "grossProfit": 45126000,
    "grossProfitRatio": 0.6516013515,
    "researchAndDevelopmentExpenses": 82000,
    "generalAndAdministrativeExpenses": 11246000,
    "sellingAndMarketingExpenses": 0,
    "sellingGeneralAndAdministrativeExpenses": 11246000,
    "otherExpenses": 0,
    "operatingExpenses": 23851000,
    "costAndExpenses": 47979000,
    "interestIncome": 1745000,
    "interestExpense": 16636000,
    "depreciationAndAmortization": 12523000,
    "ebitda": 11315000,
    "ebitdaratio": 0.1633840645,
    "operatingIncome": 21275000,
    "operatingIncomeRatio": 0.3072024721,
    "totalOtherIncomeExpensesNet": 8240000,
    "incomeBeforeTax": 27619000,
    "incomeBeforeTaxRatio": 0.3988072891,
    "incomeTaxExpense": -9250000,
    "netIncome": 26068000,
    "netIncomeRatio": 0.3764114708,
    "eps": 0.32,
    "epsdiluted": 0.32,
    "weightedAverageShsOut": 85940389,
    "weightedAverageShsOutDil": 91222295,
    "link": "https://www.sec.gov/Archives/edgar/data/1289490/000110465909031384/0001104659-09-031384-index.htm",
    "finalLink": "https://www.sec.gov/Archives/edgar/data/1289490/000110465909031384/a09-12853_110q.htm"
  },
  {
    "date": "2008-12-31",
    "symbol": "EXR",
    "reportedCurrency": "USD",
    "cik": "0001289490",
    "fillingDate": "2009-02-27",
    "acceptedDate": "2009-02-27 08:01:00",
    "calendarYear": "2008",
    "period": "Q4",
    "revenue": 70360000,
    "costOfRevenue": 22759000,
    "grossProfit": 47601000,
    "grossProfitRatio": 0.676534963,
    "researchAndDevelopmentExpenses": 96000,
    "generalAndAdministrativeExpenses": 9859000,
    "sellingAndMarketingExpenses": 0,
    "sellingGeneralAndAdministrativeExpenses": 9859000,
    "otherExpenses": 0,
    "operatingExpenses": 23888000,
    "costAndExpenses": 46647000,
    "interestIncome": 2036000,
    "interestExpense": 16391000,
    "depreciationAndAmortization": 13933000,
    "ebitda": 37646000,
    "ebitdaratio": 0.5350483229,
    "operatingIncome": 23713000,
    "operatingIncomeRatio": 0.3370238772,
    "totalOtherIncomeExpensesNet": 23175000,
    "incomeBeforeTax": 46888000,
    "incomeBeforeTaxRatio": 0.6664013644,
    "incomeTaxExpense": 27928000,
    "netIncome": 18960000,
    "netIncomeRatio": 0.2694712905,
    "eps": 0.23,
    "epsdiluted": 0.23,
    "weightedAverageShsOut": 81736986,
    "weightedAverageShsOutDil": 81736986,
    "link": "https://www.sec.gov/Archives/edgar/data/1289490/000104746909001926/0001047469-09-001926-index.htm",
    "finalLink": "https://www.sec.gov/Archives/edgar/data/1289490/000104746909001926/a2190987z10-k.htm"
  },
  {
    "date": "2008-09-30",
    "symbol": "EXR",
    "reportedCurrency": "USD",
    "cik": "0001289490",
    "fillingDate": "2008-11-05",
    "acceptedDate": "2008-11-04 18:08:26",
    "calendarYear": "2008",
    "period": "Q3",
    "revenue": 69848000,
    "costOfRevenue": 22793000,
    "grossProfit": 47055000,
    "grossProfitRatio": 0.6736771275,
    "researchAndDevelopmentExpenses": 39000,
    "generalAndAdministrativeExpenses": 10319000,
    "sellingAndMarketingExpenses": 0,
    "sellingGeneralAndAdministrativeExpenses": 10319000,
    "otherExpenses": 0,
    "operatingExpenses": 45506000,
    "costAndExpenses": 45506000,
    "interestIncome": 2493000,
    "interestExpense": 15904000,
    "depreciationAndAmortization": 12355000,
    "ebitda": 41208000,
    "ebitdaratio": 0.589966785,
    "operatingIncome": 24342000,
    "operatingIncomeRatio": 0.3484995991,
    "totalOtherIncomeExpensesNet": -12452000,
    "incomeBeforeTax": 12327000,
    "incomeBeforeTaxRatio": 0.1764832207,
    "incomeTaxExpense": 14030000,
    "netIncome": 9916000,
    "netIncomeRatio": 0.1419654106,
    "eps": 0.15,
    "epsdiluted": 0.15,
    "weightedAverageShsOut": 81736986,
    "weightedAverageShsOutDil": 87263018,
    "link": "https://www.sec.gov/Archives/edgar/data/1289490/000110465908067949/0001104659-08-067949-index.htm",
    "finalLink": "https://www.sec.gov/Archives/edgar/data/1289490/000110465908067949/a08-25541_110q.htm"
  },
  {
    "date": "2008-06-30",
    "symbol": "EXR",
    "reportedCurrency": "USD",
    "cik": "0001289490",
    "fillingDate": "2008-08-08",
    "acceptedDate": "2008-08-07 17:45:51",
    "calendarYear": "2008",
    "period": "Q2",
    "revenue": 67336000,
    "costOfRevenue": 22233000,
    "grossProfit": 45103000,
    "grossProfitRatio": 0.6698200071,
    "researchAndDevelopmentExpenses": 1428000,
    "generalAndAdministrativeExpenses": 10070000,
    "sellingAndMarketingExpenses": 0,
    "sellingGeneralAndAdministrativeExpenses": 10070000,
    "otherExpenses": 0,
    "operatingExpenses": 23195000,
    "costAndExpenses": 45428000,
    "interestIncome": 2082000,
    "interestExpense": 15962000,
    "depreciationAndAmortization": 11697000,
    "ebitda": 36947000,
    "ebitdaratio": 0.5486960912,
    "operatingIncome": 21908000,
    "operatingIncomeRatio": 0.3253534513,
    "totalOtherIncomeExpensesNet": -13679000,
    "incomeBeforeTax": 8901000,
    "incomeBeforeTaxRatio": 0.1321878341,
    "incomeTaxExpense": -34602000,
    "netIncome": 8901000,
    "netIncomeRatio": 0.1321878341,
    "eps": 0.12,
    "epsdiluted": 0.11,
    "weightedAverageShsOut": 73900524,
    "weightedAverageShsOutDil": 79572767,
    "link": "https://www.sec.gov/Archives/edgar/data/1289490/000110465908050951/0001104659-08-050951-index.htm",
    "finalLink": "https://www.sec.gov/Archives/edgar/data/1289490/000110465908050951/a08-18856_110q.htm"
  },
  {
    "date": "2008-03-31",
    "symbol": "EXR",
    "reportedCurrency": "USD",
    "cik": "0001289490",
    "fillingDate": "2008-05-07",
    "acceptedDate": "2008-05-07 14:30:26",
    "calendarYear": "2008",
    "period": "Q1",
    "revenue": 65707000,
    "costOfRevenue": 712000,
    "grossProfit": 64995000,
    "grossProfitRatio": 0.989164016,
    "researchAndDevelopmentExpenses": 164000,
    "generalAndAdministrativeExpenses": 10179000,
    "sellingAndMarketingExpenses": 0,
    "sellingGeneralAndAdministrativeExpenses": 10179000,
    "otherExpenses": 0,
    "operatingExpenses": 43727000,
    "costAndExpenses": 43727000,
    "interestIncome": 21980000,
    "interestExpense": 17383000,
    "depreciationAndAmortization": 11581000,
    "ebitda": 66397000,
    "ebitdaratio": 1.0105011643,
    "operatingIncome": 21980000,
    "operatingIncomeRatio": 0.3345153484,
    "totalOtherIncomeExpensesNet": -48116000,
    "incomeBeforeTax": 6700000,
    "incomeBeforeTaxRatio": 0.1019678269,
    "incomeTaxExpense": -32836000,
    "netIncome": 5671000,
    "netIncomeRatio": 0.086307395,
    "eps": 0.09,
    "epsdiluted": 0.09,
    "weightedAverageShsOut": 66165159,
    "weightedAverageShsOutDil": 71699461,
    "link": "https://www.sec.gov/Archives/edgar/data/1289490/000110465908030695/0001104659-08-030695-index.htm",
    "finalLink": "https://www.sec.gov/Archives/edgar/data/1289490/000110465908030695/a08-11496_110q.htm"
  },
  {
    "date": "2007-12-31",
    "symbol": "EXR",
    "reportedCurrency": "USD",
    "cik": "0001289490",
    "fillingDate": "2008-02-29",
    "acceptedDate": "2008-02-29 09:00:27",
    "calendarYear": "2007",
    "period": "Q4",
    "revenue": 64714000,
    "costOfRevenue": 0,
    "grossProfit": 64714000,
    "grossProfitRatio": 1,
    "researchAndDevelopmentExpenses": 0,
    "generalAndAdministrativeExpenses": 9188000,
    "sellingAndMarketingExpenses": 0,
    "sellingGeneralAndAdministrativeExpenses": 9188000,
    "otherExpenses": 0,
    "operatingExpenses": 40982000,
    "costAndExpenses": 40982000,
    "interestIncome": 0,
    "interestExpense": 0,
    "depreciationAndAmortization": 11284000,
    "ebitda": 35016000,
    "ebitdaratio": 0.5410884816,
    "operatingIncome": 23732000,
    "operatingIncomeRatio": 0.3667212659,
    "totalOtherIncomeExpensesNet": 10852000,
    "incomeBeforeTax": 34584000,
    "incomeBeforeTaxRatio": 0.5344129555,
    "incomeTaxExpense": 26503000,
    "netIncome": 9591000,
    "netIncomeRatio": 0.1482059523,
    "eps": 0.15,
    "epsdiluted": 0.15,
    "weightedAverageShsOut": 64901249,
    "weightedAverageShsOutDil": 64901249,
    "link": "https://www.sec.gov/Archives/edgar/data/1289490/000104746908001991/0001047469-08-001991-index.htm",
    "finalLink": "https://www.sec.gov/Archives/edgar/data/1289490/000104746908001991/a2182948z10-k.htm"
  },
  {
    "date": "2007-09-30",
    "symbol": "EXR",
    "reportedCurrency": "USD",
    "cik": "0001289490",
    "fillingDate": "2007-11-07",
    "acceptedDate": "2007-11-07 15:47:18",
    "calendarYear": "2007",
    "period": "Q3",
    "revenue": 63826000,
    "costOfRevenue": 21004000,
    "grossProfit": 42822000,
    "grossProfitRatio": 0.6709178078,
    "researchAndDevelopmentExpenses": 184000,
    "generalAndAdministrativeExpenses": 9326000,
    "sellingAndMarketingExpenses": 0,
    "sellingGeneralAndAdministrativeExpenses": 9326000,
    "otherExpenses": 0,
    "operatingExpenses": 41112000,
    "costAndExpenses": 41112000,
    "interestIncome": 1821000,
    "interestExpense": 16079000,
    "depreciationAndAmortization": 10598000,
    "ebitda": 10598000,
    "ebitdaratio": 0.1660451853,
    "operatingIncome": 22714000,
    "operatingIncomeRatio": 0.3558737818,
    "totalOtherIncomeExpensesNet": -11376000,
    "incomeBeforeTax": 11338000,
    "incomeBeforeTaxRatio": 0.1776392066,
    "incomeTaxExpense": 0,
    "netIncome": 9828000,
    "netIncomeRatio": 0.1539811362,
    "eps": 0.15,
    "epsdiluted": 0.15,
    "weightedAverageShsOut": 64901249,
    "weightedAverageShsOutDil": 70567078,
    "link": "https://www.sec.gov/Archives/edgar/data/1289490/000110465907080664/0001104659-07-080664-index.htm",
    "finalLink": "https://www.sec.gov/Archives/edgar/data/1289490/000110465907080664/a07-25777_110q.htm"
  },
  {
    "date": "2007-06-30",
    "symbol": "EXR",
    "reportedCurrency": "USD",
    "cik": "0001289490",
    "fillingDate": "2007-08-08",
    "acceptedDate": "2007-08-08 16:02:26",
    "calendarYear": "2007",
    "period": "Q2",
    "revenue": 56550000,
    "costOfRevenue": 20408000,
    "grossProfit": 36142000,
    "grossProfitRatio": 0.6391158267,
    "researchAndDevelopmentExpenses": 159000,
    "generalAndAdministrativeExpenses": 8968000,
    "sellingAndMarketingExpenses": 0,
    "sellingGeneralAndAdministrativeExpenses": 8968000,
    "otherExpenses": 0,
    "operatingExpenses": 36819000,
    "costAndExpenses": 36819000,
    "interestIncome": 3668000,
    "interestExpense": 15437000,
    "depreciationAndAmortization": 9123000,
    "ebitda": 36297000,
    "ebitdaratio": 0.6418567639,
    "operatingIncome": 19731000,
    "operatingIncomeRatio": 0.3489124668,
    "totalOtherIncomeExpensesNet": -18479000,
    "incomeBeforeTax": 8695000,
    "incomeBeforeTaxRatio": 0.1537577365,
    "incomeTaxExpense": -7443000,
    "netIncome": 8695000,
    "netIncomeRatio": 0.1537577365,
    "eps": 0.13,
    "epsdiluted": 0.13,
    "weightedAverageShsOut": 64439138,
    "weightedAverageShsOutDil": 69248845,
    "link": "https://www.sec.gov/Archives/edgar/data/1289490/000110465907060215/0001104659-07-060215-index.htm",
    "finalLink": "https://www.sec.gov/Archives/edgar/data/1289490/000110465907060215/a07-19105_110q.htm"
  },
  {
    "date": "2007-03-31",
    "symbol": "EXR",
    "reportedCurrency": "USD",
    "cik": "0001289490",
    "fillingDate": "2007-05-09",
    "acceptedDate": "2007-05-09 16:13:01",
    "calendarYear": "2007",
    "period": "Q1",
    "revenue": 53776000,
    "costOfRevenue": 18434000,
    "grossProfit": 35342000,
    "grossProfitRatio": 0.6572076763,
    "researchAndDevelopmentExpenses": 0,
    "generalAndAdministrativeExpenses": 9240000,
    "sellingAndMarketingExpenses": 0,
    "sellingGeneralAndAdministrativeExpenses": 9240000,
    "otherExpenses": 0,
    "operatingExpenses": 36155000,
    "costAndExpenses": 36155000,
    "interestIncome": 0,
    "interestExpense": 0,
    "depreciationAndAmortization": 8796000,
    "ebitda": 34898000,
    "ebitdaratio": 0.648951205,
    "operatingIncome": 17621000,
    "operatingIncomeRatio": 0.3276740553,
    "totalOtherIncomeExpensesNet": -17621000,
    "incomeBeforeTax": 6470000,
    "incomeBeforeTaxRatio": 0.1203138947,
    "incomeTaxExpense": -8481000,
    "netIncome": 6470000,
    "netIncomeRatio": 0.1203138947,
    "eps": 0.1,
    "epsdiluted": 0.1,
    "weightedAverageShsOut": 64058756,
    "weightedAverageShsOutDil": 68786185,
    "link": "https://www.sec.gov/Archives/edgar/data/1289490/000110465907037556/0001104659-07-037556-index.htm",
    "finalLink": "https://www.sec.gov/Archives/edgar/data/1289490/000110465907037556/a07-11114_110q.htm"
  },
  {
    "date": "2006-12-31",
    "symbol": "EXR",
    "reportedCurrency": "USD",
    "cik": "0001289490",
    "fillingDate": "2007-02-28",
    "acceptedDate": "2007-02-28 16:56:04",
    "calendarYear": "2006",
    "period": "Q4",
    "revenue": 52175000,
    "costOfRevenue": -80744000,
    "grossProfit": 132919000,
    "grossProfitRatio": 2.5475610925,
    "researchAndDevelopmentExpenses": 0,
    "generalAndAdministrativeExpenses": 9010000,
    "sellingAndMarketingExpenses": 0,
    "sellingGeneralAndAdministrativeExpenses": 9010000,
    "otherExpenses": 0,
    "operatingExpenses": 35072000,
    "costAndExpenses": 35072000,
    "interestIncome": 0,
    "interestExpense": 0,
    "depreciationAndAmortization": 9586000,
    "ebitda": 26689000,
    "ebitdaratio": 0.5115285098,
    "operatingIncome": 17103000,
    "operatingIncomeRatio": 0.3278006708,
    "totalOtherIncomeExpensesNet": -39894000,
    "incomeBeforeTax": 14876000,
    "incomeBeforeTaxRatio": 0.2851173934,
    "incomeTaxExpense": 8137000,
    "netIncome": 6739000,
    "netIncomeRatio": 0.1291614758,
    "eps": 0.13,
    "epsdiluted": 0.13,
    "weightedAverageShsOut": 52501864,
    "weightedAverageShsOutDil": 52501864,
    "link": "https://www.sec.gov/Archives/edgar/data/1289490/000110465907014990/0001104659-07-014990-index.htm",
    "finalLink": "https://www.sec.gov/Archives/edgar/data/1289490/000110465907014990/a07-6564_110k.htm"
  },
  {
    "date": "2006-09-30",
    "symbol": "EXR",
    "reportedCurrency": "USD",
    "cik": "0001289490",
    "fillingDate": "2006-11-08",
    "acceptedDate": "2006-11-08 10:00:27",
    "calendarYear": "2006",
    "period": "Q3",
    "revenue": 51188000,
    "costOfRevenue": 17561000,
    "grossProfit": 33627000,
    "grossProfitRatio": 0.656931312,
    "researchAndDevelopmentExpenses": 0,
    "generalAndAdministrativeExpenses": 8598000,
    "sellingAndMarketingExpenses": 0,
    "sellingGeneralAndAdministrativeExpenses": 8598000,
    "otherExpenses": 0,
    "operatingExpenses": 34661000,
    "costAndExpenses": 34661000,
    "interestIncome": 0,
    "interestExpense": 0,
    "depreciationAndAmortization": 9253000,
    "ebitda": 34282000,
    "ebitdaratio": 0.6697272798,
    "operatingIncome": 16527000,
    "operatingIncomeRatio": 0.3228686411,
    "totalOtherIncomeExpensesNet": -16527000,
    "incomeBeforeTax": 4307000,
    "incomeBeforeTaxRatio": 0.0841408143,
    "incomeTaxExpense": -8502000,
    "netIncome": 4307000,
    "netIncomeRatio": 0.0841408143,
    "eps": 0.08,
    "epsdiluted": 0.08,
    "weightedAverageShsOut": 52501864,
    "weightedAverageShsOutDil": 57072838,
    "link": "https://www.sec.gov/Archives/edgar/data/1289490/000110465906072513/0001104659-06-072513-index.htm",
    "finalLink": "https://www.sec.gov/Archives/edgar/data/1289490/000110465906072513/a06-22009_110q.htm"
  },
  {
    "date": "2006-06-30",
    "symbol": "EXR",
    "reportedCurrency": "USD",
    "cik": "0001289490",
    "fillingDate": "2006-08-09",
    "acceptedDate": "2006-08-09 06:06:45",
    "calendarYear": "2006",
    "period": "Q2",
    "revenue": 48531000,
    "costOfRevenue": 15728000,
    "grossProfit": 32803000,
    "grossProfitRatio": 0.6759184851,
    "researchAndDevelopmentExpenses": 0,
    "generalAndAdministrativeExpenses": 8747000,
    "sellingAndMarketingExpenses": 0,
    "sellingGeneralAndAdministrativeExpenses": 8747000,
    "otherExpenses": 0,
    "operatingExpenses": 33665000,
    "costAndExpenses": 33665000,
    "interestIncome": 0,
    "interestExpense": 0,
    "depreciationAndAmortization": 9057000,
    "ebitda": 33113000,
    "ebitdaratio": 0.6823061548,
    "operatingIncome": 14866000,
    "operatingIncomeRatio": 0.306319672,
    "totalOtherIncomeExpensesNet": -14866000,
    "incomeBeforeTax": 3092000,
    "incomeBeforeTaxRatio": 0.0637118543,
    "incomeTaxExpense": -9190000,
    "netIncome": 3092000,
    "netIncomeRatio": 0.0637118543,
    "eps": 0.06,
    "epsdiluted": 0.06,
    "weightedAverageShsOut": 51625135,
    "weightedAverageShsOutDil": 55991088,
    "link": "https://www.sec.gov/Archives/edgar/data/1289490/000110465906052699/0001104659-06-052699-index.htm",
    "finalLink": "https://www.sec.gov/Archives/edgar/data/1289490/000110465906052699/a06-15710_110q.htm"
  },
  {
    "date": "2006-03-31",
    "symbol": "EXR",
    "reportedCurrency": "USD",
    "cik": "0001289490",
    "fillingDate": "2006-05-10",
    "acceptedDate": "2006-05-10 06:01:45",
    "calendarYear": "2006",
    "period": "Q1",
    "revenue": 45370000,
    "costOfRevenue": 12241000,
    "grossProfit": 33129000,
    "grossProfitRatio": 0.7301961649,
    "researchAndDevelopmentExpenses": 0,
    "generalAndAdministrativeExpenses": 9245000,
    "sellingAndMarketingExpenses": 0,
    "sellingGeneralAndAdministrativeExpenses": 9245000,
    "otherExpenses": 0,
    "operatingExpenses": 34214000,
    "costAndExpenses": 34214000,
    "interestIncome": 0,
    "interestExpense": 0,
    "depreciationAndAmortization": 9276000,
    "ebitda": 33160000,
    "ebitdaratio": 0.7308794358,
    "operatingIncome": 11156000,
    "operatingIncomeRatio": 0.2458893542,
    "totalOtherIncomeExpensesNet": -10418000,
    "incomeBeforeTax": 738000,
    "incomeBeforeTaxRatio": 0.0162662552,
    "incomeTaxExpense": -12728000,
    "netIncome": 738000,
    "netIncomeRatio": 0.0162662552,
    "eps": 0.01,
    "epsdiluted": 0.01,
    "weightedAverageShsOut": 51593729,
    "weightedAverageShsOutDil": 55709430,
    "link": "https://www.sec.gov/Archives/edgar/data/1289490/000110465906032832/0001104659-06-032832-index.htm",
    "finalLink": "https://www.sec.gov/Archives/edgar/data/1289490/000110465906032832/a06-9929_110q.htm"
  },
  {
    "date": "2005-12-31",
    "symbol": "EXR",
    "reportedCurrency": "USD",
    "cik": "0001289490",
    "fillingDate": "2006-03-13",
    "acceptedDate": "2006-03-13 07:25:22",
    "calendarYear": "2005",
    "period": "Q4",
    "revenue": 44058000,
    "costOfRevenue": -60112000,
    "grossProfit": 104170000,
    "grossProfitRatio": 2.3643833129,
    "researchAndDevelopmentExpenses": 0,
    "generalAndAdministrativeExpenses": 8213000,
    "sellingAndMarketingExpenses": 0,
    "sellingGeneralAndAdministrativeExpenses": 8213000,
    "otherExpenses": 0,
    "operatingExpenses": 32926000,
    "costAndExpenses": 32926000,
    "interestIncome": 0,
    "interestExpense": 0,
    "depreciationAndAmortization": 9527000,
    "ebitda": 20659000,
    "ebitdaratio": 0.4689046257,
    "operatingIncome": 11132000,
    "operatingIncomeRatio": 0.252666939,
    "totalOtherIncomeExpensesNet": -16098000,
    "incomeBeforeTax": -4966000,
    "incomeBeforeTaxRatio": -0.1127150574,
    "incomeTaxExpense": -4719000,
    "netIncome": -247000,
    "netIncomeRatio": -0.0056062463,
    "eps": -0.0066,
    "epsdiluted": -0.0066,
    "weightedAverageShsOut": 37465700,
    "weightedAverageShsOutDil": 37465700,
    "link": "https://www.sec.gov/Archives/edgar/data/1289490/000104746906003235/0001047469-06-003235-index.htm",
    "finalLink": "https://www.sec.gov/Archives/edgar/data/1289490/000104746906003235/a2168325z10-k.htm"
  },
  {
    "date": "2005-09-30",
    "symbol": "EXR",
    "reportedCurrency": "USD",
    "cik": "0001289490",
    "fillingDate": "2005-11-14",
    "acceptedDate": "2005-11-14 06:18:07",
    "calendarYear": "2005",
    "period": "Q3",
    "revenue": 43135000,
    "costOfRevenue": 1251000,
    "grossProfit": 41884000,
    "grossProfitRatio": 0.9709980294,
    "researchAndDevelopmentExpenses": 0,
    "generalAndAdministrativeExpenses": 9591000,
    "sellingAndMarketingExpenses": 0,
    "sellingGeneralAndAdministrativeExpenses": 9591000,
    "otherExpenses": 0,
    "operatingExpenses": 33014000,
    "costAndExpenses": 33014000,
    "interestIncome": 789000,
    "interestExpense": 10121000,
    "depreciationAndAmortization": 9535000,
    "ebitda": 19656000,
    "ebitdaratio": 0.4556856381,
    "operatingIncome": 10121000,
    "operatingIncomeRatio": 0.2346354469,
    "totalOtherIncomeExpensesNet": -12980000,
    "incomeBeforeTax": -2859000,
    "incomeBeforeTaxRatio": -0.0662802828,
    "incomeTaxExpense": -22172000,
    "netIncome": -2859000,
    "netIncomeRatio": -0.0662802828,
    "eps": -0.0763,
    "epsdiluted": -0.0763,
    "weightedAverageShsOut": 37465700,
    "weightedAverageShsOutDil": 37465700,
    "link": "https://www.sec.gov/Archives/edgar/data/1289490/000110465905054839/0001104659-05-054839-index.htm",
    "finalLink": "https://www.sec.gov/Archives/edgar/data/1289490/000110465905054839/a05-20176_110q.htm"
  },
  {
    "date": "2005-06-30",
    "symbol": "EXR",
    "reportedCurrency": "USD",
    "cik": "0001289490",
    "fillingDate": "2005-08-15",
    "acceptedDate": "2005-08-15 08:33:03",
    "calendarYear": "2005",
    "period": "Q2",
    "revenue": 24617000,
    "costOfRevenue": 822000,
    "grossProfit": 23795000,
    "grossProfitRatio": 0.9666084413,
    "researchAndDevelopmentExpenses": 0,
    "generalAndAdministrativeExpenses": 3320000,
    "sellingAndMarketingExpenses": 0,
    "sellingGeneralAndAdministrativeExpenses": 3320000,
    "otherExpenses": 0,
    "operatingExpenses": 18742000,
    "costAndExpenses": 18742000,
    "interestIncome": 0,
    "interestExpense": 5875000,
    "depreciationAndAmortization": 6213000,
    "ebitda": 12088000,
    "ebitdaratio": 0.4910427753,
    "operatingIncome": 5875000,
    "operatingIncomeRatio": 0.2386562132,
    "totalOtherIncomeExpensesNet": -7095000,
    "incomeBeforeTax": -1220000,
    "incomeBeforeTaxRatio": -0.0495592477,
    "incomeTaxExpense": -14600000,
    "netIncome": -1220000,
    "netIncomeRatio": -0.0495592477,
    "eps": -0.0383,
    "epsdiluted": -0.0383,
    "weightedAverageShsOut": 31858839,
    "weightedAverageShsOutDil": 31858839,
    "link": "https://www.sec.gov/Archives/edgar/data/1289490/000119312505167693/0001193125-05-167693-index.htm",
    "finalLink": "https://www.sec.gov/Archives/edgar/data/1289490/000119312505167693/d10q.htm"
  },
  {
    "date": "2005-03-31",
    "symbol": "EXR",
    "reportedCurrency": "USD",
    "cik": "0001289490",
    "fillingDate": "2005-05-10",
    "acceptedDate": "2005-05-10 09:16:17",
    "calendarYear": "2005",
    "period": "Q1",
    "revenue": 22918000,
    "costOfRevenue": 267000,
    "grossProfit": 22651000,
    "grossProfitRatio": 0.9883497687,
    "researchAndDevelopmentExpenses": 0,
    "generalAndAdministrativeExpenses": 2957000,
    "sellingAndMarketingExpenses": 0,
    "sellingGeneralAndAdministrativeExpenses": 2957000,
    "otherExpenses": 0,
    "operatingExpenses": 17692000,
    "costAndExpenses": 17692000,
    "interestIncome": 0,
    "interestExpense": 5226000,
    "depreciationAndAmortization": 5730000,
    "ebitda": 10956000,
    "ebitdaratio": 0.4780521861,
    "operatingIncome": 5226000,
    "operatingIncomeRatio": 0.2280303691,
    "totalOtherIncomeExpensesNet": -5866000,
    "incomeBeforeTax": -640000,
    "incomeBeforeTaxRatio": -0.027925648,
    "incomeTaxExpense": -14468000,
    "netIncome": -640000,
    "netIncomeRatio": -0.027925648,
    "eps": -0.0205,
    "epsdiluted": -0.0205,
    "weightedAverageShsOut": 31169950,
    "weightedAverageShsOutDil": 31169950,
    "link": "https://www.sec.gov/Archives/edgar/data/1289490/000119312505101913/0001193125-05-101913-index.htm",
    "finalLink": "https://www.sec.gov/Archives/edgar/data/1289490/000119312505101913/d10q.htm"
  },
  {
    "date": "2004-12-31",
    "symbol": "EXR",
    "reportedCurrency": "USD",
    "cik": "0001289490",
    "fillingDate": "2005-03-15",
    "acceptedDate": "2005-03-15 16:01:24",
    "calendarYear": "2004",
    "period": "Q4",
    "revenue": 22948000,
    "costOfRevenue": -26151000,
    "grossProfit": 49099000,
    "grossProfitRatio": 2.1395764337,
    "researchAndDevelopmentExpenses": 0,
    "generalAndAdministrativeExpenses": 3317000,
    "sellingAndMarketingExpenses": 0,
    "sellingGeneralAndAdministrativeExpenses": 3317000,
    "otherExpenses": 0,
    "operatingExpenses": 13509000,
    "costAndExpenses": 13509000,
    "interestIncome": 0,
    "interestExpense": 11149000,
    "depreciationAndAmortization": 4729000,
    "ebitda": 14168000,
    "ebitdaratio": 0.6173958515,
    "operatingIncome": 5916000,
    "operatingIncomeRatio": 0.257800244,
    "totalOtherIncomeExpensesNet": -31544000,
    "incomeBeforeTax": -18462000,
    "incomeBeforeTaxRatio": -0.8045145546,
    "incomeTaxExpense": -18145000,
    "netIncome": -317000,
    "netIncomeRatio": -0.01381384,
    "eps": -0.0208,
    "epsdiluted": -0.0208,
    "weightedAverageShsOut": 15241832,
    "weightedAverageShsOutDil": 15241832,
    "link": "https://www.sec.gov/Archives/edgar/data/1289490/000119312505051025/0001193125-05-051025-index.htm",
    "finalLink": "https://www.sec.gov/Archives/edgar/data/1289490/000119312505051025/d10k.htm"
  },
  {
    "date": "2004-09-30",
    "symbol": "EXR",
    "reportedCurrency": "USD",
    "cik": "0001289490",
    "fillingDate": "2004-11-19",
    "acceptedDate": "2004-11-19 17:29:33",
    "calendarYear": "2004",
    "period": "Q3",
    "revenue": 18168000,
    "costOfRevenue": 2537000,
    "grossProfit": 15631000,
    "grossProfitRatio": 0.8603588727,
    "researchAndDevelopmentExpenses": 0,
    "generalAndAdministrativeExpenses": 2905000,
    "sellingAndMarketingExpenses": 0,
    "sellingGeneralAndAdministrativeExpenses": 2905000,
    "otherExpenses": 1404000,
    "operatingExpenses": 14808000,
    "costAndExpenses": 14808000,
    "interestIncome": 0,
    "interestExpense": 3360000,
    "depreciationAndAmortization": 5057000,
    "ebitda": 16379000,
    "ebitdaratio": 0.9015301629,
    "operatingIncome": 3360000,
    "operatingIncomeRatio": 0.1849405548,
    "totalOtherIncomeExpensesNet": -11380000,
    "incomeBeforeTax": -5077000,
    "incomeBeforeTaxRatio": -0.27944738,
    "incomeTaxExpense": -7962000,
    "netIncome": -5077000,
    "netIncomeRatio": -0.27944738,
    "eps": -0.33,
    "epsdiluted": -0.33,
    "weightedAverageShsOut": 15241832,
    "weightedAverageShsOutDil": 15241832,
    "link": "https://www.sec.gov/Archives/edgar/data/1289490/000119312504200885/0001193125-04-200885-index.htm",
    "finalLink": "https://www.sec.gov/Archives/edgar/data/1289490/000119312504200885/d10q.htm"
  },
  {
    "date": "2004-06-30",
    "symbol": "EXR",
    "reportedCurrency": "USD",
    "cik": "0001289490",
    "fillingDate": "2004-09-27",
    "acceptedDate": "2004-09-27 11:50:40",
    "calendarYear": "2004",
    "period": "Q2",
    "revenue": 13929000,
    "costOfRevenue": 0,
    "grossProfit": 13929000,
    "grossProfitRatio": 1,
    "researchAndDevelopmentExpenses": 0,
    "generalAndAdministrativeExpenses": 3273000,
    "sellingAndMarketingExpenses": 0,
    "sellingGeneralAndAdministrativeExpenses": 3273000,
    "otherExpenses": 2607000,
    "operatingExpenses": 12428000,
    "costAndExpenses": 12428000,
    "interestIncome": 0,
    "interestExpense": 1501000,
    "depreciationAndAmortization": 2551000,
    "ebitda": 3089000,
    "ebitdaratio": 0.2217675354,
    "operatingIncome": 1501000,
    "operatingIncomeRatio": 0.1077607868,
    "totalOtherIncomeExpensesNet": -15573000,
    "incomeBeforeTax": -7036000,
    "incomeBeforeTaxRatio": -0.5051331754,
    "incomeTaxExpense": 538000,
    "netIncome": -7036000,
    "netIncomeRatio": -0.5051331754,
    "eps": -1.11,
    "epsdiluted": -1.11,
    "weightedAverageShsOut": 6358292,
    "weightedAverageShsOutDil": 6358292,
    "link": "https://www.sec.gov/Archives/edgar/data/1289490/000119312504162004/0001193125-04-162004-index.htm",
    "finalLink": "https://www.sec.gov/Archives/edgar/data/1289490/000119312504162004/d10q.htm"
  },
  {
    "date": "2004-03-31",
    "symbol": "EXR",
    "reportedCurrency": "USD",
    "cik": "0001289490",
    "fillingDate": "2004-03-31",
    "acceptedDate": "2004-03-30 19:00:00",
    "calendarYear": "2004",
    "period": "Q1",
    "revenue": 11016000,
    "costOfRevenue": 0,
    "grossProfit": 11016000,
    "grossProfitRatio": 1,
    "researchAndDevelopmentExpenses": 0,
    "generalAndAdministrativeExpenses": 2970000,
    "sellingAndMarketingExpenses": 0,
    "sellingGeneralAndAdministrativeExpenses": 2970000,
    "otherExpenses": 0,
    "operatingExpenses": -7585000,
    "costAndExpenses": -7585000,
    "interestIncome": 0,
    "interestExpense": 0,
    "depreciationAndAmortization": 3215000,
    "ebitda": 3048000,
    "ebitdaratio": 0.2766884532,
    "operatingIncome": 18601000,
    "operatingIncomeRatio": 1.6885439361,
    "totalOtherIncomeExpensesNet": 18059000,
    "incomeBeforeTax": 18430000,
    "incomeBeforeTaxRatio": 1.6730210603,
    "incomeTaxExpense": 24633000,
    "netIncome": -6032000,
    "netIncomeRatio": -0.547567175,
    "eps": -2.66,
    "epsdiluted": -2.66,
    "weightedAverageShsOut": 2268169,
    "weightedAverageShsOutDil": 2268169,
    "link": "",
    "finalLink": ""
  },
  {
    "date": "2003-12-31",
    "symbol": "EXR",
    "reportedCurrency": "USD",
    "cik": "0001289490",
    "fillingDate": "2003-12-31",
    "acceptedDate": "2003-12-30 19:00:00",
    "calendarYear": "2003",
    "period": "Q4",
    "revenue": 9578000,
    "costOfRevenue": 0,
    "grossProfit": 9578000,
    "grossProfitRatio": 1,
    "researchAndDevelopmentExpenses": 0,
    "generalAndAdministrativeExpenses": 0,
    "sellingAndMarketingExpenses": 0,
    "sellingGeneralAndAdministrativeExpenses": 2428000,
    "otherExpenses": 0,
    "operatingExpenses": 12000000,
    "costAndExpenses": 12000000,
    "interestIncome": 0,
    "interestExpense": 0,
    "depreciationAndAmortization": 2219000,
    "ebitda": -203000,
    "ebitdaratio": -0.0211944038,
    "operatingIncome": -2422000,
    "operatingIncomeRatio": -0.2528711631,
    "totalOtherIncomeExpensesNet": 0,
    "incomeBeforeTax": 0,
    "incomeBeforeTaxRatio": 0,
    "incomeTaxExpense": 6105000,
    "netIncome": -8527000,
    "netIncomeRatio": -0.8902693673,
    "eps": -1.9,
    "epsdiluted": -1.9,
    "weightedAverageShsOut": 4491902,
    "weightedAverageShsOutDil": 4491902,
    "link": "",
    "finalLink": ""
  },
  {
    "date": "2003-09-30",
    "symbol": "EXR",
    "reportedCurrency": "USD",
    "cik": "0001289490",
    "fillingDate": "2003-09-30",
    "acceptedDate": "2003-09-29 20:00:00",
    "calendarYear": "2003",
    "period": "Q3",
    "revenue": 9134000,
    "costOfRevenue": 0,
    "grossProfit": 9134000,
    "grossProfitRatio": 1,
    "researchAndDevelopmentExpenses": 0,
    "generalAndAdministrativeExpenses": 0,
    "sellingAndMarketingExpenses": 0,
    "sellingGeneralAndAdministrativeExpenses": 1912000,
    "otherExpenses": 0,
    "operatingExpenses": 8077000,
    "costAndExpenses": 8077000,
    "interestIncome": 0,
    "interestExpense": 0,
    "depreciationAndAmortization": 1688000,
    "ebitda": 2745000,
    "ebitdaratio": 0.3005255091,
    "operatingIncome": 1057000,
    "operatingIncomeRatio": 0.1157214802,
    "totalOtherIncomeExpensesNet": -1057000,
    "incomeBeforeTax": 0,
    "incomeBeforeTaxRatio": 0,
    "incomeTaxExpense": 4869000,
    "netIncome": -3812000,
    "netIncomeRatio": -0.4173417999,
    "eps": -0.85,
    "epsdiluted": -0.85,
    "weightedAverageShsOut": 4491902,
    "weightedAverageShsOutDil": 4491902,
    "link": "",
    "finalLink": ""
  },
  {
    "date": "2003-06-30",
    "symbol": "EXR",
    "reportedCurrency": "USD",
    "cik": "0001289490",
    "fillingDate": "2003-06-30",
    "acceptedDate": "2003-06-29 20:00:00",
    "calendarYear": "2003",
    "period": "Q2",
    "revenue": 9307000,
    "costOfRevenue": 0,
    "grossProfit": 9307000,
    "grossProfitRatio": 1,
    "researchAndDevelopmentExpenses": 0,
    "generalAndAdministrativeExpenses": 0,
    "sellingAndMarketingExpenses": 0,
    "sellingGeneralAndAdministrativeExpenses": 2056000,
    "otherExpenses": 0,
    "operatingExpenses": 7573000,
    "costAndExpenses": 7573000,
    "interestIncome": 0,
    "interestExpense": 0,
    "depreciationAndAmortization": 1466000,
    "ebitda": 3200000,
    "ebitdaratio": 0.3438272268,
    "operatingIncome": 1734000,
    "operatingIncomeRatio": 0.1863113785,
    "totalOtherIncomeExpensesNet": 672000,
    "incomeBeforeTax": 2406000,
    "incomeBeforeTaxRatio": 0.2585150962,
    "incomeTaxExpense": 4107000,
    "netIncome": -2373000,
    "netIncomeRatio": -0.2549693779,
    "eps": -0.37,
    "epsdiluted": -0.37,
    "weightedAverageShsOut": 6358292,
    "weightedAverageShsOutDil": 6358292,
    "link": "",
    "finalLink": ""
  }
]