[
  {
    "date": "2025-06-30",
    "symbol": "F",
    "reportedCurrency": "USD",
    "cik": "0000037996",
    "fillingDate": "2025-07-31",
    "acceptedDate": "2025-07-30 19:23:39",
    "calendarYear": "2025",
    "period": "Q2",
    "revenue": 50184000000,
    "costOfRevenue": 46929000000,
    "grossProfit": 3255000000,
    "grossProfitRatio": 0.0648613104,
    "researchAndDevelopmentExpenses": 0,
    "generalAndAdministrativeExpenses": 0,
    "sellingAndMarketingExpenses": 0,
    "sellingGeneralAndAdministrativeExpenses": 2820000000,
    "otherExpenses": 0,
    "operatingExpenses": 2820000000,
    "costAndExpenses": 49749000000,
    "interestIncome": 368000000,
    "interestExpense": 297000000,
    "depreciationAndAmortization": 1434000000,
    "ebitda": 2272000000,
    "ebitdaratio": 0.0452733939,
    "operatingIncome": 435000000,
    "operatingIncomeRatio": 0.0086681014,
    "totalOtherIncomeExpensesNet": 106000000,
    "incomeBeforeTax": 541000000,
    "incomeBeforeTaxRatio": 0.0107803284,
    "incomeTaxExpense": 570000000,
    "netIncome": -36000000,
    "netIncomeRatio": -0.0007173601,
    "eps": -0.0091,
    "epsdiluted": -0.0091,
    "weightedAverageShsOut": 3980000000,
    "weightedAverageShsOutDil": 3980000000,
    "link": "https://www.sec.gov/Archives/edgar/data/37996/000003799625000147/0000037996-25-000147-index.htm",
    "finalLink": "https://www.sec.gov/Archives/edgar/data/37996/000003799625000147/f-20250630.htm"
  },
  {
    "date": "2025-03-31",
    "symbol": "F",
    "reportedCurrency": "USD",
    "cik": "0000037996",
    "fillingDate": "2025-05-06",
    "acceptedDate": "2025-05-05 19:31:09",
    "calendarYear": "2025",
    "period": "Q1",
    "revenue": 40659000000,
    "costOfRevenue": 37909000000,
    "grossProfit": 2750000000,
    "grossProfitRatio": 0.0676357018,
    "researchAndDevelopmentExpenses": 0,
    "generalAndAdministrativeExpenses": 0,
    "sellingAndMarketingExpenses": 0,
    "sellingGeneralAndAdministrativeExpenses": 2431000000,
    "otherExpenses": 0,
    "operatingExpenses": 2431000000,
    "costAndExpenses": 40340000000,
    "interestIncome": 351000000,
    "interestExpense": 305000000,
    "depreciationAndAmortization": 1384000000,
    "ebitda": 2310000000,
    "ebitdaratio": 0.0568139895,
    "operatingIncome": 319000000,
    "operatingIncomeRatio": 0.0078457414,
    "totalOtherIncomeExpensesNet": 302000000,
    "incomeBeforeTax": 621000000,
    "incomeBeforeTaxRatio": 0.0152733712,
    "incomeTaxExpense": 148000000,
    "netIncome": 471000000,
    "netIncomeRatio": 0.0115841511,
    "eps": 0.12,
    "epsdiluted": 0.12,
    "weightedAverageShsOut": 3968000000,
    "weightedAverageShsOutDil": 4011000000,
    "link": "https://www.sec.gov/Archives/edgar/data/37996/000003799625000072/0000037996-25-000072-index.htm",
    "finalLink": "https://www.sec.gov/Archives/edgar/data/37996/000003799625000072/f-20250331.htm"
  },
  {
    "date": "2024-12-31",
    "symbol": "F",
    "reportedCurrency": "USD",
    "cik": "0000037996",
    "fillingDate": "2025-02-06",
    "acceptedDate": "2025-02-05 20:44:08",
    "calendarYear": "2024",
    "period": "Q4",
    "revenue": 48211000000,
    "costOfRevenue": 44203000000,
    "grossProfit": 4008000000,
    "grossProfitRatio": 0.0831345544,
    "researchAndDevelopmentExpenses": 8000000000,
    "generalAndAdministrativeExpenses": 0,
    "sellingAndMarketingExpenses": 0,
    "sellingGeneralAndAdministrativeExpenses": 2777000000,
    "otherExpenses": -8000000000,
    "operatingExpenses": 2777000000,
    "costAndExpenses": 46980000000,
    "interestIncome": 396000000,
    "interestExpense": 292000000,
    "depreciationAndAmortization": 1450000000,
    "ebitda": 4056000000,
    "ebitdaratio": 0.0841301778,
    "operatingIncome": 1231000000,
    "operatingIncomeRatio": 0.0255335919,
    "totalOtherIncomeExpensesNet": 1083000000,
    "incomeBeforeTax": 2314000000,
    "incomeBeforeTaxRatio": 0.047997345,
    "incomeTaxExpense": 483000000,
    "netIncome": 1824000000,
    "netIncomeRatio": 0.0378336894,
    "eps": 0.46,
    "epsdiluted": 0.45,
    "weightedAverageShsOut": 3977000000,
    "weightedAverageShsOutDil": 4019500000,
    "link": "https://www.sec.gov/Archives/edgar/data/37996/000003799625000013/0000037996-25-000013-index.htm",
    "finalLink": "https://www.sec.gov/Archives/edgar/data/37996/000003799625000013/f-20241231.htm"
  },
  {
    "date": "2024-09-30",
    "symbol": "F",
    "reportedCurrency": "USD",
    "cik": "0000037996",
    "fillingDate": "2024-10-29",
    "acceptedDate": "2024-10-28 19:24:49",
    "calendarYear": "2024",
    "period": "Q3",
    "revenue": 46196000000,
    "costOfRevenue": 42860000000,
    "grossProfit": 3336000000,
    "grossProfitRatio": 0.0722140445,
    "researchAndDevelopmentExpenses": 0,
    "generalAndAdministrativeExpenses": 0,
    "sellingAndMarketingExpenses": 0,
    "sellingGeneralAndAdministrativeExpenses": 2456000000,
    "otherExpenses": 0,
    "operatingExpenses": 2456000000,
    "costAndExpenses": 45316000000,
    "interestIncome": 367000000,
    "interestExpense": 273000000,
    "depreciationAndAmortization": 1394000000,
    "ebitda": 2536000000,
    "ebitdaratio": 0.0548965278,
    "operatingIncome": 880000000,
    "operatingIncomeRatio": 0.0190492683,
    "totalOtherIncomeExpensesNet": -11000000,
    "incomeBeforeTax": 869000000,
    "incomeBeforeTaxRatio": 0.0188111525,
    "incomeTaxExpense": -27000000,
    "netIncome": 892000000,
    "netIncomeRatio": 0.0193090311,
    "eps": 0.22,
    "epsdiluted": 0.22,
    "weightedAverageShsOut": 3976000000,
    "weightedAverageShsOutDil": 4018000000,
    "link": "https://www.sec.gov/Archives/edgar/data/37996/000003799624000185/0000037996-24-000185-index.htm",
    "finalLink": "https://www.sec.gov/Archives/edgar/data/37996/000003799624000185/f-20240930.htm"
  },
  {
    "date": "2024-06-30",
    "symbol": "F",
    "reportedCurrency": "USD",
    "cik": "0000037996",
    "fillingDate": "2024-07-25",
    "acceptedDate": "2024-07-24 19:23:59",
    "calendarYear": "2024",
    "period": "Q2",
    "revenue": 47808000000,
    "costOfRevenue": 43247000000,
    "grossProfit": 4561000000,
    "grossProfitRatio": 0.0954024431,
    "researchAndDevelopmentExpenses": 0,
    "generalAndAdministrativeExpenses": 0,
    "sellingAndMarketingExpenses": 0,
    "sellingGeneralAndAdministrativeExpenses": 2678000000,
    "otherExpenses": 0,
    "operatingExpenses": 2678000000,
    "costAndExpenses": 45925000000,
    "interestIncome": 367000000,
    "interestExpense": 279000000,
    "depreciationAndAmortization": 1518000000,
    "ebitda": 4235000000,
    "ebitdaratio": 0.0885835007,
    "operatingIncome": 1883000000,
    "operatingIncomeRatio": 0.0393867135,
    "totalOtherIncomeExpensesNet": 555000000,
    "incomeBeforeTax": 2438000000,
    "incomeBeforeTaxRatio": 0.0509956493,
    "incomeTaxExpense": 605000000,
    "netIncome": 1831000000,
    "netIncomeRatio": 0.0382990295,
    "eps": 0.46,
    "epsdiluted": 0.46,
    "weightedAverageShsOut": 3985000000,
    "weightedAverageShsOutDil": 4022000000,
    "link": "https://www.sec.gov/Archives/edgar/data/37996/000003799624000144/0000037996-24-000144-index.htm",
    "finalLink": "https://www.sec.gov/Archives/edgar/data/37996/000003799624000144/f-20240630.htm"
  },
  {
    "date": "2024-03-31",
    "symbol": "F",
    "reportedCurrency": "USD",
    "cik": "0000037996",
    "fillingDate": "2024-04-25",
    "acceptedDate": "2024-04-24 19:03:59",
    "calendarYear": "2024",
    "period": "Q1",
    "revenue": 42777000000,
    "costOfRevenue": 39176000000,
    "grossProfit": 3601000000,
    "grossProfitRatio": 0.0841807513,
    "researchAndDevelopmentExpenses": 0,
    "generalAndAdministrativeExpenses": 0,
    "sellingAndMarketingExpenses": 0,
    "sellingGeneralAndAdministrativeExpenses": 2376000000,
    "otherExpenses": 0,
    "operatingExpenses": 2376000000,
    "costAndExpenses": 41552000000,
    "interestIncome": 410000000,
    "interestExpense": 292000000,
    "depreciationAndAmortization": 1505000000,
    "ebitda": 3409000000,
    "ebitdaratio": 0.079692358,
    "operatingIncome": 1225000000,
    "operatingIncomeRatio": 0.0286368843,
    "totalOtherIncomeExpensesNet": 387000000,
    "incomeBeforeTax": 1612000000,
    "incomeBeforeTaxRatio": 0.037683802,
    "incomeTaxExpense": 278000000,
    "netIncome": 1332000000,
    "netIncomeRatio": 0.0311382285,
    "eps": 0.33,
    "epsdiluted": 0.33,
    "weightedAverageShsOut": 3979000000,
    "weightedAverageShsOutDil": 4023000000,
    "link": "https://www.sec.gov/Archives/edgar/data/37996/000003799624000075/0000037996-24-000075-index.htm",
    "finalLink": "https://www.sec.gov/Archives/edgar/data/37996/000003799624000075/f-20240331.htm"
  },
  {
    "date": "2023-12-31",
    "symbol": "F",
    "reportedCurrency": "USD",
    "cik": "0000037996",
    "fillingDate": "2024-02-07",
    "acceptedDate": "2024-02-06 19:33:55",
    "calendarYear": "2023",
    "period": "Q4",
    "revenue": 45962000000,
    "costOfRevenue": 43432000000,
    "grossProfit": 2530000000,
    "grossProfitRatio": 0.0550454723,
    "researchAndDevelopmentExpenses": 0,
    "generalAndAdministrativeExpenses": 0,
    "sellingAndMarketingExpenses": 0,
    "sellingGeneralAndAdministrativeExpenses": 2775000000,
    "otherExpenses": 0,
    "operatingExpenses": 2775000000,
    "costAndExpenses": 46207000000,
    "interestIncome": 433000000,
    "interestExpense": 370000000,
    "depreciationAndAmortization": 1698000000,
    "ebitda": 201000000,
    "ebitdaratio": 0.0043731778,
    "operatingIncome": -245000000,
    "operatingIncomeRatio": -0.0053304904,
    "totalOtherIncomeExpensesNet": -1622000000,
    "incomeBeforeTax": -1867000000,
    "incomeBeforeTaxRatio": -0.0406205126,
    "incomeTaxExpense": -1344000000,
    "netIncome": -526000000,
    "netIncomeRatio": -0.0114442365,
    "eps": -0.13,
    "epsdiluted": -0.13,
    "weightedAverageShsOut": 3988500000,
    "weightedAverageShsOutDil": 4032000000,
    "link": "https://www.sec.gov/Archives/edgar/data/37996/000003799624000009/0000037996-24-000009-index.htm",
    "finalLink": "https://www.sec.gov/Archives/edgar/data/37996/000003799624000009/f-20231231.htm"
  },
  {
    "date": "2023-09-30",
    "symbol": "F",
    "reportedCurrency": "USD",
    "cik": "0000037996",
    "fillingDate": "2023-10-27",
    "acceptedDate": "2023-10-26 19:41:47",
    "calendarYear": "2023",
    "period": "Q3",
    "revenue": 43801000000,
    "costOfRevenue": 40001000000,
    "grossProfit": 3800000000,
    "grossProfitRatio": 0.0867560101,
    "researchAndDevelopmentExpenses": 0,
    "generalAndAdministrativeExpenses": 0,
    "sellingAndMarketingExpenses": 0,
    "sellingGeneralAndAdministrativeExpenses": 2671000000,
    "otherExpenses": 0,
    "operatingExpenses": 2671000000,
    "costAndExpenses": 42672000000,
    "interestIncome": 414000000,
    "interestExpense": 330000000,
    "depreciationAndAmortization": 1604000000,
    "ebitda": 3321000000,
    "ebitdaratio": 0.0758201868,
    "operatingIncome": 1129000000,
    "operatingIncomeRatio": 0.0257756672,
    "totalOtherIncomeExpensesNet": 258000000,
    "incomeBeforeTax": 1387000000,
    "incomeBeforeTaxRatio": 0.0316659437,
    "incomeTaxExpense": 214000000,
    "netIncome": 1199000000,
    "netIncomeRatio": 0.0273738043,
    "eps": 0.3,
    "epsdiluted": 0.3,
    "weightedAverageShsOut": 4004000000,
    "weightedAverageShsOutDil": 4050000000,
    "link": "https://www.sec.gov/Archives/edgar/data/37996/000003799623000068/0000037996-23-000068-index.htm",
    "finalLink": "https://www.sec.gov/Archives/edgar/data/37996/000003799623000068/f-20230930.htm"
  },
  {
    "date": "2023-06-30",
    "symbol": "F",
    "reportedCurrency": "USD",
    "cik": "0000037996",
    "fillingDate": "2023-07-28",
    "acceptedDate": "2023-07-27 19:35:09",
    "calendarYear": "2023",
    "period": "Q2",
    "revenue": 44954000000,
    "costOfRevenue": 39743000000,
    "grossProfit": 5211000000,
    "grossProfitRatio": 0.1159184945,
    "researchAndDevelopmentExpenses": 0,
    "generalAndAdministrativeExpenses": 0,
    "sellingAndMarketingExpenses": 0,
    "sellingGeneralAndAdministrativeExpenses": 2750000000,
    "otherExpenses": 0,
    "operatingExpenses": 2750000000,
    "costAndExpenses": 42493000000,
    "interestIncome": 372000000,
    "interestExpense": 306000000,
    "depreciationAndAmortization": 1596000000,
    "ebitda": 4190000000,
    "ebitdaratio": 0.0932063888,
    "operatingIncome": 2461000000,
    "operatingIncomeRatio": 0.0547448503,
    "totalOtherIncomeExpensesNet": -173000000,
    "incomeBeforeTax": 2288000000,
    "incomeBeforeTaxRatio": 0.0508964719,
    "incomeTaxExpense": 272000000,
    "netIncome": 1917000000,
    "netIncomeRatio": 0.0426435912,
    "eps": 0.48,
    "epsdiluted": 0.47,
    "weightedAverageShsOut": 4003000000,
    "weightedAverageShsOutDil": 4041000000,
    "link": "https://www.sec.gov/Archives/edgar/data/37996/000003799623000050/0000037996-23-000050-index.htm",
    "finalLink": "https://www.sec.gov/Archives/edgar/data/37996/000003799623000050/f-20230630.htm"
  },
  {
    "date": "2023-03-31",
    "symbol": "F",
    "reportedCurrency": "USD",
    "cik": "0000037996",
    "fillingDate": "2023-05-03",
    "acceptedDate": "2023-05-02 19:08:40",
    "calendarYear": "2023",
    "period": "Q1",
    "revenue": 41474000000,
    "costOfRevenue": 36855000000,
    "grossProfit": 4619000000,
    "grossProfitRatio": 0.1113709794,
    "researchAndDevelopmentExpenses": 0,
    "generalAndAdministrativeExpenses": 0,
    "sellingAndMarketingExpenses": 0,
    "sellingGeneralAndAdministrativeExpenses": 2506000000,
    "otherExpenses": 0,
    "operatingExpenses": 2506000000,
    "costAndExpenses": 39361000000,
    "interestIncome": 348000000,
    "interestExpense": 312000000,
    "depreciationAndAmortization": 1625000000,
    "ebitda": 4096000000,
    "ebitdaratio": 0.0987606693,
    "operatingIncome": 2113000000,
    "operatingIncomeRatio": 0.0509475816,
    "totalOtherIncomeExpensesNet": 46000000,
    "incomeBeforeTax": 2159000000,
    "incomeBeforeTaxRatio": 0.0520567102,
    "incomeTaxExpense": 496000000,
    "netIncome": 1757000000,
    "netIncomeRatio": 0.0423638906,
    "eps": 0.44,
    "epsdiluted": 0.44,
    "weightedAverageShsOut": 3990000000,
    "weightedAverageShsOutDil": 4029000000,
    "link": "https://www.sec.gov/Archives/edgar/data/37996/000003799623000029/0000037996-23-000029-index.htm",
    "finalLink": "https://www.sec.gov/Archives/edgar/data/37996/000003799623000029/f-20230331.htm"
  },
  {
    "date": "2022-12-31",
    "symbol": "F",
    "reportedCurrency": "USD",
    "cik": "0000037996",
    "fillingDate": "2023-02-03",
    "acceptedDate": "2023-02-02 19:39:34",
    "calendarYear": "2022",
    "period": "Q4",
    "revenue": 43999000000,
    "costOfRevenue": 39896000000,
    "grossProfit": 4103000000,
    "grossProfitRatio": 0.0932521194,
    "researchAndDevelopmentExpenses": 0,
    "generalAndAdministrativeExpenses": 0,
    "sellingAndMarketingExpenses": 0,
    "sellingGeneralAndAdministrativeExpenses": 2542000000,
    "otherExpenses": 0,
    "operatingExpenses": 2542000000,
    "costAndExpenses": 42438000000,
    "interestIncome": 300000000,
    "interestExpense": 341000000,
    "depreciationAndAmortization": 1700000000,
    "ebitda": 3207000000,
    "ebitdaratio": 0.0728880202,
    "operatingIncome": 1561000000,
    "operatingIncomeRatio": 0.035478079,
    "totalOtherIncomeExpensesNet": -395000000,
    "incomeBeforeTax": 1166000000,
    "incomeBeforeTaxRatio": 0.0265006023,
    "incomeTaxExpense": -93000000,
    "netIncome": 1289000000,
    "netIncomeRatio": 0.0292961204,
    "eps": 0.32,
    "epsdiluted": 0.32,
    "weightedAverageShsOut": 4002000000,
    "weightedAverageShsOutDil": 4021500000,
    "link": "https://www.sec.gov/Archives/edgar/data/37996/000003799623000012/0000037996-23-000012-index.htm",
    "finalLink": "https://www.sec.gov/Archives/edgar/data/37996/000003799623000012/f-20221231.htm"
  },
  {
    "date": "2022-09-30",
    "symbol": "F",
    "reportedCurrency": "USD",
    "cik": "0000037996",
    "fillingDate": "2022-10-27",
    "acceptedDate": "2022-10-26 19:18:39",
    "calendarYear": "2022",
    "period": "Q3",
    "revenue": 39392000000,
    "costOfRevenue": 36041000000,
    "grossProfit": 3351000000,
    "grossProfitRatio": 0.0850680341,
    "researchAndDevelopmentExpenses": 0,
    "generalAndAdministrativeExpenses": 0,
    "sellingAndMarketingExpenses": 0,
    "sellingGeneralAndAdministrativeExpenses": 2847000000,
    "otherExpenses": 0,
    "operatingExpenses": 2847000000,
    "costAndExpenses": 38888000000,
    "interestIncome": 182000000,
    "interestExpense": 321000000,
    "depreciationAndAmortization": 1627000000,
    "ebitda": 823000000,
    "ebitdaratio": 0.020892567,
    "operatingIncome": 504000000,
    "operatingIncomeRatio": 0.012794476,
    "totalOtherIncomeExpensesNet": -1629000000,
    "incomeBeforeTax": -1125000000,
    "incomeBeforeTaxRatio": -0.0285590983,
    "incomeTaxExpense": -195000000,
    "netIncome": -827000000,
    "netIncomeRatio": -0.0209941105,
    "eps": -0.21,
    "epsdiluted": -0.21,
    "weightedAverageShsOut": 4021000000,
    "weightedAverageShsOutDil": 4021000000,
    "link": "https://www.sec.gov/Archives/edgar/data/37996/000003799622000073/0000037996-22-000073-index.htm",
    "finalLink": "https://www.sec.gov/Archives/edgar/data/37996/000003799622000073/f-20220930.htm"
  },
  {
    "date": "2022-06-30",
    "symbol": "F",
    "reportedCurrency": "USD",
    "cik": "0000037996",
    "fillingDate": "2022-07-28",
    "acceptedDate": "2022-07-27 18:33:01",
    "calendarYear": "2022",
    "period": "Q2",
    "revenue": 40190000000,
    "costOfRevenue": 34563000000,
    "grossProfit": 5627000000,
    "grossProfitRatio": 0.1400099527,
    "researchAndDevelopmentExpenses": 0,
    "generalAndAdministrativeExpenses": 0,
    "sellingAndMarketingExpenses": 0,
    "sellingGeneralAndAdministrativeExpenses": 2759000000,
    "otherExpenses": 0,
    "operatingExpenses": 2759000000,
    "costAndExpenses": 37322000000,
    "interestIncome": 91000000,
    "interestExpense": 312000000,
    "depreciationAndAmortization": 1619000000,
    "ebitda": 2722000000,
    "ebitdaratio": 0.0677282906,
    "operatingIncome": 2868000000,
    "operatingIncomeRatio": 0.0713610351,
    "totalOtherIncomeExpensesNet": -2077000000,
    "incomeBeforeTax": 791000000,
    "incomeBeforeTaxRatio": 0.0196815128,
    "incomeTaxExpense": 153000000,
    "netIncome": 667000000,
    "netIncomeRatio": 0.0165961682,
    "eps": 0.17,
    "epsdiluted": 0.16,
    "weightedAverageShsOut": 4021000000,
    "weightedAverageShsOutDil": 4052000000,
    "link": "https://www.sec.gov/Archives/edgar/data/37996/000003799622000048/0000037996-22-000048-index.htm",
    "finalLink": "https://www.sec.gov/Archives/edgar/data/37996/000003799622000048/f-20220630.htm"
  },
  {
    "date": "2022-03-31",
    "symbol": "F",
    "reportedCurrency": "USD",
    "cik": "0000037996",
    "fillingDate": "2022-04-28",
    "acceptedDate": "2022-04-27 18:52:35",
    "calendarYear": "2022",
    "period": "Q1",
    "revenue": 34476000000,
    "costOfRevenue": 30393000000,
    "grossProfit": 4083000000,
    "grossProfitRatio": 0.1184302123,
    "researchAndDevelopmentExpenses": 0,
    "generalAndAdministrativeExpenses": 0,
    "sellingAndMarketingExpenses": 0,
    "sellingGeneralAndAdministrativeExpenses": 2740000000,
    "otherExpenses": 0,
    "operatingExpenses": 2740000000,
    "costAndExpenses": 33133000000,
    "interestIncome": 66000000,
    "interestExpense": 308000000,
    "depreciationAndAmortization": 1547000000,
    "ebitda": -1993000000,
    "ebitdaratio": -0.0578083304,
    "operatingIncome": 1343000000,
    "operatingIncomeRatio": 0.0389546351,
    "totalOtherIncomeExpensesNet": -5191000000,
    "incomeBeforeTax": -3848000000,
    "incomeBeforeTaxRatio": -0.1116138763,
    "incomeTaxExpense": -729000000,
    "netIncome": -3110000000,
    "netIncomeRatio": -0.0902076807,
    "eps": -0.78,
    "epsdiluted": -0.78,
    "weightedAverageShsOut": 4008000000,
    "weightedAverageShsOutDil": 4008000000,
    "link": "https://www.sec.gov/Archives/edgar/data/37996/000003799622000024/0000037996-22-000024-index.htm",
    "finalLink": "https://www.sec.gov/Archives/edgar/data/37996/000003799622000024/f-20220331.htm"
  },
  {
    "date": "2021-12-31",
    "symbol": "F",
    "reportedCurrency": "USD",
    "cik": "0000037996",
    "fillingDate": "2022-02-04",
    "acceptedDate": "2022-02-03 18:24:07",
    "calendarYear": "2021",
    "period": "Q4",
    "revenue": 37678000000,
    "costOfRevenue": 33691000000,
    "grossProfit": 3987000000,
    "grossProfitRatio": 0.1058177186,
    "researchAndDevelopmentExpenses": 0,
    "generalAndAdministrativeExpenses": 0,
    "sellingAndMarketingExpenses": 0,
    "sellingGeneralAndAdministrativeExpenses": 3248000000,
    "otherExpenses": 0,
    "operatingExpenses": 3248000000,
    "costAndExpenses": 36939000000,
    "interestIncome": 65000000,
    "interestExpense": 438000000,
    "depreciationAndAmortization": 1516000000,
    "ebitda": 13172000000,
    "ebitdaratio": 0.3495939275,
    "operatingIncome": 739000000,
    "operatingIncomeRatio": 0.0196135676,
    "totalOtherIncomeExpensesNet": 10479000000,
    "incomeBeforeTax": 11218000000,
    "incomeBeforeTaxRatio": 0.2977334253,
    "incomeTaxExpense": -1055000000,
    "netIncome": 12282000000,
    "netIncomeRatio": 0.3259727162,
    "eps": 3.07,
    "epsdiluted": 3.05,
    "weightedAverageShsOut": 3999500000,
    "weightedAverageShsOutDil": 4021000000,
    "link": "https://www.sec.gov/Archives/edgar/data/37996/000003799622000013/0000037996-22-000013-index.htm",
    "finalLink": "https://www.sec.gov/Archives/edgar/data/37996/000003799622000013/f-20211231.htm"
  },
  {
    "date": "2021-09-30",
    "symbol": "F",
    "reportedCurrency": "USD",
    "cik": "0000037996",
    "fillingDate": "2021-10-28",
    "acceptedDate": "2021-10-27 18:22:16",
    "calendarYear": "2021",
    "period": "Q3",
    "revenue": 35683000000,
    "costOfRevenue": 31394000000,
    "grossProfit": 4289000000,
    "grossProfitRatio": 0.1201972928,
    "researchAndDevelopmentExpenses": 0,
    "generalAndAdministrativeExpenses": 0,
    "sellingAndMarketingExpenses": 0,
    "sellingGeneralAndAdministrativeExpenses": 2947000000,
    "otherExpenses": 0,
    "operatingExpenses": 2947000000,
    "costAndExpenses": 34341000000,
    "interestIncome": 63000000,
    "interestExpense": 439000000,
    "depreciationAndAmortization": 1520000000,
    "ebitda": 3844000000,
    "ebitdaratio": 0.1077263683,
    "operatingIncome": 1342000000,
    "operatingIncomeRatio": 0.0376089454,
    "totalOtherIncomeExpensesNet": 543000000,
    "incomeBeforeTax": 1885000000,
    "incomeBeforeTaxRatio": 0.0528262758,
    "incomeTaxExpense": 63000000,
    "netIncome": 1832000000,
    "netIncomeRatio": 0.0513409747,
    "eps": 0.46,
    "epsdiluted": 0.45,
    "weightedAverageShsOut": 3995000000,
    "weightedAverageShsOutDil": 4036000000,
    "link": "https://www.sec.gov/Archives/edgar/data/37996/000003799621000086/0000037996-21-000086-index.htm",
    "finalLink": "https://www.sec.gov/Archives/edgar/data/37996/000003799621000086/f-20210930.htm"
  },
  {
    "date": "2021-06-30",
    "symbol": "F",
    "reportedCurrency": "USD",
    "cik": "0000037996",
    "fillingDate": "2021-07-29",
    "acceptedDate": "2021-07-28 18:35:36",
    "calendarYear": "2021",
    "period": "Q2",
    "revenue": 26752000000,
    "costOfRevenue": 23897000000,
    "grossProfit": 2855000000,
    "grossProfitRatio": 0.1067209928,
    "researchAndDevelopmentExpenses": 0,
    "generalAndAdministrativeExpenses": 0,
    "sellingAndMarketingExpenses": 0,
    "sellingGeneralAndAdministrativeExpenses": 2877000000,
    "otherExpenses": 0,
    "operatingExpenses": 2877000000,
    "costAndExpenses": 26774000000,
    "interestIncome": 64000000,
    "interestExpense": 453000000,
    "depreciationAndAmortization": 1182000000,
    "ebitda": 2370000000,
    "ebitdaratio": 0.0885915072,
    "operatingIncome": -22000000,
    "operatingIncomeRatio": -0.0008223684,
    "totalOtherIncomeExpensesNet": 757000000,
    "incomeBeforeTax": 735000000,
    "incomeBeforeTaxRatio": 0.0274745813,
    "incomeTaxExpense": 182000000,
    "netIncome": 561000000,
    "netIncomeRatio": 0.0209703947,
    "eps": 0.14,
    "epsdiluted": 0.14,
    "weightedAverageShsOut": 3992000000,
    "weightedAverageShsOutDil": 4028000000,
    "link": "https://www.sec.gov/Archives/edgar/data/37996/000003799621000058/0000037996-21-000058-index.htm",
    "finalLink": "https://www.sec.gov/Archives/edgar/data/37996/000003799621000058/f-20210630.htm"
  },
  {
    "date": "2021-03-31",
    "symbol": "F",
    "reportedCurrency": "USD",
    "cik": "0000037996",
    "fillingDate": "2021-04-29",
    "acceptedDate": "2021-04-28 18:28:44",
    "calendarYear": "2021",
    "period": "Q1",
    "revenue": 36228000000,
    "costOfRevenue": 30921000000,
    "grossProfit": 5307000000,
    "grossProfitRatio": 0.1464889036,
    "researchAndDevelopmentExpenses": 0,
    "generalAndAdministrativeExpenses": 0,
    "sellingAndMarketingExpenses": 0,
    "sellingGeneralAndAdministrativeExpenses": 2843000000,
    "otherExpenses": 0,
    "operatingExpenses": 2843000000,
    "costAndExpenses": 33764000000,
    "interestIncome": 72000000,
    "interestExpense": 476000000,
    "depreciationAndAmortization": 1742000000,
    "ebitda": 6160000000,
    "ebitdaratio": 0.1700342277,
    "operatingIncome": 2464000000,
    "operatingIncomeRatio": 0.0680136911,
    "totalOtherIncomeExpensesNet": 1478000000,
    "incomeBeforeTax": 3942000000,
    "incomeBeforeTaxRatio": 0.1088108645,
    "incomeTaxExpense": 680000000,
    "netIncome": 3262000000,
    "netIncomeRatio": 0.0900408524,
    "eps": 0.82,
    "epsdiluted": 0.81,
    "weightedAverageShsOut": 3980000000,
    "weightedAverageShsOutDil": 4016000000,
    "link": "https://www.sec.gov/Archives/edgar/data/37996/000003799621000026/0000037996-21-000026-index.htm",
    "finalLink": "https://www.sec.gov/Archives/edgar/data/37996/000003799621000026/f-20210331.htm"
  },
  {
    "date": "2020-12-31",
    "symbol": "F",
    "reportedCurrency": "USD",
    "cik": "0000037996",
    "fillingDate": "2021-02-05",
    "acceptedDate": "2021-02-04 18:58:09",
    "calendarYear": "2020",
    "period": "Q4",
    "revenue": 35952000000,
    "costOfRevenue": 34864000000,
    "grossProfit": 1088000000,
    "grossProfitRatio": 0.0302625723,
    "researchAndDevelopmentExpenses": 0,
    "generalAndAdministrativeExpenses": 0,
    "sellingAndMarketingExpenses": 0,
    "sellingGeneralAndAdministrativeExpenses": 3530000000,
    "otherExpenses": 0,
    "operatingExpenses": 3530000000,
    "costAndExpenses": 38394000000,
    "interestIncome": 93000000,
    "interestExpense": 476000000,
    "depreciationAndAmortization": 1725000000,
    "ebitda": -1609000000,
    "ebitdaratio": -0.0447541166,
    "operatingIncome": -2442000000,
    "operatingIncomeRatio": -0.0679238985,
    "totalOtherIncomeExpensesNet": -1368000000,
    "incomeBeforeTax": -3810000000,
    "incomeBeforeTaxRatio": -0.1059746328,
    "incomeTaxExpense": -1019000000,
    "netIncome": -2788000000,
    "netIncomeRatio": -0.0775478416,
    "eps": -0.7,
    "epsdiluted": -0.7,
    "weightedAverageShsOut": 3976500000,
    "weightedAverageShsOutDil": 3994500000,
    "link": "https://www.sec.gov/Archives/edgar/data/37996/000003799621000012/0000037996-21-000012-index.htm",
    "finalLink": "https://www.sec.gov/Archives/edgar/data/37996/000003799621000012/f-20201231.htm"
  },
  {
    "date": "2020-09-30",
    "symbol": "F",
    "reportedCurrency": "USD",
    "cik": "0000037996",
    "fillingDate": "2020-10-29",
    "acceptedDate": "2020-10-28 18:34:06",
    "calendarYear": "2020",
    "period": "Q3",
    "revenue": 37501000000,
    "costOfRevenue": 32884000000,
    "grossProfit": 4617000000,
    "grossProfitRatio": 0.1231167169,
    "researchAndDevelopmentExpenses": 0,
    "generalAndAdministrativeExpenses": 0,
    "sellingAndMarketingExpenses": 0,
    "sellingGeneralAndAdministrativeExpenses": 2266000000,
    "otherExpenses": 0,
    "operatingExpenses": 2266000000,
    "costAndExpenses": 35150000000,
    "interestIncome": 90000000,
    "interestExpense": 502000000,
    "depreciationAndAmortization": 1520000000,
    "ebitda": 4778000000,
    "ebitdaratio": 0.1274099357,
    "operatingIncome": 2351000000,
    "operatingIncomeRatio": 0.0626916616,
    "totalOtherIncomeExpensesNet": 405000000,
    "incomeBeforeTax": 2756000000,
    "incomeBeforeTaxRatio": 0.0734913736,
    "incomeTaxExpense": 366000000,
    "netIncome": 2385000000,
    "netIncomeRatio": 0.063598304,
    "eps": 0.6,
    "epsdiluted": 0.6,
    "weightedAverageShsOut": 3976000000,
    "weightedAverageShsOutDil": 4005000000,
    "link": "https://www.sec.gov/Archives/edgar/data/37996/000003799620000071/0000037996-20-000071-index.htm",
    "finalLink": "https://www.sec.gov/Archives/edgar/data/37996/000003799620000071/f-20200930.htm"
  },
  {
    "date": "2020-06-30",
    "symbol": "F",
    "reportedCurrency": "USD",
    "cik": "0000037996",
    "fillingDate": "2020-07-31",
    "acceptedDate": "2020-07-30 20:47:46",
    "calendarYear": "2020",
    "period": "Q2",
    "revenue": 19371000000,
    "costOfRevenue": 20165000000,
    "grossProfit": -794000000,
    "grossProfitRatio": -0.0409891074,
    "researchAndDevelopmentExpenses": 0,
    "generalAndAdministrativeExpenses": 0,
    "sellingAndMarketingExpenses": 0,
    "sellingGeneralAndAdministrativeExpenses": 1965000000,
    "otherExpenses": 0,
    "operatingExpenses": 1965000000,
    "costAndExpenses": 22130000000,
    "interestIncome": 134000000,
    "interestExpense": 450000000,
    "depreciationAndAmortization": 2070000000,
    "ebitda": 3604000000,
    "ebitdaratio": 0.1860513138,
    "operatingIncome": -2759000000,
    "operatingIncomeRatio": -0.1424294048,
    "totalOtherIncomeExpensesNet": 3843000000,
    "incomeBeforeTax": 1084000000,
    "incomeBeforeTaxRatio": 0.0559599401,
    "incomeTaxExpense": -34000000,
    "netIncome": 1117000000,
    "netIncomeRatio": 0.0576635176,
    "eps": 0.28,
    "epsdiluted": 0.28,
    "weightedAverageShsOut": 3975000000,
    "weightedAverageShsOutDil": 3992000000,
    "link": "https://www.sec.gov/Archives/edgar/data/37996/000003799620000057/0000037996-20-000057-index.htm",
    "finalLink": "https://www.sec.gov/Archives/edgar/data/37996/000003799620000057/f0630202010-q.htm"
  },
  {
    "date": "2020-03-31",
    "symbol": "F",
    "reportedCurrency": "USD",
    "cik": "0000037996",
    "fillingDate": "2020-04-29",
    "acceptedDate": "2020-04-28 19:03:29",
    "calendarYear": "2020",
    "period": "Q1",
    "revenue": 34320000000,
    "costOfRevenue": 33446000000,
    "grossProfit": 874000000,
    "grossProfitRatio": 0.0254662005,
    "researchAndDevelopmentExpenses": 0,
    "generalAndAdministrativeExpenses": 0,
    "sellingAndMarketingExpenses": 0,
    "sellingGeneralAndAdministrativeExpenses": 2432000000,
    "otherExpenses": 0,
    "operatingExpenses": 2432000000,
    "costAndExpenses": 35878000000,
    "interestIncome": 162000000,
    "interestExpense": 250000000,
    "depreciationAndAmortization": 2142000000,
    "ebitda": 1246000000,
    "ebitdaratio": 0.0363053613,
    "operatingIncome": -1558000000,
    "operatingIncomeRatio": -0.0453962704,
    "totalOtherIncomeExpensesNet": 412000000,
    "incomeBeforeTax": -1146000000,
    "incomeBeforeTaxRatio": -0.0333916084,
    "incomeTaxExpense": 847000000,
    "netIncome": -1993000000,
    "netIncomeRatio": -0.0580710956,
    "eps": -0.5,
    "epsdiluted": -0.5,
    "weightedAverageShsOut": 3963000000,
    "weightedAverageShsOutDil": 3963000000,
    "link": "https://www.sec.gov/Archives/edgar/data/37996/000003799620000041/0000037996-20-000041-index.htm",
    "finalLink": "https://www.sec.gov/Archives/edgar/data/37996/000003799620000041/f0331202010-q.htm"
  },
  {
    "date": "2019-12-31",
    "symbol": "F",
    "reportedCurrency": "USD",
    "cik": "0000037996",
    "fillingDate": "2020-02-05",
    "acceptedDate": "2020-02-05 12:01:22",
    "calendarYear": "2019",
    "period": "Q4",
    "revenue": 39715000000,
    "costOfRevenue": 37180000000,
    "grossProfit": 2535000000,
    "grossProfitRatio": 0.0638297872,
    "researchAndDevelopmentExpenses": 0,
    "generalAndAdministrativeExpenses": 0,
    "sellingAndMarketingExpenses": 0,
    "sellingGeneralAndAdministrativeExpenses": 2992000000,
    "otherExpenses": 0,
    "operatingExpenses": 2992000000,
    "costAndExpenses": 40172000000,
    "interestIncome": 197000000,
    "interestExpense": 258000000,
    "depreciationAndAmortization": 2071000000,
    "ebitda": -107000000,
    "ebitdaratio": -0.0026941961,
    "operatingIncome": -457000000,
    "operatingIncomeRatio": -0.0115069873,
    "totalOtherIncomeExpensesNet": -1979000000,
    "incomeBeforeTax": -2436000000,
    "incomeBeforeTaxRatio": -0.0613370263,
    "incomeTaxExpense": -764000000,
    "netIncome": -1672000000,
    "netIncomeRatio": -0.0420999622,
    "eps": -0.42,
    "epsdiluted": -0.42,
    "weightedAverageShsOut": 3971000000,
    "weightedAverageShsOutDil": 4005500000,
    "link": "https://www.sec.gov/Archives/edgar/data/37996/000003799620000010/0000037996-20-000010-index.htm",
    "finalLink": "https://www.sec.gov/Archives/edgar/data/37996/000003799620000010/f1231201910-k.htm"
  },
  {
    "date": "2019-09-30",
    "symbol": "F",
    "reportedCurrency": "USD",
    "cik": "0000037996",
    "fillingDate": "2019-10-24",
    "acceptedDate": "2019-10-23 18:35:03",
    "calendarYear": "2019",
    "period": "Q3",
    "revenue": 36990000000,
    "costOfRevenue": 34650000000,
    "grossProfit": 2340000000,
    "grossProfitRatio": 0.0632603406,
    "researchAndDevelopmentExpenses": 0,
    "generalAndAdministrativeExpenses": 0,
    "sellingAndMarketingExpenses": 0,
    "sellingGeneralAndAdministrativeExpenses": 2601000000,
    "otherExpenses": 0,
    "operatingExpenses": 2601000000,
    "costAndExpenses": 37251000000,
    "interestIncome": 197000000,
    "interestExpense": 276000000,
    "depreciationAndAmortization": 2018000000,
    "ebitda": 2275000000,
    "ebitdaratio": 0.0615031089,
    "operatingIncome": -261000000,
    "operatingIncomeRatio": -0.0070559611,
    "totalOtherIncomeExpensesNet": 242000000,
    "incomeBeforeTax": -19000000,
    "incomeBeforeTaxRatio": -0.0005136523,
    "incomeTaxExpense": -442000000,
    "netIncome": 425000000,
    "netIncomeRatio": 0.0114895918,
    "eps": 0.11,
    "epsdiluted": 0.11,
    "weightedAverageShsOut": 3970000000,
    "weightedAverageShsOutDil": 4007000000,
    "link": "https://www.sec.gov/Archives/edgar/data/37996/000003799619000078/0000037996-19-000078-index.htm",
    "finalLink": "https://www.sec.gov/Archives/edgar/data/37996/000003799619000078/f0930201910-q.htm"
  },
  {
    "date": "2019-06-30",
    "symbol": "F",
    "reportedCurrency": "USD",
    "cik": "0000037996",
    "fillingDate": "2019-07-25",
    "acceptedDate": "2019-07-24 19:05:43",
    "calendarYear": "2019",
    "period": "Q2",
    "revenue": 38853000000,
    "costOfRevenue": 36038000000,
    "grossProfit": 2815000000,
    "grossProfitRatio": 0.0724525777,
    "researchAndDevelopmentExpenses": 0,
    "generalAndAdministrativeExpenses": 0,
    "sellingAndMarketingExpenses": 0,
    "sellingGeneralAndAdministrativeExpenses": 2725000000,
    "otherExpenses": 0,
    "operatingExpenses": 2725000000,
    "costAndExpenses": 38763000000,
    "interestIncome": 206000000,
    "interestExpense": 244000000,
    "depreciationAndAmortization": 2259000000,
    "ebitda": 2708000000,
    "ebitdaratio": 0.0696986076,
    "operatingIncome": 90000000,
    "operatingIncomeRatio": 0.0023164234,
    "totalOtherIncomeExpensesNet": 115000000,
    "incomeBeforeTax": 205000000,
    "incomeBeforeTaxRatio": 0.0052762978,
    "incomeTaxExpense": 55000000,
    "netIncome": 148000000,
    "netIncomeRatio": 0.0038092297,
    "eps": 0.04,
    "epsdiluted": 0.04,
    "weightedAverageShsOut": 3984000000,
    "weightedAverageShsOutDil": 4013000000,
    "link": "https://www.sec.gov/Archives/edgar/data/37996/000003799619000067/0000037996-19-000067-index.htm",
    "finalLink": "https://www.sec.gov/Archives/edgar/data/37996/000003799619000067/f0630201910-q.htm"
  },
  {
    "date": "2019-03-31",
    "symbol": "F",
    "reportedCurrency": "USD",
    "cik": "0000037996",
    "fillingDate": "2019-04-26",
    "acceptedDate": "2019-04-25 20:29:16",
    "calendarYear": "2019",
    "period": "Q1",
    "revenue": 40342000000,
    "costOfRevenue": 36297000000,
    "grossProfit": 4045000000,
    "grossProfitRatio": 0.1002677111,
    "researchAndDevelopmentExpenses": 0,
    "generalAndAdministrativeExpenses": 0,
    "sellingAndMarketingExpenses": 0,
    "sellingGeneralAndAdministrativeExpenses": 2843000000,
    "otherExpenses": 0,
    "operatingExpenses": 2843000000,
    "costAndExpenses": 39140000000,
    "interestIncome": 203000000,
    "interestExpense": 265000000,
    "depreciationAndAmortization": 2142000000,
    "ebitda": 4017000000,
    "ebitdaratio": 0.0995736453,
    "operatingIncome": 1202000000,
    "operatingIncomeRatio": 0.0297952506,
    "totalOtherIncomeExpensesNet": 408000000,
    "incomeBeforeTax": 1610000000,
    "incomeBeforeTaxRatio": 0.0399087799,
    "incomeTaxExpense": 427000000,
    "netIncome": 1146000000,
    "netIncomeRatio": 0.0284071191,
    "eps": 0.29,
    "epsdiluted": 0.29,
    "weightedAverageShsOut": 3973000000,
    "weightedAverageShsOutDil": 3997000000,
    "link": "https://www.sec.gov/Archives/edgar/data/37996/000003799619000026/0000037996-19-000026-index.htm",
    "finalLink": "https://www.sec.gov/Archives/edgar/data/37996/000003799619000026/f0331201910-q.htm"
  },
  {
    "date": "2018-12-31",
    "symbol": "F",
    "reportedCurrency": "USD",
    "cik": "0000037996",
    "fillingDate": "2019-02-21",
    "acceptedDate": "2019-02-21 16:10:10",
    "calendarYear": "2018",
    "period": "Q4",
    "revenue": 41793000000,
    "costOfRevenue": 38165000000,
    "grossProfit": 3628000000,
    "grossProfitRatio": 0.0868087957,
    "researchAndDevelopmentExpenses": 0,
    "generalAndAdministrativeExpenses": 0,
    "sellingAndMarketingExpenses": 0,
    "sellingGeneralAndAdministrativeExpenses": 2996000000,
    "otherExpenses": 0,
    "operatingExpenses": 2996000000,
    "costAndExpenses": 41161000000,
    "interestIncome": 190000000,
    "interestExpense": 295000000,
    "depreciationAndAmortization": 0,
    "ebitda": 278000000,
    "ebitdaratio": 0.0066518316,
    "operatingIncome": 632000000,
    "operatingIncomeRatio": 0.0151221496,
    "totalOtherIncomeExpensesNet": -649000000,
    "incomeBeforeTax": -17000000,
    "incomeBeforeTaxRatio": -0.0004067667,
    "incomeTaxExpense": 95000000,
    "netIncome": -116000000,
    "netIncomeRatio": -0.0027755844,
    "eps": -0.0293,
    "epsdiluted": -0.029,
    "weightedAverageShsOut": 3963381500,
    "weightedAverageShsOutDil": 3996869500,
    "link": "https://www.sec.gov/Archives/edgar/data/37996/000003799619000012/0000037996-19-000012-index.htm",
    "finalLink": "https://www.sec.gov/Archives/edgar/data/37996/000003799619000012/f1231201810-k.htm"
  },
  {
    "date": "2018-09-30",
    "symbol": "F",
    "reportedCurrency": "USD",
    "cik": "0000037996",
    "fillingDate": "2018-10-25",
    "acceptedDate": "2018-10-24 19:14:10",
    "calendarYear": "2018",
    "period": "Q3",
    "revenue": 37666000000,
    "costOfRevenue": 33920000000,
    "grossProfit": 3746000000,
    "grossProfitRatio": 0.0994530877,
    "researchAndDevelopmentExpenses": 0,
    "generalAndAdministrativeExpenses": 0,
    "sellingAndMarketingExpenses": 0,
    "sellingGeneralAndAdministrativeExpenses": 2882000000,
    "otherExpenses": 0,
    "operatingExpenses": 2882000000,
    "costAndExpenses": 36802000000,
    "interestIncome": 169000000,
    "interestExpense": 348000000,
    "depreciationAndAmortization": 0,
    "ebitda": 1442000000,
    "ebitdaratio": 0.0382838634,
    "operatingIncome": 864000000,
    "operatingIncomeRatio": 0.0229384591,
    "totalOtherIncomeExpensesNet": 230000000,
    "incomeBeforeTax": 1094000000,
    "incomeBeforeTaxRatio": 0.0290447619,
    "incomeTaxExpense": 101000000,
    "netIncome": 991000000,
    "netIncomeRatio": 0.0263102002,
    "eps": 0.25,
    "epsdiluted": 0.25,
    "weightedAverageShsOut": 3976000000,
    "weightedAverageShsOutDil": 4000000000,
    "link": "https://www.sec.gov/Archives/edgar/data/37996/000003799618000084/0000037996-18-000084-index.htm",
    "finalLink": "https://www.sec.gov/Archives/edgar/data/37996/000003799618000084/f0930201810-q.htm"
  },
  {
    "date": "2018-06-30",
    "symbol": "F",
    "reportedCurrency": "USD",
    "cik": "0000037996",
    "fillingDate": "2018-07-26",
    "acceptedDate": "2018-07-25 19:41:30",
    "calendarYear": "2018",
    "period": "Q2",
    "revenue": 38920000000,
    "costOfRevenue": 35556000000,
    "grossProfit": 3364000000,
    "grossProfitRatio": 0.0864337102,
    "researchAndDevelopmentExpenses": 0,
    "generalAndAdministrativeExpenses": 0,
    "sellingAndMarketingExpenses": 0,
    "sellingGeneralAndAdministrativeExpenses": 2778000000,
    "otherExpenses": 0,
    "operatingExpenses": 2778000000,
    "costAndExpenses": 38334000000,
    "interestIncome": 199000000,
    "interestExpense": 301000000,
    "depreciationAndAmortization": 0,
    "ebitda": 1650000000,
    "ebitdaratio": 0.0423946557,
    "operatingIncome": 586000000,
    "operatingIncomeRatio": 0.0150565262,
    "totalOtherIncomeExpensesNet": 763000000,
    "incomeBeforeTax": 1349000000,
    "incomeBeforeTaxRatio": 0.0346608428,
    "incomeTaxExpense": 280000000,
    "netIncome": 1066000000,
    "netIncomeRatio": 0.027389517,
    "eps": 0.27,
    "epsdiluted": 0.27,
    "weightedAverageShsOut": 3977000000,
    "weightedAverageShsOutDil": 3999000000,
    "link": "https://www.sec.gov/Archives/edgar/data/37996/000003799618000063/0000037996-18-000063-index.htm",
    "finalLink": "https://www.sec.gov/Archives/edgar/data/37996/000003799618000063/f0630201810-q.htm"
  },
  {
    "date": "2018-03-31",
    "symbol": "F",
    "reportedCurrency": "USD",
    "cik": "0000037996",
    "fillingDate": "2018-04-26",
    "acceptedDate": "2018-04-25 19:38:26",
    "calendarYear": "2018",
    "period": "Q1",
    "revenue": 41959000000,
    "costOfRevenue": 38091000000,
    "grossProfit": 3868000000,
    "grossProfitRatio": 0.0921852284,
    "researchAndDevelopmentExpenses": 0,
    "generalAndAdministrativeExpenses": 0,
    "sellingAndMarketingExpenses": 0,
    "sellingGeneralAndAdministrativeExpenses": 2747000000,
    "otherExpenses": 0,
    "operatingExpenses": 2747000000,
    "costAndExpenses": 40838000000,
    "interestIncome": 147000000,
    "interestExpense": 289000000,
    "depreciationAndAmortization": 0,
    "ebitda": 2208000000,
    "ebitdaratio": 0.0526227984,
    "operatingIncome": 1121000000,
    "operatingIncomeRatio": 0.0267165566,
    "totalOtherIncomeExpensesNet": 798000000,
    "incomeBeforeTax": 1919000000,
    "incomeBeforeTaxRatio": 0.0457351224,
    "incomeTaxExpense": 174000000,
    "netIncome": 1736000000,
    "netIncomeRatio": 0.041373722,
    "eps": 0.44,
    "epsdiluted": 0.43,
    "weightedAverageShsOut": 3974000000,
    "weightedAverageShsOutDil": 3997000000,
    "link": "https://www.sec.gov/Archives/edgar/data/37996/000003799618000036/0000037996-18-000036-index.htm",
    "finalLink": "https://www.sec.gov/Archives/edgar/data/37996/000003799618000036/f0331201810-q.htm"
  },
  {
    "date": "2017-12-31",
    "symbol": "F",
    "reportedCurrency": "USD",
    "cik": "0000037996",
    "fillingDate": "2018-02-08",
    "acceptedDate": "2018-02-08 11:41:16",
    "calendarYear": "2017",
    "period": "Q4",
    "revenue": 41326000000,
    "costOfRevenue": 37369000000,
    "grossProfit": 3957000000,
    "grossProfitRatio": 0.095750859,
    "researchAndDevelopmentExpenses": 0,
    "generalAndAdministrativeExpenses": 0,
    "sellingAndMarketingExpenses": 0,
    "sellingGeneralAndAdministrativeExpenses": 3088000000,
    "otherExpenses": 0,
    "operatingExpenses": 3088000000,
    "costAndExpenses": 40457000000,
    "interestIncome": 140000000,
    "interestExpense": 296000000,
    "depreciationAndAmortization": 0,
    "ebitda": 2185000000,
    "ebitdaratio": 0.0528722838,
    "operatingIncome": 869000000,
    "operatingIncomeRatio": 0.0210279243,
    "totalOtherIncomeExpensesNet": 1020000000,
    "incomeBeforeTax": 1889000000,
    "incomeBeforeTaxRatio": 0.0457097227,
    "incomeTaxExpense": -524000000,
    "netIncome": 2409000000,
    "netIncomeRatio": 0.0582926003,
    "eps": 0.61,
    "epsdiluted": 0.6,
    "weightedAverageShsOut": 3976052500,
    "weightedAverageShsOutDil": 3998526500,
    "link": "https://www.sec.gov/Archives/edgar/data/37996/000003799618000015/0000037996-18-000015-index.htm",
    "finalLink": "https://www.sec.gov/Archives/edgar/data/37996/000003799618000015/f1231201710-k.htm"
  },
  {
    "date": "2017-09-30",
    "symbol": "F",
    "reportedCurrency": "USD",
    "cik": "0000037996",
    "fillingDate": "2017-10-26",
    "acceptedDate": "2017-10-26 11:35:06",
    "calendarYear": "2017",
    "period": "Q3",
    "revenue": 36451000000,
    "costOfRevenue": 32534000000,
    "grossProfit": 3917000000,
    "grossProfitRatio": 0.107459329,
    "researchAndDevelopmentExpenses": 0,
    "generalAndAdministrativeExpenses": 0,
    "sellingAndMarketingExpenses": 0,
    "sellingGeneralAndAdministrativeExpenses": 2919000000,
    "otherExpenses": 0,
    "operatingExpenses": 2919000000,
    "costAndExpenses": 35453000000,
    "interestIncome": 122000000,
    "interestExpense": 298000000,
    "depreciationAndAmortization": 0,
    "ebitda": 2068000000,
    "ebitdaratio": 0.0567336973,
    "operatingIncome": 998000000,
    "operatingIncomeRatio": 0.0273792214,
    "totalOtherIncomeExpensesNet": 772000000,
    "incomeBeforeTax": 1770000000,
    "incomeBeforeTaxRatio": 0.0485583386,
    "incomeTaxExpense": 191000000,
    "netIncome": 1572000000,
    "netIncomeRatio": 0.0431263889,
    "eps": 0.4,
    "epsdiluted": 0.39,
    "weightedAverageShsOut": 3972000000,
    "weightedAverageShsOutDil": 3996000000,
    "link": "https://www.sec.gov/Archives/edgar/data/37996/000003799617000092/0000037996-17-000092-index.htm",
    "finalLink": "https://www.sec.gov/Archives/edgar/data/37996/000003799617000092/f0930201710-q.htm"
  },
  {
    "date": "2017-06-30",
    "symbol": "F",
    "reportedCurrency": "USD",
    "cik": "0000037996",
    "fillingDate": "2017-07-26",
    "acceptedDate": "2017-07-26 12:17:15",
    "calendarYear": "2017",
    "period": "Q2",
    "revenue": 39853000000,
    "costOfRevenue": 35545000000,
    "grossProfit": 4308000000,
    "grossProfitRatio": 0.1080972574,
    "researchAndDevelopmentExpenses": 0,
    "generalAndAdministrativeExpenses": 0,
    "sellingAndMarketingExpenses": 0,
    "sellingGeneralAndAdministrativeExpenses": 2756000000,
    "otherExpenses": 0,
    "operatingExpenses": 2756000000,
    "costAndExpenses": 38301000000,
    "interestIncome": 109000000,
    "interestExpense": 291000000,
    "depreciationAndAmortization": 0,
    "ebitda": 2557000000,
    "ebitdaratio": 0.0641607909,
    "operatingIncome": 1552000000,
    "operatingIncomeRatio": 0.038943116,
    "totalOtherIncomeExpensesNet": 714000000,
    "incomeBeforeTax": 2266000000,
    "incomeBeforeTaxRatio": 0.0568589567,
    "incomeTaxExpense": 211000000,
    "netIncome": 2047000000,
    "netIncomeRatio": 0.0513637618,
    "eps": 0.51,
    "epsdiluted": 0.51,
    "weightedAverageShsOut": 3977000000,
    "weightedAverageShsOutDil": 3996000000,
    "link": "https://www.sec.gov/Archives/edgar/data/37996/000003799617000068/0000037996-17-000068-index.htm",
    "finalLink": "https://www.sec.gov/Archives/edgar/data/37996/000003799617000068/f0630201710-q.htm"
  },
  {
    "date": "2017-03-31",
    "symbol": "F",
    "reportedCurrency": "USD",
    "cik": "0000037996",
    "fillingDate": "2017-04-27",
    "acceptedDate": "2017-04-27 12:23:59",
    "calendarYear": "2017",
    "period": "Q1",
    "revenue": 39146000000,
    "costOfRevenue": 34918000000,
    "grossProfit": 4228000000,
    "grossProfitRatio": 0.1080059265,
    "researchAndDevelopmentExpenses": 0,
    "generalAndAdministrativeExpenses": 0,
    "sellingAndMarketingExpenses": 0,
    "sellingGeneralAndAdministrativeExpenses": 2764000000,
    "otherExpenses": 0,
    "operatingExpenses": 2764000000,
    "costAndExpenses": 37682000000,
    "interestIncome": 93000000,
    "interestExpense": 293000000,
    "depreciationAndAmortization": 0,
    "ebitda": 2544000000,
    "ebitdaratio": 0.0649874828,
    "operatingIncome": 1464000000,
    "operatingIncomeRatio": 0.0373984571,
    "totalOtherIncomeExpensesNet": 787000000,
    "incomeBeforeTax": 2251000000,
    "incomeBeforeTaxRatio": 0.0575026823,
    "incomeTaxExpense": 652000000,
    "netIncome": 1592000000,
    "netIncomeRatio": 0.0406682675,
    "eps": 0.4,
    "epsdiluted": 0.4,
    "weightedAverageShsOut": 3976000000,
    "weightedAverageShsOutDil": 3999000000,
    "link": "https://www.sec.gov/Archives/edgar/data/37996/000003799617000036/0000037996-17-000036-index.htm",
    "finalLink": "https://www.sec.gov/Archives/edgar/data/37996/000003799617000036/f0331201710-q.htm"
  },
  {
    "date": "2016-12-31",
    "symbol": "F",
    "reportedCurrency": "USD",
    "cik": "0000037996",
    "fillingDate": "2017-02-09",
    "acceptedDate": "2017-02-09 08:44:28",
    "calendarYear": "2016",
    "period": "Q4",
    "revenue": 38654000000,
    "costOfRevenue": 35895000000,
    "grossProfit": 2759000000,
    "grossProfitRatio": 0.0713768303,
    "researchAndDevelopmentExpenses": 0,
    "generalAndAdministrativeExpenses": 0,
    "sellingAndMarketingExpenses": 0,
    "sellingGeneralAndAdministrativeExpenses": 4438000000,
    "otherExpenses": 0,
    "operatingExpenses": 4438000000,
    "costAndExpenses": 40333000000,
    "interestIncome": 60000000,
    "interestExpense": 249000000,
    "depreciationAndAmortization": 0,
    "ebitda": -868000000,
    "ebitdaratio": -0.022455632,
    "operatingIncome": -1679000000,
    "operatingIncomeRatio": -0.043436643,
    "totalOtherIncomeExpensesNet": 562000000,
    "incomeBeforeTax": -1117000000,
    "incomeBeforeTaxRatio": -0.0288973974,
    "incomeTaxExpense": -336000000,
    "netIncome": -783000000,
    "netIncomeRatio": -0.0202566358,
    "eps": -0.2,
    "epsdiluted": -0.2,
    "weightedAverageShsOut": 3974500000,
    "weightedAverageShsOutDil": 3999000000,
    "link": "https://www.sec.gov/Archives/edgar/data/37996/000003799617000013/0000037996-17-000013-index.htm",
    "finalLink": "https://www.sec.gov/Archives/edgar/data/37996/000003799617000013/f1231201610-k.htm"
  },
  {
    "date": "2016-09-30",
    "symbol": "F",
    "reportedCurrency": "USD",
    "cik": "0000037996",
    "fillingDate": "2016-10-27",
    "acceptedDate": "2016-10-27 12:20:41",
    "calendarYear": "2016",
    "period": "Q3",
    "revenue": 35943000000,
    "costOfRevenue": 32868000000,
    "grossProfit": 3075000000,
    "grossProfitRatio": 0.0855521242,
    "researchAndDevelopmentExpenses": 0,
    "generalAndAdministrativeExpenses": 0,
    "sellingAndMarketingExpenses": 0,
    "sellingGeneralAndAdministrativeExpenses": 2657000000,
    "otherExpenses": 0,
    "operatingExpenses": 2657000000,
    "costAndExpenses": 35525000000,
    "interestIncome": 75000000,
    "interestExpense": 238000000,
    "depreciationAndAmortization": 0,
    "ebitda": 1625000000,
    "ebitdaratio": 0.0452104721,
    "operatingIncome": 418000000,
    "operatingIncomeRatio": 0.0116295245,
    "totalOtherIncomeExpensesNet": 969000000,
    "incomeBeforeTax": 1387000000,
    "incomeBeforeTaxRatio": 0.0385888768,
    "incomeTaxExpense": 426000000,
    "netIncome": 957000000,
    "netIncomeRatio": 0.0266254904,
    "eps": 0.24,
    "epsdiluted": 0.24,
    "weightedAverageShsOut": 3974000000,
    "weightedAverageShsOutDil": 4000000000,
    "link": "https://www.sec.gov/Archives/edgar/data/37996/000003799616000158/0000037996-16-000158-index.htm",
    "finalLink": "https://www.sec.gov/Archives/edgar/data/37996/000003799616000158/f0930201610-q.htm"
  },
  {
    "date": "2016-06-30",
    "symbol": "F",
    "reportedCurrency": "USD",
    "cik": "0000037996",
    "fillingDate": "2016-07-28",
    "acceptedDate": "2016-07-28 13:16:14",
    "calendarYear": "2016",
    "period": "Q2",
    "revenue": 39485000000,
    "costOfRevenue": 34780000000,
    "grossProfit": 4705000000,
    "grossProfitRatio": 0.1191591744,
    "researchAndDevelopmentExpenses": 0,
    "generalAndAdministrativeExpenses": 0,
    "sellingAndMarketingExpenses": 0,
    "sellingGeneralAndAdministrativeExpenses": 2784000000,
    "otherExpenses": 0,
    "operatingExpenses": 2784000000,
    "costAndExpenses": 37564000000,
    "interestIncome": 88000000,
    "interestExpense": 212000000,
    "depreciationAndAmortization": 0,
    "ebitda": 3087000000,
    "ebitdaratio": 0.0781815879,
    "operatingIncome": 1921000000,
    "operatingIncomeRatio": 0.0486513866,
    "totalOtherIncomeExpensesNet": 954000000,
    "incomeBeforeTax": 2875000000,
    "incomeBeforeTaxRatio": 0.0728124604,
    "incomeTaxExpense": 903000000,
    "netIncome": 1970000000,
    "netIncomeRatio": 0.0498923642,
    "eps": 0.5,
    "epsdiluted": 0.49,
    "weightedAverageShsOut": 3973000000,
    "weightedAverageShsOutDil": 3997000000,
    "link": "https://www.sec.gov/Archives/edgar/data/37996/000003799616000133/0000037996-16-000133-index.htm",
    "finalLink": "https://www.sec.gov/Archives/edgar/data/37996/000003799616000133/f0630201610-q.htm"
  },
  {
    "date": "2016-03-31",
    "symbol": "F",
    "reportedCurrency": "USD",
    "cik": "0000037996",
    "fillingDate": "2016-04-28",
    "acceptedDate": "2016-04-28 12:09:12",
    "calendarYear": "2016",
    "period": "Q1",
    "revenue": 37718000000,
    "costOfRevenue": 32577000000,
    "grossProfit": 5141000000,
    "grossProfitRatio": 0.1363009704,
    "researchAndDevelopmentExpenses": 0,
    "generalAndAdministrativeExpenses": 0,
    "sellingAndMarketingExpenses": 0,
    "sellingGeneralAndAdministrativeExpenses": 2690000000,
    "otherExpenses": 0,
    "operatingExpenses": 2690000000,
    "costAndExpenses": 35267000000,
    "interestIncome": 76000000,
    "interestExpense": 200000000,
    "depreciationAndAmortization": 0,
    "ebitda": 3851000000,
    "ebitdaratio": 0.1020997932,
    "operatingIncome": 2451000000,
    "operatingIncomeRatio": 0.0649822366,
    "totalOtherIncomeExpensesNet": 1200000000,
    "incomeBeforeTax": 3651000000,
    "incomeBeforeTaxRatio": 0.0967972851,
    "incomeTaxExpense": 1196000000,
    "netIncome": 2452000000,
    "netIncomeRatio": 0.0650087491,
    "eps": 0.62,
    "epsdiluted": 0.61,
    "weightedAverageShsOut": 3970000000,
    "weightedAverageShsOutDil": 3996000000,
    "link": "https://www.sec.gov/Archives/edgar/data/37996/000003799616000107/0000037996-16-000107-index.htm",
    "finalLink": "https://www.sec.gov/Archives/edgar/data/37996/000003799616000107/f0331201610-q.htm"
  },
  {
    "date": "2015-12-31",
    "symbol": "F",
    "reportedCurrency": "USD",
    "cik": "0000037996",
    "fillingDate": "2016-02-11",
    "acceptedDate": "2016-02-11 08:13:33",
    "calendarYear": "2015",
    "period": "Q4",
    "revenue": 40251000000,
    "costOfRevenue": 33852000000,
    "grossProfit": 6399000000,
    "grossProfitRatio": 0.1589774167,
    "researchAndDevelopmentExpenses": 0,
    "generalAndAdministrativeExpenses": 0,
    "sellingAndMarketingExpenses": 0,
    "sellingGeneralAndAdministrativeExpenses": 3941000000,
    "otherExpenses": 118000000,
    "operatingExpenses": 4059000000,
    "costAndExpenses": 37911000000,
    "interestIncome": 101000000,
    "interestExpense": 212000000,
    "depreciationAndAmortization": 0,
    "ebitda": 3332000000,
    "ebitdaratio": 0.082780552,
    "operatingIncome": 2340000000,
    "operatingIncomeRatio": 0.0581352016,
    "totalOtherIncomeExpensesNet": 780000000,
    "incomeBeforeTax": 3120000000,
    "incomeBeforeTaxRatio": 0.0775136021,
    "incomeTaxExpense": 469000000,
    "netIncome": 2655000000,
    "netIncomeRatio": 0.0659610941,
    "eps": 0.67,
    "epsdiluted": 0.66,
    "weightedAverageShsOut": 3969000000,
    "weightedAverageShsOutDil": 4000500000,
    "link": "https://www.sec.gov/Archives/edgar/data/37996/000003799616000092/0000037996-16-000092-index.htm",
    "finalLink": "https://www.sec.gov/Archives/edgar/data/37996/000003799616000092/f1231201510-k.htm"
  },
  {
    "date": "2015-09-30",
    "symbol": "F",
    "reportedCurrency": "USD",
    "cik": "0000037996",
    "fillingDate": "2015-10-27",
    "acceptedDate": "2015-10-27 13:10:57",
    "calendarYear": "2015",
    "period": "Q3",
    "revenue": 38144000000,
    "costOfRevenue": 33118000000,
    "grossProfit": 5026000000,
    "grossProfitRatio": 0.1317638423,
    "researchAndDevelopmentExpenses": 0,
    "generalAndAdministrativeExpenses": 0,
    "sellingAndMarketingExpenses": 0,
    "sellingGeneralAndAdministrativeExpenses": 2386000000,
    "otherExpenses": 0,
    "operatingExpenses": 2386000000,
    "costAndExpenses": 35504000000,
    "interestIncome": 76000000,
    "interestExpense": 206000000,
    "depreciationAndAmortization": 0,
    "ebitda": 3497000000,
    "ebitdaratio": 0.091678901,
    "operatingIncome": 2640000000,
    "operatingIncomeRatio": 0.0692114094,
    "totalOtherIncomeExpensesNet": 651000000,
    "incomeBeforeTax": 3291000000,
    "incomeBeforeTaxRatio": 0.0862783138,
    "incomeTaxExpense": 1099000000,
    "netIncome": 2192000000,
    "netIncomeRatio": 0.057466443,
    "eps": 0.55,
    "epsdiluted": 0.55,
    "weightedAverageShsOut": 3969000000,
    "weightedAverageShsOutDil": 3999000000,
    "link": "https://www.sec.gov/Archives/edgar/data/37996/000003799615000064/0000037996-15-000064-index.htm",
    "finalLink": "https://www.sec.gov/Archives/edgar/data/37996/000003799615000064/f0930201510-q.htm"
  },
  {
    "date": "2015-06-30",
    "symbol": "F",
    "reportedCurrency": "USD",
    "cik": "0000037996",
    "fillingDate": "2015-07-28",
    "acceptedDate": "2015-07-28 11:48:20",
    "calendarYear": "2015",
    "period": "Q2",
    "revenue": 37263000000,
    "costOfRevenue": 32071000000,
    "grossProfit": 5192000000,
    "grossProfitRatio": 0.1393339237,
    "researchAndDevelopmentExpenses": 0,
    "generalAndAdministrativeExpenses": 0,
    "sellingAndMarketingExpenses": 0,
    "sellingGeneralAndAdministrativeExpenses": 2544000000,
    "otherExpenses": 0,
    "operatingExpenses": 2544000000,
    "costAndExpenses": 34615000000,
    "interestIncome": 83000000,
    "interestExpense": 190000000,
    "depreciationAndAmortization": 0,
    "ebitda": 3476000000,
    "ebitdaratio": 0.0932828811,
    "operatingIncome": 2648000000,
    "operatingIncomeRatio": 0.071062448,
    "totalOtherIncomeExpensesNet": 638000000,
    "incomeBeforeTax": 3286000000,
    "incomeBeforeTaxRatio": 0.0881839895,
    "incomeTaxExpense": 1125000000,
    "netIncome": 2160000000,
    "netIncomeRatio": 0.0579663473,
    "eps": 0.54,
    "epsdiluted": 0.54,
    "weightedAverageShsOut": 3974000000,
    "weightedAverageShsOutDil": 4007000000,
    "link": "https://www.sec.gov/Archives/edgar/data/37996/000003799615000046/0000037996-15-000046-index.htm",
    "finalLink": "https://www.sec.gov/Archives/edgar/data/37996/000003799615000046/f0630201510-q.htm"
  },
  {
    "date": "2015-03-31",
    "symbol": "F",
    "reportedCurrency": "USD",
    "cik": "0000037996",
    "fillingDate": "2015-04-28",
    "acceptedDate": "2015-04-28 11:46:33",
    "calendarYear": "2015",
    "period": "Q1",
    "revenue": 33900000000,
    "costOfRevenue": 29119000000,
    "grossProfit": 4781000000,
    "grossProfitRatio": 0.1410324484,
    "researchAndDevelopmentExpenses": 0,
    "generalAndAdministrativeExpenses": 0,
    "sellingAndMarketingExpenses": 0,
    "sellingGeneralAndAdministrativeExpenses": 3465000000,
    "otherExpenses": 73000000,
    "operatingExpenses": 3538000000,
    "costAndExpenses": 32657000000,
    "interestIncome": 52000000,
    "interestExpense": 165000000,
    "depreciationAndAmortization": 0,
    "ebitda": 1944000000,
    "ebitdaratio": 0.0573451327,
    "operatingIncome": 1243000000,
    "operatingIncomeRatio": 0.0366666667,
    "totalOtherIncomeExpensesNet": 536000000,
    "incomeBeforeTax": 1779000000,
    "incomeBeforeTaxRatio": 0.0524778761,
    "incomeTaxExpense": 625000000,
    "netIncome": 1153000000,
    "netIncomeRatio": 0.0340117994,
    "eps": 0.29,
    "epsdiluted": 0.29,
    "weightedAverageShsOut": 3963000000,
    "weightedAverageShsOutDil": 4001000000,
    "link": "https://www.sec.gov/Archives/edgar/data/37996/000003799615000029/0000037996-15-000029-index.htm",
    "finalLink": "https://www.sec.gov/Archives/edgar/data/37996/000003799615000029/f0331201510-q.htm"
  },
  {
    "date": "2014-12-31",
    "symbol": "F",
    "reportedCurrency": "USD",
    "cik": "0000037996",
    "fillingDate": "2015-02-13",
    "acceptedDate": "2015-02-13 07:03:25",
    "calendarYear": "2014",
    "period": "Q4",
    "revenue": 35870000000,
    "costOfRevenue": 31716000000,
    "grossProfit": 4154000000,
    "grossProfitRatio": 0.1158070811,
    "researchAndDevelopmentExpenses": 0,
    "generalAndAdministrativeExpenses": 0,
    "sellingAndMarketingExpenses": 0,
    "sellingGeneralAndAdministrativeExpenses": 3785000000,
    "otherExpenses": 88000000,
    "operatingExpenses": 3873000000,
    "costAndExpenses": 35589000000,
    "interestIncome": 148000000,
    "interestExpense": 191000000,
    "depreciationAndAmortization": 0,
    "ebitda": 135000000,
    "ebitdaratio": 0.0037635907,
    "operatingIncome": 281000000,
    "operatingIncomeRatio": 0.0078338444,
    "totalOtherIncomeExpensesNet": -337000000,
    "incomeBeforeTax": -56000000,
    "incomeBeforeTaxRatio": -0.0015611932,
    "incomeTaxExpense": -105000000,
    "netIncome": 52000000,
    "netIncomeRatio": 0.0014496794,
    "eps": 0.0134,
    "epsdiluted": 0.0131,
    "weightedAverageShsOut": 3886500000,
    "weightedAverageShsOutDil": 3984000000,
    "link": "https://www.sec.gov/Archives/edgar/data/37996/000003799615000013/0000037996-15-000013-index.htm",
    "finalLink": "https://www.sec.gov/Archives/edgar/data/37996/000003799615000013/f1231201410-k.htm"
  },
  {
    "date": "2014-09-30",
    "symbol": "F",
    "reportedCurrency": "USD",
    "cik": "0000037996",
    "fillingDate": "2014-10-31",
    "acceptedDate": "2014-10-31 11:26:10",
    "calendarYear": "2014",
    "period": "Q3",
    "revenue": 34920000000,
    "costOfRevenue": 30870000000,
    "grossProfit": 4050000000,
    "grossProfitRatio": 0.1159793814,
    "researchAndDevelopmentExpenses": 0,
    "generalAndAdministrativeExpenses": 0,
    "sellingAndMarketingExpenses": 0,
    "sellingGeneralAndAdministrativeExpenses": 3484000000,
    "otherExpenses": 74000000,
    "operatingExpenses": 3558000000,
    "costAndExpenses": 34428000000,
    "interestIncome": 77000000,
    "interestExpense": 204000000,
    "depreciationAndAmortization": 0,
    "ebitda": 1225000000,
    "ebitdaratio": 0.0350801833,
    "operatingIncome": 492000000,
    "operatingIncomeRatio": 0.0140893471,
    "totalOtherIncomeExpensesNet": 529000000,
    "incomeBeforeTax": 1021000000,
    "incomeBeforeTaxRatio": 0.0292382589,
    "incomeTaxExpense": 188000000,
    "netIncome": 835000000,
    "netIncomeRatio": 0.0239117984,
    "eps": 0.22,
    "epsdiluted": 0.21,
    "weightedAverageShsOut": 3861000000,
    "weightedAverageShsOutDil": 4010000000,
    "link": "https://www.sec.gov/Archives/edgar/data/37996/000003799614000057/0000037996-14-000057-index.htm",
    "finalLink": "https://www.sec.gov/Archives/edgar/data/37996/000003799614000057/f0930201410-q.htm"
  },
  {
    "date": "2014-06-30",
    "symbol": "F",
    "reportedCurrency": "USD",
    "cik": "0000037996",
    "fillingDate": "2014-07-31",
    "acceptedDate": "2014-07-31 11:43:21",
    "calendarYear": "2014",
    "period": "Q2",
    "revenue": 37411000000,
    "costOfRevenue": 31930000000,
    "grossProfit": 5481000000,
    "grossProfitRatio": 0.1465077116,
    "researchAndDevelopmentExpenses": 0,
    "generalAndAdministrativeExpenses": 0,
    "sellingAndMarketingExpenses": 0,
    "sellingGeneralAndAdministrativeExpenses": 3476000000,
    "otherExpenses": 104000000,
    "operatingExpenses": 3580000000,
    "costAndExpenses": 35510000000,
    "interestIncome": 60000000,
    "interestExpense": 207000000,
    "depreciationAndAmortization": 0,
    "ebitda": 2325000000,
    "ebitdaratio": 0.0621474967,
    "operatingIncome": 1901000000,
    "operatingIncomeRatio": 0.0508139317,
    "totalOtherIncomeExpensesNet": 217000000,
    "incomeBeforeTax": 2118000000,
    "incomeBeforeTaxRatio": 0.0566143648,
    "incomeTaxExpense": 803000000,
    "netIncome": 1311000000,
    "netIncomeRatio": 0.0350431691,
    "eps": 0.33,
    "epsdiluted": 0.32,
    "weightedAverageShsOut": 3940000000,
    "weightedAverageShsOutDil": 4088000000,
    "link": "https://www.sec.gov/Archives/edgar/data/37996/000003799614000043/0000037996-14-000043-index.htm",
    "finalLink": "https://www.sec.gov/Archives/edgar/data/37996/000003799614000043/f0630201410-q.htm"
  },
  {
    "date": "2014-03-31",
    "symbol": "F",
    "reportedCurrency": "USD",
    "cik": "0000037996",
    "fillingDate": "2014-05-01",
    "acceptedDate": "2014-05-01 14:32:11",
    "calendarYear": "2014",
    "period": "Q1",
    "revenue": 35876000000,
    "costOfRevenue": 31699000000,
    "grossProfit": 4177000000,
    "grossProfitRatio": 0.1164288103,
    "researchAndDevelopmentExpenses": 0,
    "generalAndAdministrativeExpenses": 0,
    "sellingAndMarketingExpenses": 0,
    "sellingGeneralAndAdministrativeExpenses": 3372000000,
    "otherExpenses": 39000000,
    "operatingExpenses": 3411000000,
    "costAndExpenses": 35110000000,
    "interestIncome": 68000000,
    "interestExpense": 208000000,
    "depreciationAndAmortization": 0,
    "ebitda": 1467000000,
    "ebitdaratio": 0.0408908462,
    "operatingIncome": 766000000,
    "operatingIncomeRatio": 0.0213513212,
    "totalOtherIncomeExpensesNet": 493000000,
    "incomeBeforeTax": 1259000000,
    "incomeBeforeTaxRatio": 0.0350930985,
    "incomeTaxExpense": 270000000,
    "netIncome": 989000000,
    "netIncomeRatio": 0.0275671758,
    "eps": 0.25,
    "epsdiluted": 0.24,
    "weightedAverageShsOut": 3946000000,
    "weightedAverageShsOutDil": 4094000000,
    "link": "https://www.sec.gov/Archives/edgar/data/37996/000003799614000023/0000037996-14-000023-index.htm",
    "finalLink": "https://www.sec.gov/Archives/edgar/data/37996/000003799614000023/f0331201410-q.htm"
  },
  {
    "date": "2013-12-31",
    "symbol": "F",
    "reportedCurrency": "USD",
    "cik": "0000037996",
    "fillingDate": "2014-02-18",
    "acceptedDate": "2014-02-18 14:09:05",
    "calendarYear": "2013",
    "period": "Q4",
    "revenue": 37036000000,
    "costOfRevenue": 33362000000,
    "grossProfit": 3674000000,
    "grossProfitRatio": 0.0992007776,
    "researchAndDevelopmentExpenses": 0,
    "generalAndAdministrativeExpenses": 0,
    "sellingAndMarketingExpenses": 0,
    "sellingGeneralAndAdministrativeExpenses": 3080000000,
    "otherExpenses": 69000000,
    "operatingExpenses": 3149000000,
    "costAndExpenses": 36511000000,
    "interestIncome": 48000000,
    "interestExpense": 212000000,
    "depreciationAndAmortization": 0,
    "ebitda": 1180000000,
    "ebitdaratio": 0.0318608921,
    "operatingIncome": 525000000,
    "operatingIncomeRatio": 0.0141753969,
    "totalOtherIncomeExpensesNet": 443000000,
    "incomeBeforeTax": 968000000,
    "incomeBeforeTaxRatio": 0.0261367318,
    "incomeTaxExpense": -2061000000,
    "netIncome": 3039000000,
    "netIncomeRatio": 0.0820552975,
    "eps": 0.77,
    "epsdiluted": 0.74,
    "weightedAverageShsOut": 3940500000,
    "weightedAverageShsOutDil": 4090500000,
    "link": "https://www.sec.gov/Archives/edgar/data/37996/000003799614000010/0000037996-14-000010-index.htm",
    "finalLink": "https://www.sec.gov/Archives/edgar/data/37996/000003799614000010/f1231201310k.htm"
  },
  {
    "date": "2013-09-30",
    "symbol": "F",
    "reportedCurrency": "USD",
    "cik": "0000037996",
    "fillingDate": "2013-10-31",
    "acceptedDate": "2013-10-31 11:37:29",
    "calendarYear": "2013",
    "period": "Q3",
    "revenue": 35775000000,
    "costOfRevenue": 30792000000,
    "grossProfit": 4983000000,
    "grossProfitRatio": 0.1392872117,
    "researchAndDevelopmentExpenses": 0,
    "generalAndAdministrativeExpenses": 0,
    "sellingAndMarketingExpenses": 0,
    "sellingGeneralAndAdministrativeExpenses": 3235000000,
    "otherExpenses": 46000000,
    "operatingExpenses": 3281000000,
    "costAndExpenses": 34073000000,
    "interestIncome": 50000000,
    "interestExpense": 204000000,
    "depreciationAndAmortization": 0,
    "ebitda": 2295000000,
    "ebitdaratio": 0.0641509434,
    "operatingIncome": 1702000000,
    "operatingIncomeRatio": 0.0475751223,
    "totalOtherIncomeExpensesNet": 389000000,
    "incomeBeforeTax": 2091000000,
    "incomeBeforeTaxRatio": 0.0584486373,
    "incomeTaxExpense": 818000000,
    "netIncome": 1272000000,
    "netIncomeRatio": 0.0355555556,
    "eps": 0.32,
    "epsdiluted": 0.31,
    "weightedAverageShsOut": 3942000000,
    "weightedAverageShsOutDil": 4096000000,
    "link": "https://www.sec.gov/Archives/edgar/data/37996/000003799613000055/0000037996-13-000055-index.htm",
    "finalLink": "https://www.sec.gov/Archives/edgar/data/37996/000003799613000055/f09302013-10q.htm"
  },
  {
    "date": "2013-06-30",
    "symbol": "F",
    "reportedCurrency": "USD",
    "cik": "0000037996",
    "fillingDate": "2013-07-31",
    "acceptedDate": "2013-07-31 11:29:24",
    "calendarYear": "2013",
    "period": "Q2",
    "revenue": 37923000000,
    "costOfRevenue": 33229000000,
    "grossProfit": 4694000000,
    "grossProfitRatio": 0.1237771273,
    "researchAndDevelopmentExpenses": 0,
    "generalAndAdministrativeExpenses": 0,
    "sellingAndMarketingExpenses": 0,
    "sellingGeneralAndAdministrativeExpenses": 3203000000,
    "otherExpenses": 53000000,
    "operatingExpenses": 3256000000,
    "costAndExpenses": 36485000000,
    "interestIncome": 57000000,
    "interestExpense": 207000000,
    "depreciationAndAmortization": 0,
    "ebitda": 2026000000,
    "ebitdaratio": 0.0534240435,
    "operatingIncome": 1438000000,
    "operatingIncomeRatio": 0.037918941,
    "totalOtherIncomeExpensesNet": 381000000,
    "incomeBeforeTax": 1819000000,
    "incomeBeforeTaxRatio": 0.0479656145,
    "incomeTaxExpense": 585000000,
    "netIncome": 1233000000,
    "netIncomeRatio": 0.0325132505,
    "eps": 0.31,
    "epsdiluted": 0.3,
    "weightedAverageShsOut": 3933000000,
    "weightedAverageShsOutDil": 4084000000,
    "link": "https://www.sec.gov/Archives/edgar/data/37996/000003799613000042/0000037996-13-000042-index.htm",
    "finalLink": "https://www.sec.gov/Archives/edgar/data/37996/000003799613000042/f06302013-10q.htm"
  },
  {
    "date": "2013-03-31",
    "symbol": "F",
    "reportedCurrency": "USD",
    "cik": "0000037996",
    "fillingDate": "2013-05-01",
    "acceptedDate": "2013-05-01 11:57:24",
    "calendarYear": "2013",
    "period": "Q1",
    "revenue": 35649000000,
    "costOfRevenue": 30711000000,
    "grossProfit": 4938000000,
    "grossProfitRatio": 0.1385172095,
    "researchAndDevelopmentExpenses": 0,
    "generalAndAdministrativeExpenses": 0,
    "sellingAndMarketingExpenses": 0,
    "sellingGeneralAndAdministrativeExpenses": 3124000000,
    "otherExpenses": 40000000,
    "operatingExpenses": 3164000000,
    "costAndExpenses": 33875000000,
    "interestIncome": 58000000,
    "interestExpense": 206000000,
    "depreciationAndAmortization": 0,
    "ebitda": 2329000000,
    "ebitdaratio": 0.0653314258,
    "operatingIncome": 1774000000,
    "operatingIncomeRatio": 0.0497629667,
    "totalOtherIncomeExpensesNet": 349000000,
    "incomeBeforeTax": 2123000000,
    "incomeBeforeTaxRatio": 0.0595528626,
    "incomeTaxExpense": 511000000,
    "netIncome": 1611000000,
    "netIncomeRatio": 0.0451906084,
    "eps": 0.41,
    "epsdiluted": 0.4,
    "weightedAverageShsOut": 3923000000,
    "weightedAverageShsOutDil": 4072000000,
    "link": "https://www.sec.gov/Archives/edgar/data/37996/000003799613000027/0000037996-13-000027-index.htm",
    "finalLink": "https://www.sec.gov/Archives/edgar/data/37996/000003799613000027/f03312013-10q.htm"
  },
  {
    "date": "2012-12-31",
    "symbol": "F",
    "reportedCurrency": "USD",
    "cik": "0000037996",
    "fillingDate": "2013-02-19",
    "acceptedDate": "2013-02-19 07:12:51",
    "calendarYear": "2012",
    "period": "Q4",
    "revenue": 36424000000,
    "costOfRevenue": 34527000000,
    "grossProfit": 1897000000,
    "grossProfitRatio": 0.0520810455,
    "researchAndDevelopmentExpenses": 0,
    "generalAndAdministrativeExpenses": 0,
    "sellingAndMarketingExpenses": 0,
    "sellingGeneralAndAdministrativeExpenses": 3408000000,
    "otherExpenses": 86000000,
    "operatingExpenses": 3494000000,
    "costAndExpenses": 38021000000,
    "interestIncome": 68000000,
    "interestExpense": 0,
    "depreciationAndAmortization": 0,
    "ebitda": -405000000,
    "ebitdaratio": -0.0111190424,
    "operatingIncome": -1597000000,
    "operatingIncomeRatio": -0.0438447178,
    "totalOtherIncomeExpensesNet": 3438000000,
    "incomeBeforeTax": 1841000000,
    "incomeBeforeTaxRatio": 0.0505435976,
    "incomeTaxExpense": 246000000,
    "netIncome": 1598000000,
    "netIncomeRatio": 0.0438721722,
    "eps": 0.42,
    "epsdiluted": 0.4,
    "weightedAverageShsOut": 3814500000,
    "weightedAverageShsOutDil": 3993500000,
    "link": "https://www.sec.gov/Archives/edgar/data/37996/000003799613000014/0000037996-13-000014-index.htm",
    "finalLink": "https://www.sec.gov/Archives/edgar/data/37996/000003799613000014/f12312012-10k.htm"
  },
  {
    "date": "2012-09-30",
    "symbol": "F",
    "reportedCurrency": "USD",
    "cik": "0000037996",
    "fillingDate": "2012-11-02",
    "acceptedDate": "2012-11-02 11:33:11",
    "calendarYear": "2012",
    "period": "Q3",
    "revenue": 32172000000,
    "costOfRevenue": 27414000000,
    "grossProfit": 4758000000,
    "grossProfitRatio": 0.1478925774,
    "researchAndDevelopmentExpenses": 0,
    "generalAndAdministrativeExpenses": 0,
    "sellingAndMarketingExpenses": 0,
    "sellingGeneralAndAdministrativeExpenses": 2919000000,
    "otherExpenses": 55000000,
    "operatingExpenses": 2974000000,
    "costAndExpenses": 30388000000,
    "interestIncome": 85000000,
    "interestExpense": 198000000,
    "depreciationAndAmortization": 0,
    "ebitda": 2444000000,
    "ebitdaratio": 0.0759666791,
    "operatingIncome": 1784000000,
    "operatingIncomeRatio": 0.0554519458,
    "totalOtherIncomeExpensesNet": 462000000,
    "incomeBeforeTax": 2246000000,
    "incomeBeforeTaxRatio": 0.0698122591,
    "incomeTaxExpense": 613000000,
    "netIncome": 1631000000,
    "netIncomeRatio": 0.0506962576,
    "eps": 0.43,
    "epsdiluted": 0.41,
    "weightedAverageShsOut": 3814000000,
    "weightedAverageShsOutDil": 3972000000,
    "link": "https://www.sec.gov/Archives/edgar/data/37996/000003799612000049/0000037996-12-000049-index.htm",
    "finalLink": "https://www.sec.gov/Archives/edgar/data/37996/000003799612000049/f09302012-10q.htm"
  },
  {
    "date": "2012-06-30",
    "symbol": "F",
    "reportedCurrency": "USD",
    "cik": "0000037996",
    "fillingDate": "2012-08-03",
    "acceptedDate": "2012-08-03 11:11:00",
    "calendarYear": "2012",
    "period": "Q2",
    "revenue": 33211000000,
    "costOfRevenue": 28668000000,
    "grossProfit": 4543000000,
    "grossProfitRatio": 0.1367920267,
    "researchAndDevelopmentExpenses": 0,
    "generalAndAdministrativeExpenses": 0,
    "sellingAndMarketingExpenses": 0,
    "sellingGeneralAndAdministrativeExpenses": 2983000000,
    "otherExpenses": -23000000,
    "operatingExpenses": 2960000000,
    "costAndExpenses": 31628000000,
    "interestIncome": 86000000,
    "interestExpense": 188000000,
    "depreciationAndAmortization": 0,
    "ebitda": 1783000000,
    "ebitdaratio": 0.0536870314,
    "operatingIncome": 1583000000,
    "operatingIncomeRatio": 0.0476649303,
    "totalOtherIncomeExpensesNet": 12000000,
    "incomeBeforeTax": 1595000000,
    "incomeBeforeTaxRatio": 0.0480262564,
    "incomeTaxExpense": 557000000,
    "netIncome": 1040000000,
    "netIncomeRatio": 0.0313149258,
    "eps": 0.27,
    "epsdiluted": 0.26,
    "weightedAverageShsOut": 3815000000,
    "weightedAverageShsOutDil": 4014000000,
    "link": "https://www.sec.gov/Archives/edgar/data/37996/000003799612000036/0000037996-12-000036-index.htm",
    "finalLink": "https://www.sec.gov/Archives/edgar/data/37996/000003799612000036/f06302012-10q.htm"
  },
  {
    "date": "2012-03-31",
    "symbol": "F",
    "reportedCurrency": "USD",
    "cik": "0000037996",
    "fillingDate": "2012-05-04",
    "acceptedDate": "2012-05-04 11:53:31",
    "calendarYear": "2012",
    "period": "Q1",
    "revenue": 32445000000,
    "costOfRevenue": 27760000000,
    "grossProfit": 4685000000,
    "grossProfitRatio": 0.1443982124,
    "researchAndDevelopmentExpenses": 0,
    "generalAndAdministrativeExpenses": 0,
    "sellingAndMarketingExpenses": 0,
    "sellingGeneralAndAdministrativeExpenses": 2878000000,
    "otherExpenses": -16000000,
    "operatingExpenses": 2862000000,
    "costAndExpenses": 30622000000,
    "interestIncome": 103000000,
    "interestExpense": 185000000,
    "depreciationAndAmortization": 0,
    "ebitda": 2223000000,
    "ebitdaratio": 0.0685159501,
    "operatingIncome": 1823000000,
    "operatingIncomeRatio": 0.0561873941,
    "totalOtherIncomeExpensesNet": 215000000,
    "incomeBeforeTax": 2038000000,
    "incomeBeforeTaxRatio": 0.0628139929,
    "incomeTaxExpense": 640000000,
    "netIncome": 1396000000,
    "netIncomeRatio": 0.0430266605,
    "eps": 0.37,
    "epsdiluted": 0.35,
    "weightedAverageShsOut": 3803000000,
    "weightedAverageShsOutDil": 4055000000,
    "link": "https://www.sec.gov/Archives/edgar/data/37996/000003799612000023/0000037996-12-000023-index.htm",
    "finalLink": "https://www.sec.gov/Archives/edgar/data/37996/000003799612000023/f03312012-10q.htm"
  },
  {
    "date": "2011-12-31",
    "symbol": "F",
    "reportedCurrency": "USD",
    "cik": "0000037996",
    "fillingDate": "2012-02-21",
    "acceptedDate": "2012-02-21 15:45:59",
    "calendarYear": "2011",
    "period": "Q4",
    "revenue": 34576000000,
    "costOfRevenue": 29699000000,
    "grossProfit": 4877000000,
    "grossProfitRatio": 0.1410515965,
    "researchAndDevelopmentExpenses": 0,
    "generalAndAdministrativeExpenses": 0,
    "sellingAndMarketingExpenses": 0,
    "sellingGeneralAndAdministrativeExpenses": 3076000000,
    "otherExpenses": 28000000,
    "operatingExpenses": 3104000000,
    "costAndExpenses": 32803000000,
    "interestIncome": 180000000,
    "interestExpense": 1034000000,
    "depreciationAndAmortization": 0,
    "ebitda": 2487000000,
    "ebitdaratio": 0.0719285053,
    "operatingIncome": 1773000000,
    "operatingIncomeRatio": 0.0512783434,
    "totalOtherIncomeExpensesNet": -320000000,
    "incomeBeforeTax": 1453000000,
    "incomeBeforeTaxRatio": 0.0420233688,
    "incomeTaxExpense": -12161000000,
    "netIncome": 13615000000,
    "netIncomeRatio": 0.3937702453,
    "eps": 3.61,
    "epsdiluted": 3.36,
    "weightedAverageShsOut": 3798000000,
    "weightedAverageShsOutDil": 4083000000,
    "link": "https://www.sec.gov/Archives/edgar/data/37996/000003799612000007/0000037996-12-000007-index.htm",
    "finalLink": "https://www.sec.gov/Archives/edgar/data/37996/000003799612000007/f12312011-10k.htm"
  },
  {
    "date": "2011-09-30",
    "symbol": "F",
    "reportedCurrency": "USD",
    "cik": "0000037996",
    "fillingDate": "2011-11-04",
    "acceptedDate": "2011-11-04 12:14:42",
    "calendarYear": "2011",
    "period": "Q3",
    "revenue": 33047000000,
    "costOfRevenue": 27617000000,
    "grossProfit": 5430000000,
    "grossProfitRatio": 0.1643114352,
    "researchAndDevelopmentExpenses": 0,
    "generalAndAdministrativeExpenses": 0,
    "sellingAndMarketingExpenses": 0,
    "sellingGeneralAndAdministrativeExpenses": 2861000000,
    "otherExpenses": 0,
    "operatingExpenses": 2861000000,
    "costAndExpenses": 30478000000,
    "interestIncome": 130000000,
    "interestExpense": 1096000000,
    "depreciationAndAmortization": 0,
    "ebitda": 2942000000,
    "ebitdaratio": 0.0890247224,
    "operatingIncome": 2569000000,
    "operatingIncomeRatio": 0.0777377674,
    "totalOtherIncomeExpensesNet": -723000000,
    "incomeBeforeTax": 1846000000,
    "incomeBeforeTaxRatio": 0.055859836,
    "incomeTaxExpense": 194000000,
    "netIncome": 1649000000,
    "netIncomeRatio": 0.0498986292,
    "eps": 0.43,
    "epsdiluted": 0.41,
    "weightedAverageShsOut": 3800000000,
    "weightedAverageShsOutDil": 4031000000,
    "link": "https://www.sec.gov/Archives/edgar/data/37996/000003799611000016/0000037996-11-000016-index.htm",
    "finalLink": "https://www.sec.gov/Archives/edgar/data/37996/000003799611000016/f09302011-10q.htm"
  },
  {
    "date": "2011-06-30",
    "symbol": "F",
    "reportedCurrency": "USD",
    "cik": "0000037996",
    "fillingDate": "2011-08-05",
    "acceptedDate": "2011-08-05 12:01:58",
    "calendarYear": "2011",
    "period": "Q2",
    "revenue": 35527000000,
    "costOfRevenue": 29253000000,
    "grossProfit": 6274000000,
    "grossProfitRatio": 0.1765980803,
    "researchAndDevelopmentExpenses": 0,
    "generalAndAdministrativeExpenses": 0,
    "sellingAndMarketingExpenses": 0,
    "sellingGeneralAndAdministrativeExpenses": 2907000000,
    "otherExpenses": 21000000,
    "operatingExpenses": 2928000000,
    "costAndExpenses": 32181000000,
    "interestIncome": 105000000,
    "interestExpense": 1127000000,
    "depreciationAndAmortization": 0,
    "ebitda": 3733000000,
    "ebitdaratio": 0.1050750134,
    "operatingIncome": 3346000000,
    "operatingIncomeRatio": 0.0941818898,
    "totalOtherIncomeExpensesNet": -740000000,
    "incomeBeforeTax": 2606000000,
    "incomeBeforeTaxRatio": 0.0733526614,
    "incomeTaxExpense": 206000000,
    "netIncome": 2398000000,
    "netIncomeRatio": 0.0674979593,
    "eps": 0.63,
    "epsdiluted": 0.59,
    "weightedAverageShsOut": 3799000000,
    "weightedAverageShsOutDil": 4102000000,
    "link": "https://www.sec.gov/Archives/edgar/data/37996/000003799611000004/0000037996-11-000004-index.htm",
    "finalLink": "https://www.sec.gov/Archives/edgar/data/37996/000003799611000004/f06302011-10q.htm"
  },
  {
    "date": "2011-03-31",
    "symbol": "F",
    "reportedCurrency": "USD",
    "cik": "0000037996",
    "fillingDate": "2011-05-10",
    "acceptedDate": "2011-05-10 16:46:52",
    "calendarYear": "2011",
    "period": "Q1",
    "revenue": 33114000000,
    "costOfRevenue": 26776000000,
    "grossProfit": 6338000000,
    "grossProfitRatio": 0.1913994081,
    "researchAndDevelopmentExpenses": 0,
    "generalAndAdministrativeExpenses": 0,
    "sellingAndMarketingExpenses": 0,
    "sellingGeneralAndAdministrativeExpenses": 2734000000,
    "otherExpenses": 0,
    "operatingExpenses": 2734000000,
    "costAndExpenses": 29510000000,
    "interestIncome": 109000000,
    "interestExpense": 1174000000,
    "depreciationAndAmortization": 0,
    "ebitda": 3950000000,
    "ebitdaratio": 0.1192848946,
    "operatingIncome": 3604000000,
    "operatingIncomeRatio": 0.1088361418,
    "totalOtherIncomeExpensesNet": -828000000,
    "incomeBeforeTax": 2776000000,
    "incomeBeforeTaxRatio": 0.083831612,
    "incomeTaxExpense": 220000000,
    "netIncome": 2551000000,
    "netIncomeRatio": 0.0770369028,
    "eps": 0.68,
    "epsdiluted": 0.61,
    "weightedAverageShsOut": 3771000000,
    "weightedAverageShsOutDil": 4266000000,
    "link": "https://www.sec.gov/Archives/edgar/data/37996/000115752311002989/0001157523-11-002989-index.htm",
    "finalLink": "https://www.sec.gov/Archives/edgar/data/37996/000115752311002989/a6708785.htm"
  },
  {
    "date": "2010-12-31",
    "symbol": "F",
    "reportedCurrency": "USD",
    "cik": "0000037996",
    "fillingDate": "2011-02-28",
    "acceptedDate": "2011-02-28 07:33:42",
    "calendarYear": "2010",
    "period": "Q4",
    "revenue": 32428000000,
    "costOfRevenue": 27251000000,
    "grossProfit": 5177000000,
    "grossProfitRatio": 0.159645985,
    "researchAndDevelopmentExpenses": 0,
    "generalAndAdministrativeExpenses": 0,
    "sellingAndMarketingExpenses": 0,
    "sellingGeneralAndAdministrativeExpenses": 3029000000,
    "otherExpenses": 0,
    "operatingExpenses": 3029000000,
    "costAndExpenses": 30280000000,
    "interestIncome": 47000000,
    "interestExpense": 1554000000,
    "depreciationAndAmortization": 0,
    "ebitda": 1834000000,
    "ebitdaratio": 0.0565560627,
    "operatingIncome": 2148000000,
    "operatingIncomeRatio": 0.0662390527,
    "totalOtherIncomeExpensesNet": -1868000000,
    "incomeBeforeTax": 280000000,
    "incomeBeforeTaxRatio": 0.0086345134,
    "incomeTaxExpense": 92000000,
    "netIncome": 190000000,
    "netIncomeRatio": 0.0058591341,
    "eps": 0.16,
    "epsdiluted": 0.14,
    "weightedAverageShsOut": 3610000000,
    "weightedAverageShsOutDil": 4222000000,
    "link": "https://www.sec.gov/Archives/edgar/data/37996/000115752311001210/0001157523-11-001210-index.htm",
    "finalLink": "https://www.sec.gov/Archives/edgar/data/37996/000115752311001210/a6622311.htm"
  },
  {
    "date": "2010-09-30",
    "symbol": "F",
    "reportedCurrency": "USD",
    "cik": "0000037996",
    "fillingDate": "2010-11-08",
    "acceptedDate": "2010-11-08 12:13:47",
    "calendarYear": "2010",
    "period": "Q3",
    "revenue": 29893000000,
    "costOfRevenue": 24233000000,
    "grossProfit": 5660000000,
    "grossProfitRatio": 0.1893419864,
    "researchAndDevelopmentExpenses": 0,
    "generalAndAdministrativeExpenses": 0,
    "sellingAndMarketingExpenses": 0,
    "sellingGeneralAndAdministrativeExpenses": 2654000000,
    "otherExpenses": -36000000,
    "operatingExpenses": 2618000000,
    "costAndExpenses": 26851000000,
    "interestIncome": 71000000,
    "interestExpense": 1469000000,
    "depreciationAndAmortization": 0,
    "ebitda": 3356000000,
    "ebitdaratio": 0.1122670859,
    "operatingIncome": 3042000000,
    "operatingIncomeRatio": 0.1017629545,
    "totalOtherIncomeExpensesNet": -1155000000,
    "incomeBeforeTax": 1887000000,
    "incomeBeforeTaxRatio": 0.0631251464,
    "incomeTaxExpense": 199000000,
    "netIncome": 1687000000,
    "netIncomeRatio": 0.0564346168,
    "eps": 0.49,
    "epsdiluted": 0.43,
    "weightedAverageShsOut": 3446000000,
    "weightedAverageShsOutDil": 4174000000,
    "link": "https://www.sec.gov/Archives/edgar/data/37996/000115752310006707/0001157523-10-006707-index.htm",
    "finalLink": "https://www.sec.gov/Archives/edgar/data/37996/000115752310006707/a6499435.htm"
  },
  {
    "date": "2010-06-30",
    "symbol": "F",
    "reportedCurrency": "USD",
    "cik": "0000037996",
    "fillingDate": "2010-08-06",
    "acceptedDate": "2010-08-06 11:50:07",
    "calendarYear": "2010",
    "period": "Q2",
    "revenue": 35067000000,
    "costOfRevenue": 27828000000,
    "grossProfit": 7239000000,
    "grossProfitRatio": 0.2064333989,
    "researchAndDevelopmentExpenses": 0,
    "generalAndAdministrativeExpenses": 0,
    "sellingAndMarketingExpenses": 0,
    "sellingGeneralAndAdministrativeExpenses": 3137000000,
    "otherExpenses": -131000000,
    "operatingExpenses": 3006000000,
    "costAndExpenses": 30834000000,
    "interestIncome": 60000000,
    "interestExpense": 1636000000,
    "depreciationAndAmortization": 0,
    "ebitda": 4483000000,
    "ebitdaratio": 0.1278409901,
    "operatingIncome": 4233000000,
    "operatingIncomeRatio": 0.1207117803,
    "totalOtherIncomeExpensesNet": -1386000000,
    "incomeBeforeTax": 2847000000,
    "incomeBeforeTaxRatio": 0.0811874412,
    "incomeTaxExpense": 251000000,
    "netIncome": 2599000000,
    "netIncomeRatio": 0.0741152651,
    "eps": 0.76,
    "epsdiluted": 0.61,
    "weightedAverageShsOut": 3411000000,
    "weightedAverageShsOutDil": 4610000000,
    "link": "https://www.sec.gov/Archives/edgar/data/37996/000115752310004856/0001157523-10-004856-index.htm",
    "finalLink": "https://www.sec.gov/Archives/edgar/data/37996/000115752310004856/a6384925.htm"
  },
  {
    "date": "2010-03-31",
    "symbol": "F",
    "reportedCurrency": "USD",
    "cik": "0000037996",
    "fillingDate": "2010-05-07",
    "acceptedDate": "2010-05-07 13:14:03",
    "calendarYear": "2010",
    "period": "Q1",
    "revenue": 31566000000,
    "costOfRevenue": 25139000000,
    "grossProfit": 6427000000,
    "grossProfitRatio": 0.2036051448,
    "researchAndDevelopmentExpenses": 0,
    "generalAndAdministrativeExpenses": 0,
    "sellingAndMarketingExpenses": 0,
    "sellingGeneralAndAdministrativeExpenses": 3089000000,
    "otherExpenses": 0,
    "operatingExpenses": 3089000000,
    "costAndExpenses": 28228000000,
    "interestIncome": 63000000,
    "interestExpense": 1701000000,
    "depreciationAndAmortization": 0,
    "ebitda": 3836000000,
    "ebitdaratio": 0.1215231578,
    "operatingIncome": 3338000000,
    "operatingIncomeRatio": 0.1057466895,
    "totalOtherIncomeExpensesNet": -1203000000,
    "incomeBeforeTax": 2135000000,
    "incomeBeforeTaxRatio": 0.0676360641,
    "incomeTaxExpense": 50000000,
    "netIncome": 2085000000,
    "netIncomeRatio": 0.0660520814,
    "eps": 0.62,
    "epsdiluted": 0.5,
    "weightedAverageShsOut": 3365000000,
    "weightedAverageShsOutDil": 4569000000,
    "link": "https://www.sec.gov/Archives/edgar/data/37996/000115752310002965/0001157523-10-002965-index.htm",
    "finalLink": "https://www.sec.gov/Archives/edgar/data/37996/000115752310002965/a6257555.htm"
  },
  {
    "date": "2009-12-31",
    "symbol": "F",
    "reportedCurrency": "USD",
    "cik": "0000037996",
    "fillingDate": "2010-02-25",
    "acceptedDate": "2010-02-25 14:03:27",
    "calendarYear": "2009",
    "period": "Q4",
    "revenue": 35449000000,
    "costOfRevenue": 29732000000,
    "grossProfit": 5717000000,
    "grossProfitRatio": 0.1612739428,
    "researchAndDevelopmentExpenses": 0,
    "generalAndAdministrativeExpenses": 0,
    "sellingAndMarketingExpenses": 0,
    "sellingGeneralAndAdministrativeExpenses": 3290000000,
    "otherExpenses": 0,
    "operatingExpenses": 3290000000,
    "costAndExpenses": 33022000000,
    "interestIncome": 5409000000,
    "interestExpense": 637000000,
    "depreciationAndAmortization": 0,
    "ebitda": 1697000000,
    "ebitdaratio": 0.0478715902,
    "operatingIncome": 2427000000,
    "operatingIncomeRatio": 0.0684645547,
    "totalOtherIncomeExpensesNet": -1367000000,
    "incomeBeforeTax": 1060000000,
    "incomeBeforeTaxRatio": 0.0299021129,
    "incomeTaxExpense": 109000000,
    "netIncome": 886000000,
    "netIncomeRatio": 0.0249936529,
    "eps": 0.28,
    "epsdiluted": 0.22,
    "weightedAverageShsOut": 3178000000,
    "weightedAverageShsOutDil": 3940500000,
    "link": "https://www.sec.gov/Archives/edgar/data/37996/000115752310001218/0001157523-10-001218-index.htm",
    "finalLink": "https://www.sec.gov/Archives/edgar/data/37996/000115752310001218/a6182308.htm"
  },
  {
    "date": "2009-09-30",
    "symbol": "F",
    "reportedCurrency": "USD",
    "cik": "0000037996",
    "fillingDate": "2009-11-06",
    "acceptedDate": "2009-11-06 14:06:44",
    "calendarYear": "2009",
    "period": "Q3",
    "revenue": 30272000000,
    "costOfRevenue": 24817000000,
    "grossProfit": 5455000000,
    "grossProfitRatio": 0.1801995243,
    "researchAndDevelopmentExpenses": 0,
    "generalAndAdministrativeExpenses": 0,
    "sellingAndMarketingExpenses": 0,
    "sellingGeneralAndAdministrativeExpenses": 3005000000,
    "otherExpenses": 0,
    "operatingExpenses": 3005000000,
    "costAndExpenses": 27822000000,
    "interestIncome": 131000000,
    "interestExpense": 1738000000,
    "depreciationAndAmortization": 0,
    "ebitda": 2850000000,
    "ebitdaratio": 0.0941464059,
    "operatingIncome": 2450000000,
    "operatingIncomeRatio": 0.0809328753,
    "totalOtherIncomeExpensesNet": -1338000000,
    "incomeBeforeTax": 1112000000,
    "incomeBeforeTaxRatio": 0.0367336152,
    "incomeTaxExpense": 99000000,
    "netIncome": 997000000,
    "netIncomeRatio": 0.0329347252,
    "eps": 0.31,
    "epsdiluted": 0.29,
    "weightedAverageShsOut": 3259000000,
    "weightedAverageShsOutDil": 3587000000,
    "link": "https://www.sec.gov/Archives/edgar/data/37996/000114036109025042/0001140361-09-025042-index.htm",
    "finalLink": "https://www.sec.gov/Archives/edgar/data/37996/000114036109025042/form10q.htm"
  },
  {
    "date": "2009-06-30",
    "symbol": "F",
    "reportedCurrency": "USD",
    "cik": "0000037996",
    "fillingDate": "2009-08-05",
    "acceptedDate": "2009-08-05 12:00:40",
    "calendarYear": "2009",
    "period": "Q2",
    "revenue": 26810000000,
    "costOfRevenue": 23346000000,
    "grossProfit": 3464000000,
    "grossProfitRatio": 0.1292055203,
    "researchAndDevelopmentExpenses": 0,
    "generalAndAdministrativeExpenses": 0,
    "sellingAndMarketingExpenses": 0,
    "sellingGeneralAndAdministrativeExpenses": 3110000000,
    "otherExpenses": 419000000,
    "operatingExpenses": 3529000000,
    "costAndExpenses": 26875000000,
    "interestIncome": 238000000,
    "interestExpense": 1679000000,
    "depreciationAndAmortization": 0,
    "ebitda": 3920000000,
    "ebitdaratio": 0.1462140992,
    "operatingIncome": -65000000,
    "operatingIncomeRatio": -0.0024244685,
    "totalOtherIncomeExpensesNet": 2306000000,
    "incomeBeforeTax": 2241000000,
    "incomeBeforeTaxRatio": 0.0835882134,
    "incomeTaxExpense": -15000000,
    "netIncome": 2261000000,
    "netIncomeRatio": 0.0843342037,
    "eps": 0.75,
    "epsdiluted": 0.69,
    "weightedAverageShsOut": 3002000000,
    "weightedAverageShsOutDil": 3352000000,
    "link": "https://www.sec.gov/Archives/edgar/data/37996/000114036109017928/0001140361-09-017928-index.htm",
    "finalLink": "https://www.sec.gov/Archives/edgar/data/37996/000114036109017928/form10q.htm"
  },
  {
    "date": "2009-03-31",
    "symbol": "F",
    "reportedCurrency": "USD",
    "cik": "0000037996",
    "fillingDate": "2009-05-08",
    "acceptedDate": "2009-05-08 16:04:54",
    "calendarYear": "2009",
    "period": "Q1",
    "revenue": 24390000000,
    "costOfRevenue": 21413000000,
    "grossProfit": 2977000000,
    "grossProfitRatio": 0.1220582206,
    "researchAndDevelopmentExpenses": 0,
    "generalAndAdministrativeExpenses": 0,
    "sellingAndMarketingExpenses": 0,
    "sellingGeneralAndAdministrativeExpenses": 3692000000,
    "otherExpenses": 402000000,
    "operatingExpenses": 4094000000,
    "costAndExpenses": 25507000000,
    "interestIncome": 175000000,
    "interestExpense": 1921000000,
    "depreciationAndAmortization": 0,
    "ebitda": 259000000,
    "ebitdaratio": 0.0106191062,
    "operatingIncome": -1117000000,
    "operatingIncomeRatio": -0.045797458,
    "totalOtherIncomeExpensesNet": -545000000,
    "incomeBeforeTax": -1662000000,
    "incomeBeforeTaxRatio": -0.0681426814,
    "incomeTaxExpense": -227000000,
    "netIncome": -1427000000,
    "netIncomeRatio": -0.0585075851,
    "eps": -0.6,
    "epsdiluted": -0.6,
    "weightedAverageShsOut": 2397000000,
    "weightedAverageShsOutDil": 2397000000,
    "link": "https://www.sec.gov/Archives/edgar/data/37996/000114036109011558/0001140361-09-011558-index.htm",
    "finalLink": "https://www.sec.gov/Archives/edgar/data/37996/000114036109011558/form10q.htm"
  },
  {
    "date": "2008-12-31",
    "symbol": "F",
    "reportedCurrency": "USD",
    "cik": "0000037996",
    "fillingDate": "2009-02-26",
    "acceptedDate": "2009-02-26 06:17:07",
    "calendarYear": "2008",
    "period": "Q4",
    "revenue": 29192000000,
    "costOfRevenue": 26653000000,
    "grossProfit": 2539000000,
    "grossProfitRatio": 0.0869758838,
    "researchAndDevelopmentExpenses": 0,
    "generalAndAdministrativeExpenses": 0,
    "sellingAndMarketingExpenses": 0,
    "sellingGeneralAndAdministrativeExpenses": 4456000000,
    "otherExpenses": 0,
    "operatingExpenses": 4456000000,
    "costAndExpenses": 31109000000,
    "interestIncome": 0,
    "interestExpense": 2754000000,
    "depreciationAndAmortization": 0,
    "ebitda": -2396000000,
    "ebitdaratio": -0.0820772814,
    "operatingIncome": -1917000000,
    "operatingIncomeRatio": -0.0656686763,
    "totalOtherIncomeExpensesNet": -3233000000,
    "incomeBeforeTax": -5150000000,
    "incomeBeforeTaxRatio": -0.1764181968,
    "incomeTaxExpense": 874000000,
    "netIncome": -5976000000,
    "netIncomeRatio": -0.2047136202,
    "eps": -2.56,
    "epsdiluted": -2.56,
    "weightedAverageShsOut": 2335000000,
    "weightedAverageShsOutDil": 2335000000,
    "link": "https://www.sec.gov/Archives/edgar/data/37996/000114036109005071/0001140361-09-005071-index.htm",
    "finalLink": "https://www.sec.gov/Archives/edgar/data/37996/000114036109005071/form10k.htm"
  },
  {
    "date": "2008-09-30",
    "symbol": "F",
    "reportedCurrency": "USD",
    "cik": "0000037996",
    "fillingDate": "2008-11-07",
    "acceptedDate": "2008-11-07 16:50:59",
    "calendarYear": "2008",
    "period": "Q3",
    "revenue": 31746000000,
    "costOfRevenue": 25001000000,
    "grossProfit": 6745000000,
    "grossProfitRatio": 0.2124677125,
    "researchAndDevelopmentExpenses": 0,
    "generalAndAdministrativeExpenses": 0,
    "sellingAndMarketingExpenses": 0,
    "sellingGeneralAndAdministrativeExpenses": 4575000000,
    "otherExpenses": 0,
    "operatingExpenses": 4575000000,
    "costAndExpenses": 29576000000,
    "interestIncome": 300000000,
    "interestExpense": 2812000000,
    "depreciationAndAmortization": 0,
    "ebitda": 2239000000,
    "ebitdaratio": 0.0705285705,
    "operatingIncome": 2170000000,
    "operatingIncomeRatio": 0.0683550684,
    "totalOtherIncomeExpensesNet": -2743000000,
    "incomeBeforeTax": -573000000,
    "incomeBeforeTaxRatio": -0.018049518,
    "incomeTaxExpense": -463000000,
    "netIncome": -161000000,
    "netIncomeRatio": -0.0050715051,
    "eps": -0.0706,
    "epsdiluted": -0.0706,
    "weightedAverageShsOut": 2279000000,
    "weightedAverageShsOutDil": 2279000000,
    "link": "https://www.sec.gov/Archives/edgar/data/37996/000114036108024745/0001140361-08-024745-index.htm",
    "finalLink": "https://www.sec.gov/Archives/edgar/data/37996/000114036108024745/form10q.htm"
  },
  {
    "date": "2008-06-30",
    "symbol": "F",
    "reportedCurrency": "USD",
    "cik": "0000037996",
    "fillingDate": "2008-08-08",
    "acceptedDate": "2008-08-08 09:48:42",
    "calendarYear": "2008",
    "period": "Q2",
    "revenue": 41102000000,
    "costOfRevenue": 39994000000,
    "grossProfit": 1108000000,
    "grossProfitRatio": 0.0269573257,
    "researchAndDevelopmentExpenses": 0,
    "generalAndAdministrativeExpenses": 0,
    "sellingAndMarketingExpenses": 0,
    "sellingGeneralAndAdministrativeExpenses": 7305000000,
    "otherExpenses": 598000000,
    "operatingExpenses": 7903000000,
    "costAndExpenses": 47897000000,
    "interestIncome": 406000000,
    "interestExpense": 2442000000,
    "depreciationAndAmortization": 0,
    "ebitda": -6617000000,
    "ebitdaratio": -0.1609897329,
    "operatingIncome": -6795000000,
    "operatingIncomeRatio": -0.1653204224,
    "totalOtherIncomeExpensesNet": -2264000000,
    "incomeBeforeTax": -9059000000,
    "incomeBeforeTaxRatio": -0.2204029001,
    "incomeTaxExpense": -443000000,
    "netIncome": -8697000000,
    "netIncomeRatio": -0.2115955428,
    "eps": -3.89,
    "epsdiluted": -3.89,
    "weightedAverageShsOut": 2237000000,
    "weightedAverageShsOutDil": 2237000000,
    "link": "https://www.sec.gov/Archives/edgar/data/37996/000114036108018630/0001140361-08-018630-index.htm",
    "finalLink": "https://www.sec.gov/Archives/edgar/data/37996/000114036108018630/form10q.htm"
  },
  {
    "date": "2008-03-31",
    "symbol": "F",
    "reportedCurrency": "USD",
    "cik": "0000037996",
    "fillingDate": "2008-05-07",
    "acceptedDate": "2008-05-07 13:45:37",
    "calendarYear": "2008",
    "period": "Q1",
    "revenue": 43292000000,
    "costOfRevenue": 35456000000,
    "grossProfit": 7836000000,
    "grossProfitRatio": 0.1810034186,
    "researchAndDevelopmentExpenses": 0,
    "generalAndAdministrativeExpenses": 0,
    "sellingAndMarketingExpenses": 0,
    "sellingGeneralAndAdministrativeExpenses": 5094000000,
    "otherExpenses": 344000000,
    "operatingExpenses": 5438000000,
    "costAndExpenses": 40894000000,
    "interestIncome": 229000000,
    "interestExpense": 2575000000,
    "depreciationAndAmortization": 0,
    "ebitda": 2861000000,
    "ebitdaratio": 0.0660861129,
    "operatingIncome": 2398000000,
    "operatingIncomeRatio": 0.0553912963,
    "totalOtherIncomeExpensesNet": -2112000000,
    "incomeBeforeTax": 286000000,
    "incomeBeforeTaxRatio": 0.0066063014,
    "incomeTaxExpense": 95000000,
    "netIncome": 70000000,
    "netIncomeRatio": 0.0016169269,
    "eps": 0.03,
    "epsdiluted": 0.03,
    "weightedAverageShsOut": 2188000000,
    "weightedAverageShsOutDil": 2208000000,
    "link": "https://www.sec.gov/Archives/edgar/data/37996/000114036108011356/0001140361-08-011356-index.htm",
    "finalLink": "https://www.sec.gov/Archives/edgar/data/37996/000114036108011356/form10q.htm"
  },
  {
    "date": "2007-12-31",
    "symbol": "F",
    "reportedCurrency": "USD",
    "cik": "0000037996",
    "fillingDate": "2008-02-27",
    "acceptedDate": "2008-02-27 16:16:58",
    "calendarYear": "2007",
    "period": "Q4",
    "revenue": 44116000000,
    "costOfRevenue": 38452000000,
    "grossProfit": 5664000000,
    "grossProfitRatio": 0.1283887932,
    "researchAndDevelopmentExpenses": 0,
    "generalAndAdministrativeExpenses": 0,
    "sellingAndMarketingExpenses": 0,
    "sellingGeneralAndAdministrativeExpenses": 5341000000,
    "otherExpenses": 0,
    "operatingExpenses": 5341000000,
    "costAndExpenses": 43793000000,
    "interestIncome": 489000000,
    "interestExpense": 2717000000,
    "depreciationAndAmortization": 0,
    "ebitda": -1755000000,
    "ebitdaratio": -0.0397814852,
    "operatingIncome": 323000000,
    "operatingIncomeRatio": 0.0073216067,
    "totalOtherIncomeExpensesNet": -4795000000,
    "incomeBeforeTax": -4472000000,
    "incomeBeforeTaxRatio": -0.1013691178,
    "incomeTaxExpense": -1761000000,
    "netIncome": -2811000000,
    "netIncomeRatio": -0.0637183788,
    "eps": -1.35,
    "epsdiluted": -1.34,
    "weightedAverageShsOut": 2083500000,
    "weightedAverageShsOutDil": 2093500000,
    "link": "https://www.sec.gov/Archives/edgar/data/37996/000114036108005181/0001140361-08-005181-index.htm",
    "finalLink": "https://www.sec.gov/Archives/edgar/data/37996/000114036108005181/form10k.htm"
  },
  {
    "date": "2007-09-30",
    "symbol": "F",
    "reportedCurrency": "USD",
    "cik": "0000037996",
    "fillingDate": "2007-11-08",
    "acceptedDate": "2007-11-08 16:07:22",
    "calendarYear": "2007",
    "period": "Q3",
    "revenue": 41078000000,
    "costOfRevenue": 33238000000,
    "grossProfit": 7840000000,
    "grossProfitRatio": 0.1908564195,
    "researchAndDevelopmentExpenses": 0,
    "generalAndAdministrativeExpenses": 0,
    "sellingAndMarketingExpenses": 0,
    "sellingGeneralAndAdministrativeExpenses": 4904000000,
    "otherExpenses": 0,
    "operatingExpenses": 4904000000,
    "costAndExpenses": 38142000000,
    "interestIncome": 0,
    "interestExpense": 2949000000,
    "depreciationAndAmortization": 0,
    "ebitda": 2793000000,
    "ebitdaratio": 0.0679925994,
    "operatingIncome": 2936000000,
    "operatingIncomeRatio": 0.0714737816,
    "totalOtherIncomeExpensesNet": -3092000000,
    "incomeBeforeTax": -156000000,
    "incomeBeforeTaxRatio": -0.0037976532,
    "incomeTaxExpense": 162000000,
    "netIncome": -380000000,
    "netIncomeRatio": -0.0092506938,
    "eps": -0.19,
    "epsdiluted": -0.19,
    "weightedAverageShsOut": 2003000000,
    "weightedAverageShsOutDil": 2003000000,
    "link": "https://www.sec.gov/Archives/edgar/data/37996/000114036107021358/0001140361-07-021358-index.htm",
    "finalLink": "https://www.sec.gov/Archives/edgar/data/37996/000114036107021358/form10-q.htm"
  },
  {
    "date": "2007-06-30",
    "symbol": "F",
    "reportedCurrency": "USD",
    "cik": "0000037996",
    "fillingDate": "2007-08-07",
    "acceptedDate": "2007-08-07 15:07:19",
    "calendarYear": "2007",
    "period": "Q2",
    "revenue": 44242000000,
    "costOfRevenue": 36303000000,
    "grossProfit": 7939000000,
    "grossProfitRatio": 0.1794448714,
    "researchAndDevelopmentExpenses": 0,
    "generalAndAdministrativeExpenses": 0,
    "sellingAndMarketingExpenses": 0,
    "sellingGeneralAndAdministrativeExpenses": 4952000000,
    "otherExpenses": 0,
    "operatingExpenses": 4952000000,
    "costAndExpenses": 41255000000,
    "interestIncome": 0,
    "interestExpense": 0,
    "depreciationAndAmortization": 0,
    "ebitda": 2987000000,
    "ebitdaratio": 0.067515031,
    "operatingIncome": 2987000000,
    "operatingIncomeRatio": 0.067515031,
    "totalOtherIncomeExpensesNet": -2061000000,
    "incomeBeforeTax": 926000000,
    "incomeBeforeTaxRatio": 0.0209303377,
    "incomeTaxExpense": 123000000,
    "netIncome": 750000000,
    "netIncomeRatio": 0.0169522174,
    "eps": 0.4,
    "epsdiluted": 0.31,
    "weightedAverageShsOut": 1875000000,
    "weightedAverageShsOutDil": 2419354839,
    "link": "https://www.sec.gov/Archives/edgar/data/37996/000114036107015530/0001140361-07-015530-index.htm",
    "finalLink": "https://www.sec.gov/Archives/edgar/data/37996/000114036107015530/form10q.htm"
  },
  {
    "date": "2007-03-31",
    "symbol": "F",
    "reportedCurrency": "USD",
    "cik": "0000037996",
    "fillingDate": "2007-05-09",
    "acceptedDate": "2007-05-09 13:25:09",
    "calendarYear": "2007",
    "period": "Q1",
    "revenue": 43005000000,
    "costOfRevenue": 34774000000,
    "grossProfit": 8231000000,
    "grossProfitRatio": 0.1913963493,
    "researchAndDevelopmentExpenses": 0,
    "generalAndAdministrativeExpenses": 0,
    "sellingAndMarketingExpenses": 0,
    "sellingGeneralAndAdministrativeExpenses": 5964000000,
    "otherExpenses": 0,
    "operatingExpenses": 5964000000,
    "costAndExpenses": 40738000000,
    "interestIncome": 0,
    "interestExpense": 0,
    "depreciationAndAmortization": 0,
    "ebitda": 2267000000,
    "ebitdaratio": 0.0527148006,
    "operatingIncome": 2267000000,
    "operatingIncomeRatio": 0.0527148006,
    "totalOtherIncomeExpensesNet": -2313000000,
    "incomeBeforeTax": -46000000,
    "incomeBeforeTaxRatio": -0.0010696431,
    "incomeTaxExpense": 181000000,
    "netIncome": -282000000,
    "netIncomeRatio": -0.006557377,
    "eps": -0.15,
    "epsdiluted": -0.15,
    "weightedAverageShsOut": 1880000000,
    "weightedAverageShsOutDil": 1880000000,
    "link": "https://www.sec.gov/Archives/edgar/data/37996/000114036107009438/0001140361-07-009438-index.htm",
    "finalLink": "https://www.sec.gov/Archives/edgar/data/37996/000114036107009438/form10q.htm"
  },
  {
    "date": "2006-12-31",
    "symbol": "F",
    "reportedCurrency": "USD",
    "cik": "0000037996",
    "fillingDate": "2007-02-28",
    "acceptedDate": "2007-02-28 16:51:44",
    "calendarYear": "2006",
    "period": "Q4",
    "revenue": 40318000000,
    "costOfRevenue": 38529000000,
    "grossProfit": 1789000000,
    "grossProfitRatio": 0.0443722407,
    "researchAndDevelopmentExpenses": 0,
    "generalAndAdministrativeExpenses": 0,
    "sellingAndMarketingExpenses": 0,
    "sellingGeneralAndAdministrativeExpenses": 5257000000,
    "otherExpenses": 0,
    "operatingExpenses": 5257000000,
    "costAndExpenses": 43786000000,
    "interestIncome": 0,
    "interestExpense": 0,
    "depreciationAndAmortization": 0,
    "ebitda": -3468000000,
    "ebitdaratio": -0.0860161714,
    "operatingIncome": -3468000000,
    "operatingIncomeRatio": -0.0860161714,
    "totalOtherIncomeExpensesNet": -2220000000,
    "incomeBeforeTax": -5688000000,
    "incomeBeforeTaxRatio": -0.1410784265,
    "incomeTaxExpense": -147000000,
    "netIncome": -5625000000,
    "netIncomeRatio": -0.139515849,
    "eps": -3,
    "epsdiluted": -3,
    "weightedAverageShsOut": 1876000000,
    "weightedAverageShsOutDil": 1876000000,
    "link": "https://www.sec.gov/Archives/edgar/data/37996/000095012407001201/0000950124-07-001201-index.htm",
    "finalLink": "https://www.sec.gov/Archives/edgar/data/37996/000095012407001201/k12522e10vk.htm"
  },
  {
    "date": "2006-09-30",
    "symbol": "F",
    "reportedCurrency": "USD",
    "cik": "0000037996",
    "fillingDate": "2006-11-14",
    "acceptedDate": "2006-11-14 08:07:31",
    "calendarYear": "2006",
    "period": "Q3",
    "revenue": 37095000000,
    "costOfRevenue": 37552000000,
    "grossProfit": -457000000,
    "grossProfitRatio": -0.0123197196,
    "researchAndDevelopmentExpenses": 0,
    "generalAndAdministrativeExpenses": 0,
    "sellingAndMarketingExpenses": 0,
    "sellingGeneralAndAdministrativeExpenses": 4489000000,
    "otherExpenses": 0,
    "operatingExpenses": 4489000000,
    "costAndExpenses": 42041000000,
    "interestIncome": 555000000,
    "interestExpense": 1937000000,
    "depreciationAndAmortization": 0,
    "ebitda": -4427000000,
    "ebitdaratio": -0.1193422294,
    "operatingIncome": -4946000000,
    "operatingIncomeRatio": -0.1333333333,
    "totalOtherIncomeExpensesNet": -1418000000,
    "incomeBeforeTax": -6364000000,
    "incomeBeforeTaxRatio": -0.1715595094,
    "incomeTaxExpense": -1160000000,
    "netIncome": -5248000000,
    "netIncomeRatio": -0.1414745923,
    "eps": -2.8,
    "epsdiluted": -2.8,
    "weightedAverageShsOut": 1873000000,
    "weightedAverageShsOutDil": 1873000000,
    "link": "https://www.sec.gov/Archives/edgar/data/37996/000114036106016173/0001140361-06-016173-index.htm",
    "finalLink": "https://www.sec.gov/Archives/edgar/data/37996/000114036106016173/form10-q.htm"
  },
  {
    "date": "2006-06-30",
    "symbol": "F",
    "reportedCurrency": "USD",
    "cik": "0000037996",
    "fillingDate": "2006-08-04",
    "acceptedDate": "2006-08-04 15:13:31",
    "calendarYear": "2006",
    "period": "Q2",
    "revenue": 41878000000,
    "costOfRevenue": 36181000000,
    "grossProfit": 5697000000,
    "grossProfitRatio": 0.1360380152,
    "researchAndDevelopmentExpenses": 0,
    "generalAndAdministrativeExpenses": 0,
    "sellingAndMarketingExpenses": 0,
    "sellingGeneralAndAdministrativeExpenses": 4623000000,
    "otherExpenses": 0,
    "operatingExpenses": 4623000000,
    "costAndExpenses": 40804000000,
    "interestIncome": 0,
    "interestExpense": 0,
    "depreciationAndAmortization": 0,
    "ebitda": 1074000000,
    "ebitdaratio": 0.0256459239,
    "operatingIncome": 1074000000,
    "operatingIncomeRatio": 0.0256459239,
    "totalOtherIncomeExpensesNet": -1742000000,
    "incomeBeforeTax": -668000000,
    "incomeBeforeTaxRatio": -0.015951096,
    "incomeTaxExpense": -364000000,
    "netIncome": -317000000,
    "netIncomeRatio": -0.007569607,
    "eps": -0.17,
    "epsdiluted": -0.17,
    "weightedAverageShsOut": 1864705882,
    "weightedAverageShsOutDil": 1864705882,
    "link": "https://www.sec.gov/Archives/edgar/data/37996/000003799606000060/0000037996-06-000060-index.htm",
    "finalLink": "https://www.sec.gov/Archives/edgar/data/37996/000003799606000060/body10q063006.htm"
  },
  {
    "date": "2006-03-31",
    "symbol": "F",
    "reportedCurrency": "USD",
    "cik": "0000037996",
    "fillingDate": "2006-11-17",
    "acceptedDate": "2006-11-17 16:54:17",
    "calendarYear": "2006",
    "period": "Q1",
    "revenue": 40789000000,
    "costOfRevenue": 36701000000,
    "grossProfit": 4088000000,
    "grossProfitRatio": 0.1002230994,
    "researchAndDevelopmentExpenses": 0,
    "generalAndAdministrativeExpenses": 0,
    "sellingAndMarketingExpenses": 0,
    "sellingGeneralAndAdministrativeExpenses": 4594000000,
    "otherExpenses": 0,
    "operatingExpenses": 4594000000,
    "costAndExpenses": 41295000000,
    "interestIncome": 0,
    "interestExpense": 0,
    "depreciationAndAmortization": 0,
    "ebitda": -506000000,
    "ebitdaratio": -0.0124053054,
    "operatingIncome": -506000000,
    "operatingIncomeRatio": -0.0124053054,
    "totalOtherIncomeExpensesNet": -1842000000,
    "incomeBeforeTax": -2348000000,
    "incomeBeforeTaxRatio": -0.0575645395,
    "incomeTaxExpense": -982000000,
    "netIncome": -1423000000,
    "netIncomeRatio": -0.0348868568,
    "eps": -0.76,
    "epsdiluted": -0.76,
    "weightedAverageShsOut": 1872368421,
    "weightedAverageShsOutDil": 1872368421,
    "link": "https://www.sec.gov/Archives/edgar/data/37996/000114036106016720/0001140361-06-016720-index.htm",
    "finalLink": "https://www.sec.gov/Archives/edgar/data/37996/000114036106016720/form10-qa.htm"
  },
  {
    "date": "2005-12-31",
    "symbol": "F",
    "reportedCurrency": "USD",
    "cik": "0000037996",
    "fillingDate": "2006-11-14",
    "acceptedDate": "2006-11-14 08:02:52",
    "calendarYear": "2005",
    "period": "Q4",
    "revenue": 46549000000,
    "costOfRevenue": 39141000000,
    "grossProfit": 7408000000,
    "grossProfitRatio": 0.1591441277,
    "researchAndDevelopmentExpenses": 0,
    "generalAndAdministrativeExpenses": 0,
    "sellingAndMarketingExpenses": 0,
    "sellingGeneralAndAdministrativeExpenses": 6102000000,
    "otherExpenses": 0,
    "operatingExpenses": 6102000000,
    "costAndExpenses": 45243000000,
    "interestIncome": 0,
    "interestExpense": 0,
    "depreciationAndAmortization": 0,
    "ebitda": 1306000000,
    "ebitdaratio": 0.0280564566,
    "operatingIncome": 1306000000,
    "operatingIncomeRatio": 0.0280564566,
    "totalOtherIncomeExpensesNet": -1208000000,
    "incomeBeforeTax": 98000000,
    "incomeBeforeTaxRatio": 0.0021053084,
    "incomeTaxExpense": -385000000,
    "netIncome": 150000000,
    "netIncomeRatio": 0.0032224108,
    "eps": 0.0807,
    "epsdiluted": 0.0802,
    "weightedAverageShsOut": 1859184211,
    "weightedAverageShsOutDil": 1871249211,
    "link": "https://www.sec.gov/Archives/edgar/data/37996/000114036106016171/0001140361-06-016171-index.htm",
    "finalLink": "https://www.sec.gov/Archives/edgar/data/37996/000114036106016171/form10-ka.htm"
  },
  {
    "date": "2005-09-30",
    "symbol": "F",
    "reportedCurrency": "USD",
    "cik": "0000037996",
    "fillingDate": "2005-11-07",
    "acceptedDate": "2005-11-07 16:29:20",
    "calendarYear": "2005",
    "period": "Q3",
    "revenue": 40510000000,
    "costOfRevenue": 33471000000,
    "grossProfit": 7039000000,
    "grossProfitRatio": 0.1737595655,
    "researchAndDevelopmentExpenses": 0,
    "generalAndAdministrativeExpenses": 0,
    "sellingAndMarketingExpenses": 0,
    "sellingGeneralAndAdministrativeExpenses": 6165000000,
    "otherExpenses": 0,
    "operatingExpenses": 6165000000,
    "costAndExpenses": 39636000000,
    "interestIncome": 0,
    "interestExpense": 0,
    "depreciationAndAmortization": 0,
    "ebitda": 874000000,
    "ebitdaratio": 0.0215749198,
    "operatingIncome": 874000000,
    "operatingIncomeRatio": 0.0215749198,
    "totalOtherIncomeExpensesNet": -1717000000,
    "incomeBeforeTax": -843000000,
    "incomeBeforeTaxRatio": -0.0208096766,
    "incomeTaxExpense": -314000000,
    "netIncome": -576000000,
    "netIncomeRatio": -0.0142187114,
    "eps": -0.31,
    "epsdiluted": -0.31,
    "weightedAverageShsOut": 1858064516,
    "weightedAverageShsOutDil": 1858064516,
    "link": "https://www.sec.gov/Archives/edgar/data/37996/000003799605000278/0000037996-05-000278-index.htm",
    "finalLink": "https://www.sec.gov/Archives/edgar/data/37996/000003799605000278/body10q093005.htm"
  },
  {
    "date": "2005-06-30",
    "symbol": "F",
    "reportedCurrency": "USD",
    "cik": "0000037996",
    "fillingDate": "2005-08-04",
    "acceptedDate": "2005-08-04 15:12:07",
    "calendarYear": "2005",
    "period": "Q2",
    "revenue": 44548000000,
    "costOfRevenue": 36713000000,
    "grossProfit": 7835000000,
    "grossProfitRatio": 0.1758777049,
    "researchAndDevelopmentExpenses": 0,
    "generalAndAdministrativeExpenses": 0,
    "sellingAndMarketingExpenses": 0,
    "sellingGeneralAndAdministrativeExpenses": 6110000000,
    "otherExpenses": 0,
    "operatingExpenses": 6110000000,
    "costAndExpenses": 42823000000,
    "interestIncome": 0,
    "interestExpense": 0,
    "depreciationAndAmortization": 0,
    "ebitda": 1725000000,
    "ebitdaratio": 0.0387222771,
    "operatingIncome": 1725000000,
    "operatingIncomeRatio": 0.0387222771,
    "totalOtherIncomeExpensesNet": -999000000,
    "incomeBeforeTax": 726000000,
    "incomeBeforeTaxRatio": 0.0162970279,
    "incomeTaxExpense": -301000000,
    "netIncome": 946000000,
    "netIncomeRatio": 0.0212355212,
    "eps": 0.51,
    "epsdiluted": 0.47,
    "weightedAverageShsOut": 1854901961,
    "weightedAverageShsOutDil": 2012765957,
    "link": "https://www.sec.gov/Archives/edgar/data/37996/000003799605000225/0000037996-05-000225-index.htm",
    "finalLink": "https://www.sec.gov/Archives/edgar/data/37996/000003799605000225/e080405body.txt"
  },
  {
    "date": "2005-03-31",
    "symbol": "F",
    "reportedCurrency": "USD",
    "cik": "0000037996",
    "fillingDate": "2005-05-10",
    "acceptedDate": "2005-05-10 16:18:57",
    "calendarYear": "2005",
    "period": "Q1",
    "revenue": 45136000000,
    "costOfRevenue": 37120000000,
    "grossProfit": 8016000000,
    "grossProfitRatio": 0.177596597,
    "researchAndDevelopmentExpenses": 0,
    "generalAndAdministrativeExpenses": 0,
    "sellingAndMarketingExpenses": 0,
    "sellingGeneralAndAdministrativeExpenses": 6275000000,
    "otherExpenses": 0,
    "operatingExpenses": 6275000000,
    "costAndExpenses": 43395000000,
    "interestIncome": 0,
    "interestExpense": 0,
    "depreciationAndAmortization": 0,
    "ebitda": 1741000000,
    "ebitdaratio": 0.0385723148,
    "operatingIncome": 1741000000,
    "operatingIncomeRatio": 0.0385723148,
    "totalOtherIncomeExpensesNet": -192000000,
    "incomeBeforeTax": 1549000000,
    "incomeBeforeTaxRatio": 0.0343185041,
    "incomeTaxExpense": 314000000,
    "netIncome": 1212000000,
    "netIncomeRatio": 0.0268521801,
    "eps": 0.66,
    "epsdiluted": 0.6,
    "weightedAverageShsOut": 1836364000,
    "weightedAverageShsOutDil": 2020000000,
    "link": "https://www.sec.gov/Archives/edgar/data/37996/000003799605000158/0000037996-05-000158-index.htm",
    "finalLink": "https://www.sec.gov/Archives/edgar/data/37996/000003799605000158/e051005body.txt"
  },
  {
    "date": "2004-12-31",
    "symbol": "F",
    "reportedCurrency": "USD",
    "cik": "0000037996",
    "fillingDate": "2005-03-10",
    "acceptedDate": "2005-03-10 16:23:23",
    "calendarYear": "2004",
    "period": "Q4",
    "revenue": 45262000000,
    "costOfRevenue": 37219000000,
    "grossProfit": 8043000000,
    "grossProfitRatio": 0.1776987318,
    "researchAndDevelopmentExpenses": 0,
    "generalAndAdministrativeExpenses": 0,
    "sellingAndMarketingExpenses": 0,
    "sellingGeneralAndAdministrativeExpenses": 7264000000,
    "otherExpenses": 0,
    "operatingExpenses": 7264000000,
    "costAndExpenses": 44483000000,
    "interestIncome": 0,
    "interestExpense": 0,
    "depreciationAndAmortization": 0,
    "ebitda": 779000000,
    "ebitdaratio": 0.0172109054,
    "operatingIncome": 779000000,
    "operatingIncomeRatio": 0.0172109054,
    "totalOtherIncomeExpensesNet": -1097000000,
    "incomeBeforeTax": -318000000,
    "incomeBeforeTaxRatio": -0.0070257611,
    "incomeTaxExpense": -380000000,
    "netIncome": 104000000,
    "netIncomeRatio": 0.0022977332,
    "eps": 0.0582,
    "epsdiluted": 0.0531,
    "weightedAverageShsOut": 1787459000,
    "weightedAverageShsOutDil": 1959342000,
    "link": "https://www.sec.gov/Archives/edgar/data/37996/000095012405001427/0000950124-05-001427-index.htm",
    "finalLink": "https://www.sec.gov/Archives/edgar/data/37996/000095012405001427/k91869e10vk.htm"
  },
  {
    "date": "2004-09-30",
    "symbol": "F",
    "reportedCurrency": "USD",
    "cik": "0000037996",
    "fillingDate": "2004-11-08",
    "acceptedDate": "2004-11-08 16:48:41",
    "calendarYear": "2004",
    "period": "Q3",
    "revenue": 39121000000,
    "costOfRevenue": 30956000000,
    "grossProfit": 8165000000,
    "grossProfitRatio": 0.2087114338,
    "researchAndDevelopmentExpenses": 0,
    "generalAndAdministrativeExpenses": 0,
    "sellingAndMarketingExpenses": 0,
    "sellingGeneralAndAdministrativeExpenses": 6020000000,
    "otherExpenses": 0,
    "operatingExpenses": 6020000000,
    "costAndExpenses": 36976000000,
    "interestIncome": 0,
    "interestExpense": 0,
    "depreciationAndAmortization": 0,
    "ebitda": 2145000000,
    "ebitdaratio": 0.0548298868,
    "operatingIncome": 2145000000,
    "operatingIncomeRatio": 0.0548298868,
    "totalOtherIncomeExpensesNet": -1427000000,
    "incomeBeforeTax": 718000000,
    "incomeBeforeTaxRatio": 0.0183533141,
    "incomeTaxExpense": 197000000,
    "netIncome": 266000000,
    "netIncomeRatio": 0.0067994172,
    "eps": 0.15,
    "epsdiluted": 0.15,
    "weightedAverageShsOut": 1829000000,
    "weightedAverageShsOutDil": 1829000000,
    "link": "https://www.sec.gov/Archives/edgar/data/37996/000003799604000282/0000037996-04-000282-index.htm",
    "finalLink": "https://www.sec.gov/Archives/edgar/data/37996/000003799604000282/e110304body.txt"
  },
  {
    "date": "2004-06-30",
    "symbol": "F",
    "reportedCurrency": "USD",
    "cik": "0000037996",
    "fillingDate": "2004-08-30",
    "acceptedDate": "2004-08-30 17:02:20",
    "calendarYear": "2004",
    "period": "Q2",
    "revenue": 42873000000,
    "costOfRevenue": 33624000000,
    "grossProfit": 9249000000,
    "grossProfitRatio": 0.2157301798,
    "researchAndDevelopmentExpenses": 0,
    "generalAndAdministrativeExpenses": 0,
    "sellingAndMarketingExpenses": 0,
    "sellingGeneralAndAdministrativeExpenses": 6094000000,
    "otherExpenses": 0,
    "operatingExpenses": 6094000000,
    "costAndExpenses": 39718000000,
    "interestIncome": 0,
    "interestExpense": 0,
    "depreciationAndAmortization": 0,
    "ebitda": 3155000000,
    "ebitdaratio": 0.0735894386,
    "operatingIncome": 3155000000,
    "operatingIncomeRatio": 0.0735894386,
    "totalOtherIncomeExpensesNet": -1670000000,
    "incomeBeforeTax": 1485000000,
    "incomeBeforeTaxRatio": 0.0346371842,
    "incomeTaxExpense": 261000000,
    "netIncome": 1165000000,
    "netIncomeRatio": 0.0271732792,
    "eps": 0.64,
    "epsdiluted": 0.57,
    "weightedAverageShsOut": 1745313000,
    "weightedAverageShsOutDil": 1959649000,
    "link": "https://www.sec.gov/Archives/edgar/data/37996/000003799604000226/0000037996-04-000226-index.htm",
    "finalLink": "https://www.sec.gov/Archives/edgar/data/37996/000003799604000226/e082604body.txt"
  },
  {
    "date": "2004-03-31",
    "symbol": "F",
    "reportedCurrency": "USD",
    "cik": "0000037996",
    "fillingDate": "2004-05-06",
    "acceptedDate": "2004-05-06 16:33:12",
    "calendarYear": "2004",
    "period": "Q1",
    "revenue": 44723000000,
    "costOfRevenue": 34054000000,
    "grossProfit": 10669000000,
    "grossProfitRatio": 0.2385573419,
    "researchAndDevelopmentExpenses": 0,
    "generalAndAdministrativeExpenses": 0,
    "sellingAndMarketingExpenses": 0,
    "sellingGeneralAndAdministrativeExpenses": 6172000000,
    "otherExpenses": 0,
    "operatingExpenses": 6172000000,
    "costAndExpenses": 40226000000,
    "interestIncome": 0,
    "interestExpense": 0,
    "depreciationAndAmortization": 1731000000,
    "ebitda": 4497000000,
    "ebitdaratio": 0.1005522885,
    "operatingIncome": 4497000000,
    "operatingIncomeRatio": 0.1005522885,
    "totalOtherIncomeExpensesNet": -1634000000,
    "incomeBeforeTax": 2863000000,
    "incomeBeforeTaxRatio": 0.064016278,
    "incomeTaxExpense": 819000000,
    "netIncome": 1952000000,
    "netIncomeRatio": 0.0436464459,
    "eps": 1.07,
    "epsdiluted": 0.94,
    "weightedAverageShsOut": 1824299000,
    "weightedAverageShsOutDil": 2076596000,
    "link": "https://www.sec.gov/Archives/edgar/data/37996/000003799604000131/0000037996-04-000131-index.htm",
    "finalLink": "https://www.sec.gov/Archives/edgar/data/37996/000003799604000131/e050704body.txt"
  },
  {
    "date": "2003-12-31",
    "symbol": "F",
    "reportedCurrency": "USD",
    "cik": "0000037996",
    "fillingDate": "2004-03-12",
    "acceptedDate": "2004-03-12 17:27:39",
    "calendarYear": "2003",
    "period": "Q4",
    "revenue": 45750000000,
    "costOfRevenue": 38616000000,
    "grossProfit": 7134000000,
    "grossProfitRatio": 0.1559344262,
    "researchAndDevelopmentExpenses": 0,
    "generalAndAdministrativeExpenses": 0,
    "sellingAndMarketingExpenses": 0,
    "sellingGeneralAndAdministrativeExpenses": 4590000000,
    "otherExpenses": 1840000000,
    "operatingExpenses": 6430000000,
    "costAndExpenses": 45046000000,
    "interestIncome": 0,
    "interestExpense": 0,
    "depreciationAndAmortization": 1840000000,
    "ebitda": 2544000000,
    "ebitdaratio": 0.0556065574,
    "operatingIncome": 704000000,
    "operatingIncomeRatio": 0.0153879781,
    "totalOtherIncomeExpensesNet": -1812000000,
    "incomeBeforeTax": -1108000000,
    "incomeBeforeTaxRatio": -0.0242185792,
    "incomeTaxExpense": -537000000,
    "netIncome": -793000000,
    "netIncomeRatio": -0.0173333333,
    "eps": -0.43,
    "epsdiluted": -0.4,
    "weightedAverageShsOut": 1828149500,
    "weightedAverageShsOutDil": 1985356824,
    "link": "https://www.sec.gov/Archives/edgar/data/37996/000095012404000885/0000950124-04-000885-index.htm",
    "finalLink": "https://www.sec.gov/Archives/edgar/data/37996/000095012404000885/k83502e10vk.htm"
  },
  {
    "date": "2003-09-30",
    "symbol": "F",
    "reportedCurrency": "USD",
    "cik": "0000037996",
    "fillingDate": "2003-11-13",
    "acceptedDate": "2003-11-13 11:33:26",
    "calendarYear": "2003",
    "period": "Q3",
    "revenue": 36742000000,
    "costOfRevenue": 28381000000,
    "grossProfit": 8361000000,
    "grossProfitRatio": 0.2275597409,
    "researchAndDevelopmentExpenses": 0,
    "generalAndAdministrativeExpenses": 0,
    "sellingAndMarketingExpenses": 0,
    "sellingGeneralAndAdministrativeExpenses": 6430000000,
    "otherExpenses": 0,
    "operatingExpenses": 6430000000,
    "costAndExpenses": 34811000000,
    "interestIncome": 0,
    "interestExpense": 0,
    "depreciationAndAmortization": 2095000000,
    "ebitda": 1931000000,
    "ebitdaratio": 0.0525556584,
    "operatingIncome": 1931000000,
    "operatingIncomeRatio": 0.0525556584,
    "totalOtherIncomeExpensesNet": -1504000000,
    "incomeBeforeTax": 427000000,
    "incomeBeforeTaxRatio": 0.0116215775,
    "incomeTaxExpense": 140000000,
    "netIncome": -19000000,
    "netIncomeRatio": -0.0005171194,
    "eps": -0.0104,
    "epsdiluted": -0.0104,
    "weightedAverageShsOut": 1831000000,
    "weightedAverageShsOutDil": 1831000000,
    "link": "https://www.sec.gov/Archives/edgar/data/37996/000003799603000207/0000037996-03-000207-index.htm",
    "finalLink": "https://www.sec.gov/Archives/edgar/data/37996/000003799603000207/e111303body.txt"
  },
  {
    "date": "2003-06-30",
    "symbol": "F",
    "reportedCurrency": "USD",
    "cik": "0000037996",
    "fillingDate": "2003-08-01",
    "acceptedDate": "2003-08-01 12:48:46",
    "calendarYear": "2003",
    "period": "Q2",
    "revenue": 40670000000,
    "costOfRevenue": 31684000000,
    "grossProfit": 8986000000,
    "grossProfitRatio": 0.2209491025,
    "researchAndDevelopmentExpenses": 0,
    "generalAndAdministrativeExpenses": 0,
    "sellingAndMarketingExpenses": 0,
    "sellingGeneralAndAdministrativeExpenses": 6647000000,
    "otherExpenses": 0,
    "operatingExpenses": 6647000000,
    "costAndExpenses": 38331000000,
    "interestIncome": 0,
    "interestExpense": 0,
    "depreciationAndAmortization": 0,
    "ebitda": 2339000000,
    "ebitdaratio": 0.0575116794,
    "operatingIncome": 2339000000,
    "operatingIncomeRatio": 0.0575116794,
    "totalOtherIncomeExpensesNet": -1621000000,
    "incomeBeforeTax": 718000000,
    "incomeBeforeTaxRatio": 0.0176542906,
    "incomeTaxExpense": 195000000,
    "netIncome": 417000000,
    "netIncomeRatio": 0.0102532579,
    "eps": 0.23,
    "epsdiluted": 0.22,
    "weightedAverageShsOut": 1832000000,
    "weightedAverageShsOutDil": 1895454545,
    "link": "https://www.sec.gov/Archives/edgar/data/37996/000003799603000085/0000037996-03-000085-index.htm",
    "finalLink": "https://www.sec.gov/Archives/edgar/data/37996/000003799603000085/e080103.txt"
  },
  {
    "date": "2003-03-31",
    "symbol": "F",
    "reportedCurrency": "USD",
    "cik": "0000037996",
    "fillingDate": "2003-05-08",
    "acceptedDate": "2003-05-08 16:10:21",
    "calendarYear": "2003",
    "period": "Q1",
    "revenue": 40815000000,
    "costOfRevenue": 31055000000,
    "grossProfit": 9760000000,
    "grossProfitRatio": 0.2391277717,
    "researchAndDevelopmentExpenses": 0,
    "generalAndAdministrativeExpenses": 0,
    "sellingAndMarketingExpenses": 0,
    "sellingGeneralAndAdministrativeExpenses": 4079000000,
    "otherExpenses": 4875000000,
    "operatingExpenses": 8954000000,
    "costAndExpenses": 40009000000,
    "interestIncome": 0,
    "interestExpense": 0,
    "depreciationAndAmortization": 2553000000,
    "ebitda": 3359000000,
    "ebitdaratio": 0.0822981747,
    "operatingIncome": 806000000,
    "operatingIncomeRatio": 0.0197476418,
    "totalOtherIncomeExpensesNet": 534000000,
    "incomeBeforeTax": 1340000000,
    "incomeBeforeTaxRatio": 0.032831067,
    "incomeTaxExpense": 337000000,
    "netIncome": 896000000,
    "netIncomeRatio": 0.0219527135,
    "eps": 0.49,
    "epsdiluted": 0.45,
    "weightedAverageShsOut": 1832000000,
    "weightedAverageShsOutDil": 1991111111,
    "link": "https://www.sec.gov/Archives/edgar/data/37996/000003799603000024/0000037996-03-000024-index.htm",
    "finalLink": "https://www.sec.gov/Archives/edgar/data/37996/000003799603000024/e050903fs.txt"
  },
  {
    "date": "2002-12-31",
    "symbol": "F",
    "reportedCurrency": "USD",
    "cik": "0000037996",
    "fillingDate": "2003-03-14",
    "acceptedDate": "2003-03-14 17:04:13",
    "calendarYear": "2002",
    "period": "Q4",
    "revenue": 41684000000,
    "costOfRevenue": 28097000000,
    "grossProfit": 13587000000,
    "grossProfitRatio": 0.3259524038,
    "researchAndDevelopmentExpenses": 0,
    "generalAndAdministrativeExpenses": 0,
    "sellingAndMarketingExpenses": 0,
    "sellingGeneralAndAdministrativeExpenses": 18696000000,
    "otherExpenses": -15272000000,
    "operatingExpenses": 3424000000,
    "costAndExpenses": 31521000000,
    "interestIncome": 0,
    "interestExpense": 0,
    "depreciationAndAmortization": 0,
    "ebitda": 10163000000,
    "ebitdaratio": 0.2438105748,
    "operatingIncome": 10163000000,
    "operatingIncomeRatio": 0.2438105748,
    "totalOtherIncomeExpensesNet": -9969000000,
    "incomeBeforeTax": 194000000,
    "incomeBeforeTaxRatio": 0.0046540639,
    "incomeTaxExpense": -22000000,
    "netIncome": -130000000,
    "netIncomeRatio": -0.0031187026,
    "eps": -0.0734,
    "epsdiluted": -0.0703,
    "weightedAverageShsOut": 1825500000,
    "weightedAverageShsOutDil": 1905055556,
    "link": "https://www.sec.gov/Archives/edgar/data/37996/000003799603000013/0000037996-03-000013-index.htm",
    "finalLink": "https://www.sec.gov/Archives/edgar/data/37996/000003799603000013/e10k.txt"
  },
  {
    "date": "2002-09-30",
    "symbol": "F",
    "reportedCurrency": "USD",
    "cik": "0000037996",
    "fillingDate": "2002-11-14",
    "acceptedDate": "2002-11-13 18:24:45",
    "calendarYear": "2002",
    "period": "Q3",
    "revenue": 39338000000,
    "costOfRevenue": 30568000000,
    "grossProfit": 8770000000,
    "grossProfitRatio": 0.2229396512,
    "researchAndDevelopmentExpenses": 0,
    "generalAndAdministrativeExpenses": 0,
    "sellingAndMarketingExpenses": 0,
    "sellingGeneralAndAdministrativeExpenses": 4439000000,
    "otherExpenses": 5073000000,
    "operatingExpenses": 9512000000,
    "costAndExpenses": 40080000000,
    "interestIncome": 0,
    "interestExpense": 0,
    "depreciationAndAmortization": 2530000000,
    "ebitda": 1788000000,
    "ebitdaratio": 0.0454522345,
    "operatingIncome": -742000000,
    "operatingIncomeRatio": -0.0188621689,
    "totalOtherIncomeExpensesNet": 696000000,
    "incomeBeforeTax": -46000000,
    "incomeBeforeTaxRatio": -0.0011693528,
    "incomeTaxExpense": 81000000,
    "netIncome": -326000000,
    "netIncomeRatio": -0.0082871524,
    "eps": -0.18,
    "epsdiluted": -0.18,
    "weightedAverageShsOut": 1821000000,
    "weightedAverageShsOutDil": 1821000000,
    "link": "https://www.sec.gov/Archives/edgar/data/37996/000095012402003511/0000950124-02-003511-index.htm",
    "finalLink": "https://www.sec.gov/Archives/edgar/data/37996/000095012402003511/k72915e10vq.htm"
  },
  {
    "date": "2002-06-30",
    "symbol": "F",
    "reportedCurrency": "USD",
    "cik": "0000037996",
    "fillingDate": "2002-08-12",
    "acceptedDate": "2002-08-12 17:06:47",
    "calendarYear": "2002",
    "period": "Q2",
    "revenue": 42332000000,
    "costOfRevenue": 32320000000,
    "grossProfit": 10012000000,
    "grossProfitRatio": 0.2365113862,
    "researchAndDevelopmentExpenses": 0,
    "generalAndAdministrativeExpenses": 0,
    "sellingAndMarketingExpenses": 0,
    "sellingGeneralAndAdministrativeExpenses": 4343000000,
    "otherExpenses": 2647000000,
    "operatingExpenses": 6990000000,
    "costAndExpenses": 39310000000,
    "interestIncome": 0,
    "interestExpense": 0,
    "depreciationAndAmortization": 2647000000,
    "ebitda": 5669000000,
    "ebitdaratio": 0.1339176037,
    "operatingIncome": 3022000000,
    "operatingIncomeRatio": 0.0713880752,
    "totalOtherIncomeExpensesNet": -2075000000,
    "incomeBeforeTax": 947000000,
    "incomeBeforeTaxRatio": 0.0223707833,
    "incomeTaxExpense": 282000000,
    "netIncome": 570000000,
    "netIncomeRatio": 0.013464991,
    "eps": 0.31,
    "epsdiluted": 0.29,
    "weightedAverageShsOut": 1813000000,
    "weightedAverageShsOutDil": 1955172414,
    "link": "https://www.sec.gov/Archives/edgar/data/37996/000003799602000044/0000037996-02-000044-index.htm",
    "finalLink": "https://www.sec.gov/Archives/edgar/data/37996/000003799602000044/e081202.txt"
  },
  {
    "date": "2002-03-31",
    "symbol": "F",
    "reportedCurrency": "USD",
    "cik": "0000037996",
    "fillingDate": "2002-05-10",
    "acceptedDate": "2002-05-10 13:19:59",
    "calendarYear": "2002",
    "period": "Q1",
    "revenue": 39857000000,
    "costOfRevenue": 30074000000,
    "grossProfit": 9783000000,
    "grossProfitRatio": 0.2454524927,
    "researchAndDevelopmentExpenses": 0,
    "generalAndAdministrativeExpenses": 0,
    "sellingAndMarketingExpenses": 0,
    "sellingGeneralAndAdministrativeExpenses": 4856000000,
    "otherExpenses": 5016000000,
    "operatingExpenses": 9872000000,
    "costAndExpenses": 39946000000,
    "interestIncome": 0,
    "interestExpense": 0,
    "depreciationAndAmortization": 2666000000,
    "ebitda": 2577000000,
    "ebitdaratio": 0.0646561457,
    "operatingIncome": -89000000,
    "operatingIncomeRatio": -0.0022329829,
    "totalOtherIncomeExpensesNet": 43000000,
    "incomeBeforeTax": -46000000,
    "incomeBeforeTaxRatio": -0.001154126,
    "incomeTaxExpense": -26000000,
    "netIncome": -800000000,
    "netIncomeRatio": -0.0200717565,
    "eps": -0.44,
    "epsdiluted": -0.44,
    "weightedAverageShsOut": 1807000000,
    "weightedAverageShsOutDil": 1807000000,
    "link": "https://www.sec.gov/Archives/edgar/data/37996/000003799602000025/0000037996-02-000025-index.htm",
    "finalLink": "https://www.sec.gov/Archives/edgar/data/37996/000003799602000025/e050902.txt"
  },
  {
    "date": "2001-12-31",
    "symbol": "F",
    "reportedCurrency": "USD",
    "cik": "0000037996",
    "fillingDate": "2002-03-28",
    "acceptedDate": "2002-03-28 00:00:00",
    "calendarYear": "2001",
    "period": "Q4",
    "revenue": 41150000000,
    "costOfRevenue": 43133000000,
    "grossProfit": -1983000000,
    "grossProfitRatio": -0.0481895504,
    "researchAndDevelopmentExpenses": 0,
    "generalAndAdministrativeExpenses": 0,
    "sellingAndMarketingExpenses": 0,
    "sellingGeneralAndAdministrativeExpenses": 26000000,
    "otherExpenses": 13613000000,
    "operatingExpenses": 13639000000,
    "costAndExpenses": 56772000000,
    "interestIncome": 0,
    "interestExpense": 0,
    "depreciationAndAmortization": 2691000000,
    "ebitda": -12931000000,
    "ebitdaratio": -0.3142405832,
    "operatingIncome": -15622000000,
    "operatingIncomeRatio": -0.37963548,
    "totalOtherIncomeExpensesNet": 8421000000,
    "incomeBeforeTax": -7201000000,
    "incomeBeforeTaxRatio": -0.1749939247,
    "incomeTaxExpense": -2153000000,
    "netIncome": -5068000000,
    "netIncomeRatio": -0.1231591738,
    "eps": -2.8,
    "epsdiluted": -2.8,
    "weightedAverageShsOut": 1816000000,
    "weightedAverageShsOutDil": 1816000000,
    "link": "https://www.sec.gov/Archives/edgar/data/37996/000003799602000015/0000037996-02-000015-index.htm",
    "finalLink": "https://www.sec.gov/Archives/edgar/data/37996/000003799602000015/v7.txt"
  },
  {
    "date": "2001-09-30",
    "symbol": "F",
    "reportedCurrency": "USD",
    "cik": "0000037996",
    "fillingDate": "2001-11-14",
    "acceptedDate": "2001-11-14 00:00:00",
    "calendarYear": "2001",
    "period": "Q3",
    "revenue": 36502000000,
    "costOfRevenue": 27296000000,
    "grossProfit": 9206000000,
    "grossProfitRatio": 0.2522053586,
    "researchAndDevelopmentExpenses": 0,
    "generalAndAdministrativeExpenses": 0,
    "sellingAndMarketingExpenses": 0,
    "sellingGeneralAndAdministrativeExpenses": 4697000000,
    "otherExpenses": 2680000000,
    "operatingExpenses": 7377000000,
    "costAndExpenses": 34673000000,
    "interestIncome": 0,
    "interestExpense": 0,
    "depreciationAndAmortization": 2680000000,
    "ebitda": 4509000000,
    "ebitdaratio": 0.1235274779,
    "operatingIncome": 1829000000,
    "operatingIncomeRatio": 0.0501068435,
    "totalOtherIncomeExpensesNet": -2806000000,
    "incomeBeforeTax": -977000000,
    "incomeBeforeTaxRatio": -0.0267656567,
    "incomeTaxExpense": -285000000,
    "netIncome": -692000000,
    "netIncomeRatio": -0.0189578653,
    "eps": -0.38,
    "epsdiluted": -0.38,
    "weightedAverageShsOut": 1812000000,
    "weightedAverageShsOutDil": 1812000000,
    "link": "https://www.sec.gov/Archives/edgar/data/37996/000003799601500060/0000037996-01-500060-index.htm",
    "finalLink": "https://www.sec.gov/Archives/edgar/data/37996/000003799601500060/e111401.txt"
  },
  {
    "date": "2001-06-30",
    "symbol": "F",
    "reportedCurrency": "USD",
    "cik": "0000037996",
    "fillingDate": "2001-07-26",
    "acceptedDate": "2001-07-26 00:00:00",
    "calendarYear": "2001",
    "period": "Q2",
    "revenue": 42314000000,
    "costOfRevenue": 33648000000,
    "grossProfit": 8666000000,
    "grossProfitRatio": 0.2048021931,
    "researchAndDevelopmentExpenses": 0,
    "generalAndAdministrativeExpenses": 0,
    "sellingAndMarketingExpenses": 0,
    "sellingGeneralAndAdministrativeExpenses": 4250000000,
    "otherExpenses": 2674000000,
    "operatingExpenses": 6924000000,
    "costAndExpenses": 40572000000,
    "interestIncome": 0,
    "interestExpense": 0,
    "depreciationAndAmortization": 2674000000,
    "ebitda": 4416000000,
    "ebitdaratio": 0.1043626223,
    "operatingIncome": 1742000000,
    "operatingIncomeRatio": 0.0411684076,
    "totalOtherIncomeExpensesNet": -2758000000,
    "incomeBeforeTax": -1016000000,
    "incomeBeforeTaxRatio": -0.0240109656,
    "incomeTaxExpense": -284000000,
    "netIncome": -752000000,
    "netIncomeRatio": -0.0177718958,
    "eps": -0.42,
    "epsdiluted": -0.42,
    "weightedAverageShsOut": 1819000000,
    "weightedAverageShsOutDil": 1819000000,
    "link": "https://www.sec.gov/Archives/edgar/data/37996/000003799601500028/0000037996-01-500028-index.htm",
    "finalLink": "https://www.sec.gov/Archives/edgar/data/37996/000003799601500028/e072401.txt"
  },
  {
    "date": "2001-03-31",
    "symbol": "F",
    "reportedCurrency": "USD",
    "cik": "0000037996",
    "fillingDate": "2001-05-14",
    "acceptedDate": "2001-05-14 00:00:00",
    "calendarYear": "2001",
    "period": "Q1",
    "revenue": 42446000000,
    "costOfRevenue": 30815000000,
    "grossProfit": 11631000000,
    "grossProfitRatio": 0.2740187532,
    "researchAndDevelopmentExpenses": 0,
    "generalAndAdministrativeExpenses": 0,
    "sellingAndMarketingExpenses": 0,
    "sellingGeneralAndAdministrativeExpenses": 4629000000,
    "otherExpenses": 5673000000,
    "operatingExpenses": 10302000000,
    "costAndExpenses": 41117000000,
    "interestIncome": 0,
    "interestExpense": 0,
    "depreciationAndAmortization": 2519000000,
    "ebitda": 3848000000,
    "ebitdaratio": 0.0906563634,
    "operatingIncome": 1329000000,
    "operatingIncomeRatio": 0.0313103708,
    "totalOtherIncomeExpensesNet": 304000000,
    "incomeBeforeTax": 1633000000,
    "incomeBeforeTaxRatio": 0.038472412,
    "incomeTaxExpense": 571000000,
    "netIncome": 1059000000,
    "netIncomeRatio": 0.0249493474,
    "eps": 0.58,
    "epsdiluted": 0.56,
    "weightedAverageShsOut": 1828000000,
    "weightedAverageShsOutDil": 1828000000,
    "link": "https://www.sec.gov/Archives/edgar/data/37996/000003799601500010/0000037996-01-500010-index.htm",
    "finalLink": "https://www.sec.gov/Archives/edgar/data/37996/000003799601500010/e051001.txt"
  },
  {
    "date": "2000-12-31",
    "symbol": "F",
    "reportedCurrency": "USD",
    "cik": "0000037996",
    "fillingDate": "2001-03-22",
    "acceptedDate": "2001-03-22 00:00:00",
    "calendarYear": "2000",
    "period": "Q4",
    "revenue": 42587000000,
    "costOfRevenue": 40867000000,
    "grossProfit": 1720000000,
    "grossProfitRatio": 0.0403879118,
    "researchAndDevelopmentExpenses": 0,
    "generalAndAdministrativeExpenses": 0,
    "sellingAndMarketingExpenses": 0,
    "sellingGeneralAndAdministrativeExpenses": -2241000000,
    "otherExpenses": 2375000000,
    "operatingExpenses": 134000000,
    "costAndExpenses": 41001000000,
    "interestIncome": 0,
    "interestExpense": 0,
    "depreciationAndAmortization": 7816000000,
    "ebitda": 3886000000,
    "ebitdaratio": 0.0912485031,
    "operatingIncome": 1586000000,
    "operatingIncomeRatio": 0.0372414117,
    "totalOtherIncomeExpensesNet": 116000000,
    "incomeBeforeTax": 1702000000,
    "incomeBeforeTaxRatio": 0.0399652476,
    "incomeTaxExpense": 506000000,
    "netIncome": 1077000000,
    "netIncomeRatio": 0.0252894076,
    "eps": 0.65,
    "epsdiluted": 0.64,
    "weightedAverageShsOut": 1655500000,
    "weightedAverageShsOutDil": 1664435000,
    "link": "https://www.sec.gov/Archives/edgar/data/37996/000003799601000014/0000037996-01-000014-index.htm",
    "finalLink": "https://www.sec.gov/Archives/edgar/data/37996/000003799601000014/0000037996-01-000014-0001.txt"
  },
  {
    "date": "2000-09-30",
    "symbol": "F",
    "reportedCurrency": "USD",
    "cik": "0000037996",
    "fillingDate": "2000-10-30",
    "acceptedDate": "2000-10-30 00:00:00",
    "calendarYear": "2000",
    "period": "Q3",
    "revenue": 40055000000,
    "costOfRevenue": 29670000000,
    "grossProfit": 10385000000,
    "grossProfitRatio": 0.2592685058,
    "researchAndDevelopmentExpenses": 0,
    "generalAndAdministrativeExpenses": 0,
    "sellingAndMarketingExpenses": 0,
    "sellingGeneralAndAdministrativeExpenses": 4077000000,
    "otherExpenses": 2427000000,
    "operatingExpenses": 6504000000,
    "costAndExpenses": 36174000000,
    "interestIncome": 0,
    "interestExpense": 0,
    "depreciationAndAmortization": 2427000000,
    "ebitda": 6308000000,
    "ebitdaratio": 0.1574834602,
    "operatingIncome": 3881000000,
    "operatingIncomeRatio": 0.0968917738,
    "totalOtherIncomeExpensesNet": -2544000000,
    "incomeBeforeTax": 1337000000,
    "incomeBeforeTaxRatio": 0.0333791037,
    "incomeTaxExpense": 449000000,
    "netIncome": 888000000,
    "netIncomeRatio": 0.0221695169,
    "eps": 0.54,
    "epsdiluted": 0.53,
    "weightedAverageShsOut": 1649000000,
    "weightedAverageShsOutDil": 1649000000,
    "link": "https://www.sec.gov/Archives/edgar/data/37996/000003799600000109/0000037996-00-000109-index.htm",
    "finalLink": "https://www.sec.gov/Archives/edgar/data/37996/000003799600000109/0000037996-00-000109-0001.txt"
  },
  {
    "date": "2000-06-30",
    "symbol": "F",
    "reportedCurrency": "USD",
    "cik": "0000037996",
    "fillingDate": "2000-07-31",
    "acceptedDate": "2000-07-31 00:00:00",
    "calendarYear": "2000",
    "period": "Q2",
    "revenue": 44519000000,
    "costOfRevenue": 33515000000,
    "grossProfit": 11004000000,
    "grossProfitRatio": 0.2471753633,
    "researchAndDevelopmentExpenses": 0,
    "generalAndAdministrativeExpenses": 0,
    "sellingAndMarketingExpenses": 0,
    "sellingGeneralAndAdministrativeExpenses": 4118000000,
    "otherExpenses": 2398000000,
    "operatingExpenses": 6516000000,
    "costAndExpenses": 40031000000,
    "interestIncome": 0,
    "interestExpense": 0,
    "depreciationAndAmortization": 2398000000,
    "ebitda": 6886000000,
    "ebitdaratio": 0.1546755318,
    "operatingIncome": 4488000000,
    "operatingIncomeRatio": 0.1008108897,
    "totalOtherIncomeExpensesNet": -2247000000,
    "incomeBeforeTax": 2241000000,
    "incomeBeforeTaxRatio": 0.0503380579,
    "incomeTaxExpense": 728000000,
    "netIncome": -577000000,
    "netIncomeRatio": -0.0129607583,
    "eps": -0.31,
    "epsdiluted": -0.3,
    "weightedAverageShsOut": 1893055000,
    "weightedAverageShsOutDil": 1938681000,
    "link": "https://www.sec.gov/Archives/edgar/data/37996/000003799600000076/0000037996-00-000076-index.htm",
    "finalLink": "https://www.sec.gov/Archives/edgar/data/37996/000003799600000076/0000037996-00-000076-0001.txt"
  },
  {
    "date": "2000-03-31",
    "symbol": "F",
    "reportedCurrency": "USD",
    "cik": "0000037996",
    "fillingDate": "2000-04-28",
    "acceptedDate": "2000-04-28 00:00:00",
    "calendarYear": "2000",
    "period": "Q1",
    "revenue": 42894000000,
    "costOfRevenue": 31578000000,
    "grossProfit": 11316000000,
    "grossProfitRatio": 0.2638131207,
    "researchAndDevelopmentExpenses": 0,
    "generalAndAdministrativeExpenses": 0,
    "sellingAndMarketingExpenses": 0,
    "sellingGeneralAndAdministrativeExpenses": 3930000000,
    "otherExpenses": 2208000000,
    "operatingExpenses": 6138000000,
    "costAndExpenses": 37716000000,
    "interestIncome": 0,
    "interestExpense": 0,
    "depreciationAndAmortization": 2208000000,
    "ebitda": 7386000000,
    "ebitdaratio": 0.172191915,
    "operatingIncome": 5178000000,
    "operatingIncomeRatio": 0.1207161841,
    "totalOtherIncomeExpensesNet": -2224000000,
    "incomeBeforeTax": 2954000000,
    "incomeBeforeTaxRatio": 0.0688674407,
    "incomeTaxExpense": 1022000000,
    "netIncome": 2079000000,
    "netIncomeRatio": 0.0484683172,
    "eps": 1.1,
    "epsdiluted": 1.08,
    "weightedAverageShsOut": 1894626000,
    "weightedAverageShsOutDil": 1921241000,
    "link": "https://www.sec.gov/Archives/edgar/data/37996/000003799600000029/0000037996-00-000029-index.html",
    "finalLink": "https://www.sec.gov/Archives/edgar/data/37996/000003799600000029/"
  },
  {
    "date": "1999-12-31",
    "symbol": "F",
    "reportedCurrency": "USD",
    "cik": "0000037996",
    "fillingDate": "2000-03-16",
    "acceptedDate": "2000-03-16 00:00:00",
    "calendarYear": "1999",
    "period": "Q4",
    "revenue": 44418000000,
    "costOfRevenue": 37210000000,
    "grossProfit": 7208000000,
    "grossProfitRatio": 0.1622765545,
    "researchAndDevelopmentExpenses": 0,
    "generalAndAdministrativeExpenses": 0,
    "sellingAndMarketingExpenses": 0,
    "sellingGeneralAndAdministrativeExpenses": 1716000000,
    "otherExpenses": 2373000000,
    "operatingExpenses": 4089000000,
    "costAndExpenses": 41299000000,
    "interestIncome": 0,
    "interestExpense": 0,
    "depreciationAndAmortization": 8312000000,
    "ebitda": 6823000000,
    "ebitdaratio": 0.1536088973,
    "operatingIncome": 3119000000,
    "operatingIncomeRatio": 0.0702192805,
    "totalOtherIncomeExpensesNet": -296000000,
    "incomeBeforeTax": 2823000000,
    "incomeBeforeTaxRatio": 0.0635553154,
    "incomeTaxExpense": 898000000,
    "netIncome": 1806000000,
    "netIncomeRatio": 0.0406591922,
    "eps": 1.17,
    "epsdiluted": 1.15,
    "weightedAverageShsOut": 1552313000,
    "weightedAverageShsOutDil": 1579342000,
    "link": "https://www.sec.gov/Archives/edgar/data/37996/000003799600000019/0000037996-00-000019-index.html",
    "finalLink": "https://www.sec.gov/Archives/edgar/data/37996/000003799600000019/"
  },
  {
    "date": "1999-09-30",
    "symbol": "F",
    "reportedCurrency": "USD",
    "cik": "0000037996",
    "fillingDate": "1999-11-12",
    "acceptedDate": "1999-11-12 00:00:00",
    "calendarYear": "1999",
    "period": "Q3",
    "revenue": 37280000000,
    "costOfRevenue": 27879000000,
    "grossProfit": 9401000000,
    "grossProfitRatio": 0.2521727468,
    "researchAndDevelopmentExpenses": 0,
    "generalAndAdministrativeExpenses": 0,
    "sellingAndMarketingExpenses": 0,
    "sellingGeneralAndAdministrativeExpenses": 3618000000,
    "otherExpenses": 2333000000,
    "operatingExpenses": 5951000000,
    "costAndExpenses": 33830000000,
    "interestIncome": 0,
    "interestExpense": 0,
    "depreciationAndAmortization": 2333000000,
    "ebitda": 5783000000,
    "ebitdaratio": 0.1551233906,
    "operatingIncome": 3450000000,
    "operatingIncomeRatio": 0.0925429185,
    "totalOtherIncomeExpensesNet": -2018000000,
    "incomeBeforeTax": 1432000000,
    "incomeBeforeTaxRatio": 0.0384120172,
    "incomeTaxExpense": 473000000,
    "netIncome": 1114000000,
    "netIncomeRatio": 0.0298819742,
    "eps": 0.92,
    "epsdiluted": 0.9,
    "weightedAverageShsOut": 1206522000,
    "weightedAverageShsOutDil": 1233333000,
    "link": "https://www.sec.gov/Archives/edgar/data/37996/000003799699000041/0000037996-99-000041-index.html",
    "finalLink": "https://www.sec.gov/Archives/edgar/data/37996/000003799699000041/"
  },
  {
    "date": "1999-06-30",
    "symbol": "F",
    "reportedCurrency": "USD",
    "cik": "0000037996",
    "fillingDate": "1999-07-15",
    "acceptedDate": "1999-07-15 00:00:00",
    "calendarYear": "1999",
    "period": "Q2",
    "revenue": 41907000000,
    "costOfRevenue": 30796000000,
    "grossProfit": 11111000000,
    "grossProfitRatio": 0.265134703,
    "researchAndDevelopmentExpenses": 0,
    "generalAndAdministrativeExpenses": 0,
    "sellingAndMarketingExpenses": 0,
    "sellingGeneralAndAdministrativeExpenses": 3769000000,
    "otherExpenses": 2391000000,
    "operatingExpenses": 6160000000,
    "costAndExpenses": 36956000000,
    "interestIncome": 0,
    "interestExpense": 0,
    "depreciationAndAmortization": 2391000000,
    "ebitda": 7342000000,
    "ebitdaratio": 0.175197461,
    "operatingIncome": 4951000000,
    "operatingIncomeRatio": 0.1181425537,
    "totalOtherIncomeExpensesNet": -1859000000,
    "incomeBeforeTax": 3092000000,
    "incomeBeforeTaxRatio": 0.073782423,
    "incomeTaxExpense": 1034000000,
    "netIncome": 2338000000,
    "netIncomeRatio": 0.0557902021,
    "eps": 1.93,
    "epsdiluted": 1.89,
    "weightedAverageShsOut": 1211143000,
    "weightedAverageShsOutDil": 1211143000,
    "link": "https://www.sec.gov/Archives/edgar/data/37996/000095012499004159/0000950124-99-004159-index.html",
    "finalLink": "https://www.sec.gov/Archives/edgar/data/37996/000095012499004159/"
  },
  {
    "date": "1999-03-31",
    "symbol": "F",
    "reportedCurrency": "USD",
    "cik": "0000037996",
    "fillingDate": "1999-04-19",
    "acceptedDate": "1999-04-19 00:00:00",
    "calendarYear": "1999",
    "period": "Q1",
    "revenue": 37549000000,
    "costOfRevenue": 27737000000,
    "grossProfit": 9812000000,
    "grossProfitRatio": 0.2613118858,
    "researchAndDevelopmentExpenses": 0,
    "generalAndAdministrativeExpenses": 0,
    "sellingAndMarketingExpenses": 0,
    "sellingGeneralAndAdministrativeExpenses": 3165000000,
    "otherExpenses": 2157000000,
    "operatingExpenses": 5322000000,
    "costAndExpenses": 33059000000,
    "interestIncome": 0,
    "interestExpense": 0,
    "depreciationAndAmortization": 2157000000,
    "ebitda": 6647000000,
    "ebitdaratio": 0.1770220246,
    "operatingIncome": 4490000000,
    "operatingIncomeRatio": 0.1195770859,
    "totalOtherIncomeExpensesNet": -1823000000,
    "incomeBeforeTax": 2667000000,
    "incomeBeforeTaxRatio": 0.0710271911,
    "incomeTaxExpense": 893000000,
    "netIncome": 1979000000,
    "netIncomeRatio": 0.0527044662,
    "eps": 1.64,
    "epsdiluted": 1.61,
    "weightedAverageShsOut": 1206142000,
    "weightedAverageShsOutDil": 1237146000,
    "link": "https://www.sec.gov/Archives/edgar/data/37996/000003799699000012/0000037996-99-000012-index.html",
    "finalLink": "https://www.sec.gov/Archives/edgar/data/37996/"
  },
  {
    "date": "1998-12-31",
    "symbol": "F",
    "reportedCurrency": "USD",
    "cik": "0000037996",
    "fillingDate": "1999-03-17",
    "acceptedDate": "1999-03-17 00:00:00",
    "calendarYear": "1998",
    "period": "Q4",
    "revenue": 37903000000,
    "costOfRevenue": 33109000000,
    "grossProfit": 4794000000,
    "grossProfitRatio": 0.1264807535,
    "researchAndDevelopmentExpenses": 0,
    "generalAndAdministrativeExpenses": 0,
    "sellingAndMarketingExpenses": 0,
    "sellingGeneralAndAdministrativeExpenses": 707000000,
    "otherExpenses": 2174000000,
    "operatingExpenses": 2881000000,
    "costAndExpenses": 35990000000,
    "interestIncome": 0,
    "interestExpense": 0,
    "depreciationAndAmortization": 7914000000,
    "ebitda": 20659000000,
    "ebitdaratio": 0.5450492045,
    "operatingIncome": 1913000000,
    "operatingIncomeRatio": 0.050470939,
    "totalOtherIncomeExpensesNet": 15764000000,
    "incomeBeforeTax": 17677000000,
    "incomeBeforeTaxRatio": 0.4663746933,
    "incomeTaxExpense": 530000000,
    "netIncome": 1043000000,
    "netIncomeRatio": 0.0275176107,
    "eps": 0.85,
    "epsdiluted": 0.84,
    "weightedAverageShsOut": 1220932000,
    "weightedAverageShsOutDil": 1242574500,
    "link": "https://www.sec.gov/Archives/edgar/data/37996/000003799699000009/0000037996-99-000009-index.html",
    "finalLink": "https://www.sec.gov/Archives/edgar/data/37996/"
  },
  {
    "date": "1998-09-30",
    "symbol": "F",
    "reportedCurrency": "USD",
    "cik": "0000037996",
    "fillingDate": "1998-10-19",
    "acceptedDate": "1998-10-19 00:00:00",
    "calendarYear": "1998",
    "period": "Q3",
    "revenue": 32640000000,
    "costOfRevenue": 25253000000,
    "grossProfit": 7387000000,
    "grossProfitRatio": 0.226317402,
    "researchAndDevelopmentExpenses": 0,
    "generalAndAdministrativeExpenses": 0,
    "sellingAndMarketingExpenses": 0,
    "sellingGeneralAndAdministrativeExpenses": 1971000000,
    "otherExpenses": 2220000000,
    "operatingExpenses": 4191000000,
    "costAndExpenses": 29444000000,
    "interestIncome": 0,
    "interestExpense": 0,
    "depreciationAndAmortization": 2220000000,
    "ebitda": 5416000000,
    "ebitdaratio": 0.1659313725,
    "operatingIncome": 3196000000,
    "operatingIncomeRatio": 0.0979166667,
    "totalOtherIncomeExpensesNet": -1713000000,
    "incomeBeforeTax": 1483000000,
    "incomeBeforeTaxRatio": 0.045435049,
    "incomeTaxExpense": 482000000,
    "netIncome": 1001000000,
    "netIncomeRatio": 0.0306678922,
    "eps": 0.81,
    "epsdiluted": 0.8,
    "weightedAverageShsOut": 1230864000,
    "weightedAverageShsOutDil": 1246250000,
    "link": "https://www.sec.gov/Archives/edgar/data/37996/000003799698000049/0000037996-98-000049-index.html",
    "finalLink": "https://www.sec.gov/Archives/edgar/data/37996/"
  },
  {
    "date": "1998-06-30",
    "symbol": "F",
    "reportedCurrency": "USD",
    "cik": "0000037996",
    "fillingDate": "1998-07-15",
    "acceptedDate": "1998-07-15 00:00:00",
    "calendarYear": "1998",
    "period": "Q2",
    "revenue": 37289000000,
    "costOfRevenue": 27403000000,
    "grossProfit": 9886000000,
    "grossProfitRatio": 0.2651183995,
    "researchAndDevelopmentExpenses": 0,
    "generalAndAdministrativeExpenses": 0,
    "sellingAndMarketingExpenses": 0,
    "sellingGeneralAndAdministrativeExpenses": 2430000000,
    "otherExpenses": 2158000000,
    "operatingExpenses": 4588000000,
    "costAndExpenses": 31991000000,
    "interestIncome": 0,
    "interestExpense": 0,
    "depreciationAndAmortization": 2158000000,
    "ebitda": 7456000000,
    "ebitdaratio": 0.1999517284,
    "operatingIncome": 5298000000,
    "operatingIncomeRatio": 0.1420794336,
    "totalOtherIncomeExpensesNet": -1725000000,
    "incomeBeforeTax": 3573000000,
    "incomeBeforeTaxRatio": 0.0958191424,
    "incomeTaxExpense": 1192000000,
    "netIncome": 2381000000,
    "netIncomeRatio": 0.0638526107,
    "eps": 1.96,
    "epsdiluted": 1.91,
    "weightedAverageShsOut": 1212755000,
    "weightedAverageShsOutDil": 1244503000,
    "link": "https://www.sec.gov/Archives/edgar/data/37996/000003799698000043/0000037996-98-000043-index.html",
    "finalLink": "https://www.sec.gov/Archives/edgar/data/37996/"
  },
  {
    "date": "1998-03-31",
    "symbol": "F",
    "reportedCurrency": "USD",
    "cik": "0000037996",
    "fillingDate": "1998-05-12",
    "acceptedDate": "1998-05-12 00:00:00",
    "calendarYear": "1998",
    "period": "Q1",
    "revenue": 36584000000,
    "costOfRevenue": 26937000000,
    "grossProfit": 9647000000,
    "grossProfitRatio": 0.2636945113,
    "researchAndDevelopmentExpenses": 0,
    "generalAndAdministrativeExpenses": 0,
    "sellingAndMarketingExpenses": 0,
    "sellingGeneralAndAdministrativeExpenses": 2624000000,
    "otherExpenses": 2037000000,
    "operatingExpenses": 4661000000,
    "costAndExpenses": 31598000000,
    "interestIncome": 0,
    "interestExpense": 0,
    "depreciationAndAmortization": 2037000000,
    "ebitda": 7023000000,
    "ebitdaratio": 0.1919691668,
    "operatingIncome": 4986000000,
    "operatingIncomeRatio": 0.1362890881,
    "totalOtherIncomeExpensesNet": -2323000000,
    "incomeBeforeTax": 2663000000,
    "incomeBeforeTaxRatio": 0.0727913842,
    "incomeTaxExpense": 972000000,
    "netIncome": 17646000000,
    "netIncomeRatio": 0.4823420074,
    "eps": 14.23,
    "epsdiluted": 14.23,
    "weightedAverageShsOut": 1792712000,
    "weightedAverageShsOutDil": 1792712000,
    "link": "https://www.sec.gov/Archives/edgar/data/37996/000003799698000029/0000037996-98-000029-index.html",
    "finalLink": "https://www.sec.gov/Archives/edgar/data/37996/"
  },
  {
    "date": "1997-12-31",
    "symbol": "F",
    "reportedCurrency": "USD",
    "cik": "0000037996",
    "fillingDate": "1998-03-18",
    "acceptedDate": "1998-03-18 00:00:00",
    "calendarYear": "1997",
    "period": "Q4",
    "revenue": 41064000000,
    "costOfRevenue": 33795000000,
    "grossProfit": 7269000000,
    "grossProfitRatio": 0.1770163647,
    "researchAndDevelopmentExpenses": 0,
    "generalAndAdministrativeExpenses": 0,
    "sellingAndMarketingExpenses": 0,
    "sellingGeneralAndAdministrativeExpenses": -301000000,
    "otherExpenses": 2095000000,
    "operatingExpenses": 1794000000,
    "costAndExpenses": 35589000000,
    "interestIncome": 0,
    "interestExpense": 0,
    "depreciationAndAmortization": 8033000000,
    "ebitda": 4954000000,
    "ebitdaratio": 0.1206409507,
    "operatingIncome": 5475000000,
    "operatingIncomeRatio": 0.1333284629,
    "totalOtherIncomeExpensesNet": -2335000000,
    "incomeBeforeTax": 3140000000,
    "incomeBeforeTaxRatio": 0.0764660043,
    "incomeTaxExpense": 1066000000,
    "netIncome": 1796000000,
    "netIncomeRatio": 0.0437366063,
    "eps": 1.17,
    "epsdiluted": 1.13,
    "weightedAverageShsOut": 1530162000,
    "weightedAverageShsOutDil": 1571547500,
    "link": "https://www.sec.gov/Archives/edgar/data/37996/000003799698000014/0000037996-98-000014-index.html",
    "finalLink": "https://www.sec.gov/Archives/edgar/data/37996/"
  },
  {
    "date": "1997-09-30",
    "symbol": "F",
    "reportedCurrency": "USD",
    "cik": "0000037996",
    "fillingDate": "1997-11-05",
    "acceptedDate": "1997-11-05 00:00:00",
    "calendarYear": "1997",
    "period": "Q3",
    "revenue": 36096000000,
    "costOfRevenue": 27408000000,
    "grossProfit": 8688000000,
    "grossProfitRatio": 0.2406914894,
    "researchAndDevelopmentExpenses": 0,
    "generalAndAdministrativeExpenses": 0,
    "sellingAndMarketingExpenses": 0,
    "sellingGeneralAndAdministrativeExpenses": 2504000000,
    "otherExpenses": 2011000000,
    "operatingExpenses": 4515000000,
    "costAndExpenses": 31923000000,
    "interestIncome": 0,
    "interestExpense": 0,
    "depreciationAndAmortization": 2011000000,
    "ebitda": 6184000000,
    "ebitdaratio": 0.171320922,
    "operatingIncome": 4173000000,
    "operatingIncomeRatio": 0.1156083777,
    "totalOtherIncomeExpensesNet": -2453000000,
    "incomeBeforeTax": 1720000000,
    "incomeBeforeTaxRatio": 0.0476507092,
    "incomeTaxExpense": 595000000,
    "netIncome": 1125000000,
    "netIncomeRatio": 0.0311668883,
    "eps": 0.94,
    "epsdiluted": 0.92,
    "weightedAverageShsOut": 1182979000,
    "weightedAverageShsOutDil": 1208696000,
    "link": "https://www.sec.gov/Archives/edgar/data/37996/000003799697000027/0000037996-97-000027-index.html",
    "finalLink": "https://www.sec.gov/Archives/edgar/data/37996/"
  },
  {
    "date": "1997-06-30",
    "symbol": "F",
    "reportedCurrency": "USD",
    "cik": "0000037996",
    "fillingDate": "1997-08-07",
    "acceptedDate": "1997-08-07 00:00:00",
    "calendarYear": "1997",
    "period": "Q2",
    "revenue": 40265000000,
    "costOfRevenue": 30233000000,
    "grossProfit": 10032000000,
    "grossProfitRatio": 0.2491493853,
    "researchAndDevelopmentExpenses": 0,
    "generalAndAdministrativeExpenses": 0,
    "sellingAndMarketingExpenses": 0,
    "sellingGeneralAndAdministrativeExpenses": 2496000000,
    "otherExpenses": 1774000000,
    "operatingExpenses": 4270000000,
    "costAndExpenses": 34503000000,
    "interestIncome": 0,
    "interestExpense": 0,
    "depreciationAndAmortization": 1774000000,
    "ebitda": 7536000000,
    "ebitdaratio": 0.1871600646,
    "operatingIncome": 5762000000,
    "operatingIncomeRatio": 0.1431019496,
    "totalOtherIncomeExpensesNet": -2050000000,
    "incomeBeforeTax": 3712000000,
    "incomeBeforeTaxRatio": 0.0921892462,
    "incomeTaxExpense": 1182000000,
    "netIncome": 2530000000,
    "netIncomeRatio": 0.0628337266,
    "eps": 2.11,
    "epsdiluted": 2.06,
    "weightedAverageShsOut": 1192417000,
    "weightedAverageShsOutDil": 1221359000,
    "link": "https://www.sec.gov/Archives/edgar/data/37996/000003799697000022/0000037996-97-000022-index.html",
    "finalLink": "https://www.sec.gov/Archives/edgar/data/37996/"
  },
  {
    "date": "1997-03-31",
    "symbol": "F",
    "reportedCurrency": "USD",
    "cik": "0000037996",
    "fillingDate": "1997-05-08",
    "acceptedDate": "1997-05-08 00:00:00",
    "calendarYear": "1997",
    "period": "Q1",
    "revenue": 36202000000,
    "costOfRevenue": 27183000000,
    "grossProfit": 9019000000,
    "grossProfitRatio": 0.2491298823,
    "researchAndDevelopmentExpenses": 0,
    "generalAndAdministrativeExpenses": 0,
    "sellingAndMarketingExpenses": 0,
    "sellingGeneralAndAdministrativeExpenses": 2383000000,
    "otherExpenses": 1765000000,
    "operatingExpenses": 4148000000,
    "costAndExpenses": 31331000000,
    "interestIncome": 0,
    "interestExpense": 0,
    "depreciationAndAmortization": 1765000000,
    "ebitda": 6636000000,
    "ebitdaratio": 0.1833047898,
    "operatingIncome": 4871000000,
    "operatingIncomeRatio": 0.1345505773,
    "totalOtherIncomeExpensesNet": -2504000000,
    "incomeBeforeTax": 2367000000,
    "incomeBeforeTaxRatio": 0.065383128,
    "incomeTaxExpense": 898000000,
    "netIncome": 1469000000,
    "netIncomeRatio": 0.0405778686,
    "eps": 1.23,
    "epsdiluted": 1.2,
    "weightedAverageShsOut": 1757725000,
    "weightedAverageShsOutDil": 1757725000,
    "link": "https://www.sec.gov/Archives/edgar/data/37996/000003799697000010/0000037996-97-000010-index.html",
    "finalLink": "https://www.sec.gov/Archives/edgar/data/37996/"
  },
  {
    "date": "1996-12-31",
    "symbol": "F",
    "reportedCurrency": "USD",
    "cik": "0000037996",
    "fillingDate": "1997-03-18",
    "acceptedDate": "1997-03-18 00:00:00",
    "calendarYear": "1996",
    "period": "Q4",
    "revenue": 38833000000,
    "costOfRevenue": 34123000000,
    "grossProfit": 4710000000,
    "grossProfitRatio": 0.1212885948,
    "researchAndDevelopmentExpenses": 0,
    "generalAndAdministrativeExpenses": 0,
    "sellingAndMarketingExpenses": 0,
    "sellingGeneralAndAdministrativeExpenses": 112000000,
    "otherExpenses": 1741000000,
    "operatingExpenses": 1853000000,
    "costAndExpenses": 35976000000,
    "interestIncome": 0,
    "interestExpense": 0,
    "depreciationAndAmortization": 7657000000,
    "ebitda": 3097000000,
    "ebitdaratio": 0.0797517575,
    "operatingIncome": 2857000000,
    "operatingIncomeRatio": 0.073571447,
    "totalOtherIncomeExpensesNet": -887000000,
    "incomeBeforeTax": 1970000000,
    "incomeBeforeTaxRatio": 0.0507300492,
    "incomeTaxExpense": 585000000,
    "netIncome": 1204000000,
    "netIncomeRatio": 0.031004558,
    "eps": 0.66,
    "epsdiluted": 0.65,
    "weightedAverageShsOut": 1804967000,
    "weightedAverageShsOutDil": 1824268000,
    "link": "https://www.sec.gov/Archives/edgar/data/37996/000003799697000008/0000037996-97-000008-index.html",
    "finalLink": "https://www.sec.gov/Archives/edgar/data/37996/"
  },
  {
    "date": "1996-09-30",
    "symbol": "F",
    "reportedCurrency": "USD",
    "cik": "0000037996",
    "fillingDate": "1996-10-30",
    "acceptedDate": "1996-10-30 00:00:00",
    "calendarYear": "1996",
    "period": "Q3",
    "revenue": 33960000000,
    "costOfRevenue": 26485000000,
    "grossProfit": 7475000000,
    "grossProfitRatio": 0.2201118963,
    "researchAndDevelopmentExpenses": 0,
    "generalAndAdministrativeExpenses": 0,
    "sellingAndMarketingExpenses": 0,
    "sellingGeneralAndAdministrativeExpenses": 2222000000,
    "otherExpenses": 1768000000,
    "operatingExpenses": 3990000000,
    "costAndExpenses": 30475000000,
    "interestIncome": 0,
    "interestExpense": 0,
    "depreciationAndAmortization": 1768000000,
    "ebitda": 5253000000,
    "ebitdaratio": 0.1546819788,
    "operatingIncome": 3485000000,
    "operatingIncomeRatio": 0.1026207303,
    "totalOtherIncomeExpensesNet": -2325000000,
    "incomeBeforeTax": 1160000000,
    "incomeBeforeTaxRatio": 0.0341578327,
    "incomeTaxExpense": 474000000,
    "netIncome": 686000000,
    "netIncomeRatio": 0.0202002356,
    "eps": 0.57,
    "epsdiluted": 0.55,
    "weightedAverageShsOut": 1175438596,
    "weightedAverageShsOutDil": 1218181818,
    "link": "https://www.sec.gov/Archives/edgar/data/37996/000003799696000035/0000037996-96-000035-index.html",
    "finalLink": "https://www.sec.gov/Archives/edgar/data/37996/"
  },
  {
    "date": "1996-06-30",
    "symbol": "F",
    "reportedCurrency": "USD",
    "cik": "0000037996",
    "fillingDate": "1996-08-01",
    "acceptedDate": "1996-08-01 00:00:00",
    "calendarYear": "1996",
    "period": "Q2",
    "revenue": 37937000000,
    "costOfRevenue": 28976000000,
    "grossProfit": 8961000000,
    "grossProfitRatio": 0.2362073965,
    "researchAndDevelopmentExpenses": 0,
    "generalAndAdministrativeExpenses": 0,
    "sellingAndMarketingExpenses": 0,
    "sellingGeneralAndAdministrativeExpenses": 2243000000,
    "otherExpenses": 1675000000,
    "operatingExpenses": 3918000000,
    "costAndExpenses": 32894000000,
    "interestIncome": 0,
    "interestExpense": 0,
    "depreciationAndAmortization": 1675000000,
    "ebitda": 6718000000,
    "ebitdaratio": 0.1770830588,
    "operatingIncome": 5043000000,
    "operatingIncomeRatio": 0.1329309118,
    "totalOtherIncomeExpensesNet": -2446000000,
    "incomeBeforeTax": 2597000000,
    "incomeBeforeTaxRatio": 0.0684555974,
    "incomeTaxExpense": 694000000,
    "netIncome": 1903000000,
    "netIncomeRatio": 0.0501621109,
    "eps": 1.61,
    "epsdiluted": 1.56,
    "weightedAverageShsOut": 1172050000,
    "weightedAverageShsOutDil": 1209615000,
    "link": "https://www.sec.gov/Archives/edgar/data/37996/000003799696000027/0000037996-96-000027-index.html",
    "finalLink": "https://www.sec.gov/Archives/edgar/data/37996/"
  },
  {
    "date": "1996-03-31",
    "symbol": "F",
    "reportedCurrency": "USD",
    "cik": "0000037996",
    "fillingDate": "1996-05-13",
    "acceptedDate": "1996-05-13 00:00:00",
    "calendarYear": "1996",
    "period": "Q1",
    "revenue": 36261000000,
    "costOfRevenue": 28974000000,
    "grossProfit": 7287000000,
    "grossProfitRatio": 0.2009597088,
    "researchAndDevelopmentExpenses": 0,
    "generalAndAdministrativeExpenses": 0,
    "sellingAndMarketingExpenses": 0,
    "sellingGeneralAndAdministrativeExpenses": 2048000000,
    "otherExpenses": 1691000000,
    "operatingExpenses": 3739000000,
    "costAndExpenses": 32713000000,
    "interestIncome": 0,
    "interestExpense": 0,
    "depreciationAndAmortization": 1691000000,
    "ebitda": 5239000000,
    "ebitdaratio": 0.1444802956,
    "operatingIncome": 3548000000,
    "operatingIncomeRatio": 0.0978461708,
    "totalOtherIncomeExpensesNet": -2482000000,
    "incomeBeforeTax": 1066000000,
    "incomeBeforeTaxRatio": 0.0293979758,
    "incomeTaxExpense": 413000000,
    "netIncome": 653000000,
    "netIncomeRatio": 0.0180083285,
    "eps": 0.54,
    "epsdiluted": 0.54,
    "weightedAverageShsOut": 1724889172,
    "weightedAverageShsOutDil": 1724889172,
    "link": "https://www.sec.gov/Archives/edgar/data/37996/000003799696000017/0000037996-96-000017-index.html",
    "finalLink": "https://www.sec.gov/Archives/edgar/data/37996/"
  },
  {
    "date": "1995-12-31",
    "symbol": "F",
    "reportedCurrency": "USD",
    "cik": "0000037996",
    "fillingDate": "1996-03-19",
    "acceptedDate": "1996-03-19 00:00:00",
    "calendarYear": "1995",
    "period": "Q4",
    "revenue": 34547000000,
    "costOfRevenue": 31417000000,
    "grossProfit": 3130000000,
    "grossProfitRatio": 0.0906012099,
    "researchAndDevelopmentExpenses": 0,
    "generalAndAdministrativeExpenses": 0,
    "sellingAndMarketingExpenses": 0,
    "sellingGeneralAndAdministrativeExpenses": 289000000,
    "otherExpenses": 1664000000,
    "operatingExpenses": 1953000000,
    "costAndExpenses": 33370000000,
    "interestIncome": 0,
    "interestExpense": 0,
    "depreciationAndAmortization": 6883000000,
    "ebitda": 1389000000,
    "ebitdaratio": 0.040206096,
    "operatingIncome": 1177000000,
    "operatingIncomeRatio": 0.0340695285,
    "totalOtherIncomeExpensesNet": -149000000,
    "incomeBeforeTax": 1028000000,
    "incomeBeforeTaxRatio": 0.0297565635,
    "incomeTaxExpense": 181000000,
    "netIncome": 660000000,
    "netIncomeRatio": 0.0191044085,
    "eps": 0.33,
    "epsdiluted": 0.31,
    "weightedAverageShsOut": 1703715086,
    "weightedAverageShsOutDil": 1768010586,
    "link": "https://www.sec.gov/Archives/edgar/data/37996/000003799696000007/0000037996-96-000007-index.html",
    "finalLink": "https://www.sec.gov/Archives/edgar/data/37996/"
  },
  {
    "date": "1995-09-30",
    "symbol": "F",
    "reportedCurrency": "USD",
    "cik": "0000037996",
    "fillingDate": "1995-11-09",
    "acceptedDate": "1995-11-09 00:00:00",
    "calendarYear": "1995",
    "period": "Q3",
    "revenue": 31418000000,
    "costOfRevenue": 24681000000,
    "grossProfit": 6737000000,
    "grossProfitRatio": 0.2144312178,
    "researchAndDevelopmentExpenses": 0,
    "generalAndAdministrativeExpenses": 0,
    "sellingAndMarketingExpenses": 0,
    "sellingGeneralAndAdministrativeExpenses": 1853000000,
    "otherExpenses": 1715000000,
    "operatingExpenses": 3568000000,
    "costAndExpenses": 28249000000,
    "interestIncome": 0,
    "interestExpense": 0,
    "depreciationAndAmortization": 1715000000,
    "ebitda": 4884000000,
    "ebitdaratio": 0.1554522885,
    "operatingIncome": 3169000000,
    "operatingIncomeRatio": 0.1008657458,
    "totalOtherIncomeExpensesNet": -2655000000,
    "incomeBeforeTax": 514000000,
    "incomeBeforeTaxRatio": 0.0163600484,
    "incomeTaxExpense": 157000000,
    "netIncome": 357000000,
    "netIncomeRatio": 0.011362913,
    "eps": 0.18,
    "epsdiluted": 0.18,
    "weightedAverageShsOut": 1712963768,
    "weightedAverageShsOutDil": 1712963768,
    "link": "https://www.sec.gov/Archives/edgar/data/37996/000003799695000033/0000037996-95-000033-index.html",
    "finalLink": "https://www.sec.gov/Archives/edgar/data/37996/"
  }
]