[
  {
    "date": "2024-12-31",
    "symbol": "F",
    "reportedCurrency": "USD",
    "cik": "0000037996",
    "fillingDate": "2025-02-06",
    "acceptedDate": "2025-02-05 20:44:08",
    "calendarYear": "2024",
    "period": "FY",
    "revenue": 184992000000,
    "costOfRevenue": 169486000000,
    "grossProfit": 15506000000,
    "grossProfitRatio": 0.0838198409,
    "researchAndDevelopmentExpenses": 8000000000,
    "generalAndAdministrativeExpenses": 7487000000,
    "sellingAndMarketingExpenses": 2800000000,
    "sellingGeneralAndAdministrativeExpenses": 10287000000,
    "otherExpenses": -8000000000,
    "operatingExpenses": 10287000000,
    "costAndExpenses": 179773000000,
    "interestIncome": 1540000000,
    "interestExpense": 1136000000,
    "depreciationAndAmortization": 5867000000,
    "ebitda": 14236000000,
    "ebitdaratio": 0.0769546791,
    "operatingIncome": 5219000000,
    "operatingIncomeRatio": 0.0282120308,
    "totalOtherIncomeExpensesNet": 2014000000,
    "incomeBeforeTax": 7233000000,
    "incomeBeforeTaxRatio": 0.0390989881,
    "incomeTaxExpense": 1339000000,
    "netIncome": 5879000000,
    "netIncomeRatio": 0.0317797526,
    "eps": 1.48,
    "epsdiluted": 1.46,
    "weightedAverageShsOut": 3978000000,
    "weightedAverageShsOutDil": 4021000000,
    "link": "https://www.sec.gov/Archives/edgar/data/37996/000003799625000013/0000037996-25-000013-index.htm",
    "finalLink": "https://www.sec.gov/Archives/edgar/data/37996/000003799625000013/f-20241231.htm"
  },
  {
    "date": "2023-12-31",
    "symbol": "F",
    "reportedCurrency": "USD",
    "cik": "0000037996",
    "fillingDate": "2024-02-07",
    "acceptedDate": "2024-02-06 19:33:55",
    "calendarYear": "2023",
    "period": "FY",
    "revenue": 176191000000,
    "costOfRevenue": 160031000000,
    "grossProfit": 16160000000,
    "grossProfitRatio": 0.0917186462,
    "researchAndDevelopmentExpenses": 0,
    "generalAndAdministrativeExpenses": 0,
    "sellingAndMarketingExpenses": 0,
    "sellingGeneralAndAdministrativeExpenses": 10702000000,
    "otherExpenses": 0,
    "operatingExpenses": 10702000000,
    "costAndExpenses": 170733000000,
    "interestIncome": 1567000000,
    "interestExpense": 1318000000,
    "depreciationAndAmortization": 6523000000,
    "ebitda": 11808000000,
    "ebitdaratio": 0.0670181791,
    "operatingIncome": 5458000000,
    "operatingIncomeRatio": 0.0309777457,
    "totalOtherIncomeExpensesNet": -1491000000,
    "incomeBeforeTax": 3967000000,
    "incomeBeforeTaxRatio": 0.0225153385,
    "incomeTaxExpense": -362000000,
    "netIncome": 4347000000,
    "netIncomeRatio": 0.0246720888,
    "eps": 1.09,
    "epsdiluted": 1.08,
    "weightedAverageShsOut": 3998000000,
    "weightedAverageShsOutDil": 4041000000,
    "link": "https://www.sec.gov/Archives/edgar/data/37996/000003799624000009/0000037996-24-000009-index.htm",
    "finalLink": "https://www.sec.gov/Archives/edgar/data/37996/000003799624000009/f-20231231.htm"
  },
  {
    "date": "2022-12-31",
    "symbol": "F",
    "reportedCurrency": "USD",
    "cik": "0000037996",
    "fillingDate": "2023-02-03",
    "acceptedDate": "2023-02-02 19:39:34",
    "calendarYear": "2022",
    "period": "FY",
    "revenue": 158057000000,
    "costOfRevenue": 140893000000,
    "grossProfit": 17164000000,
    "grossProfitRatio": 0.1085937352,
    "researchAndDevelopmentExpenses": 0,
    "generalAndAdministrativeExpenses": 0,
    "sellingAndMarketingExpenses": 0,
    "sellingGeneralAndAdministrativeExpenses": 10888000000,
    "otherExpenses": 0,
    "operatingExpenses": 10888000000,
    "costAndExpenses": 151781000000,
    "interestIncome": 639000000,
    "interestExpense": 1282000000,
    "depreciationAndAmortization": 6493000000,
    "ebitda": 4759000000,
    "ebitdaratio": 0.0301093909,
    "operatingIncome": 6276000000,
    "operatingIncomeRatio": 0.0397071942,
    "totalOtherIncomeExpensesNet": -9292000000,
    "incomeBeforeTax": -3016000000,
    "incomeBeforeTaxRatio": -0.0190817237,
    "incomeTaxExpense": -864000000,
    "netIncome": -1981000000,
    "netIncomeRatio": -0.0125334531,
    "eps": -0.49,
    "epsdiluted": -0.49,
    "weightedAverageShsOut": 4014000000,
    "weightedAverageShsOutDil": 4014000000,
    "link": "https://www.sec.gov/Archives/edgar/data/37996/000003799623000012/0000037996-23-000012-index.htm",
    "finalLink": "https://www.sec.gov/Archives/edgar/data/37996/000003799623000012/f-20221231.htm"
  },
  {
    "date": "2021-12-31",
    "symbol": "F",
    "reportedCurrency": "USD",
    "cik": "0000037996",
    "fillingDate": "2022-02-04",
    "acceptedDate": "2022-02-03 18:24:07",
    "calendarYear": "2021",
    "period": "FY",
    "revenue": 136341000000,
    "costOfRevenue": 119903000000,
    "grossProfit": 16438000000,
    "grossProfitRatio": 0.1205653472,
    "researchAndDevelopmentExpenses": 0,
    "generalAndAdministrativeExpenses": 0,
    "sellingAndMarketingExpenses": 0,
    "sellingGeneralAndAdministrativeExpenses": 11915000000,
    "otherExpenses": 0,
    "operatingExpenses": 11915000000,
    "costAndExpenses": 131818000000,
    "interestIncome": 261000000,
    "interestExpense": 1803000000,
    "depreciationAndAmortization": 5960000000,
    "ebitda": 25543000000,
    "ebitdaratio": 0.1873464328,
    "operatingIncome": 4523000000,
    "operatingIncomeRatio": 0.0331741736,
    "totalOtherIncomeExpensesNet": 13257000000,
    "incomeBeforeTax": 17780000000,
    "incomeBeforeTaxRatio": 0.1304083144,
    "incomeTaxExpense": -130000000,
    "netIncome": 17937000000,
    "netIncomeRatio": 0.1315598389,
    "eps": 4.49,
    "epsdiluted": 4.45,
    "weightedAverageShsOut": 3991000000,
    "weightedAverageShsOutDil": 4034000000,
    "link": "https://www.sec.gov/Archives/edgar/data/37996/000003799622000013/0000037996-22-000013-index.htm",
    "finalLink": "https://www.sec.gov/Archives/edgar/data/37996/000003799622000013/f-20211231.htm"
  },
  {
    "date": "2020-12-31",
    "symbol": "F",
    "reportedCurrency": "USD",
    "cik": "0000037996",
    "fillingDate": "2021-02-05",
    "acceptedDate": "2021-02-04 18:58:09",
    "calendarYear": "2020",
    "period": "FY",
    "revenue": 127144000000,
    "costOfRevenue": 121359000000,
    "grossProfit": 5785000000,
    "grossProfitRatio": 0.045499591,
    "researchAndDevelopmentExpenses": 0,
    "generalAndAdministrativeExpenses": 0,
    "sellingAndMarketingExpenses": 0,
    "sellingGeneralAndAdministrativeExpenses": 10193000000,
    "otherExpenses": 0,
    "operatingExpenses": 10193000000,
    "costAndExpenses": 131552000000,
    "interestIncome": 452000000,
    "interestExpense": 1651000000,
    "depreciationAndAmortization": 7457000000,
    "ebitda": 7992000000,
    "ebitdaratio": 0.062857862,
    "operatingIncome": -4408000000,
    "operatingIncomeRatio": -0.0346693513,
    "totalOtherIncomeExpensesNet": 3292000000,
    "incomeBeforeTax": -1116000000,
    "incomeBeforeTaxRatio": -0.0087774492,
    "incomeTaxExpense": 160000000,
    "netIncome": -1279000000,
    "netIncomeRatio": -0.0100594601,
    "eps": -0.32,
    "epsdiluted": -0.32,
    "weightedAverageShsOut": 3973000000,
    "weightedAverageShsOutDil": 3973000000,
    "link": "https://www.sec.gov/Archives/edgar/data/37996/000003799621000012/0000037996-21-000012-index.htm",
    "finalLink": "https://www.sec.gov/Archives/edgar/data/37996/000003799621000012/f-20201231.htm"
  },
  {
    "date": "2019-12-31",
    "symbol": "F",
    "reportedCurrency": "USD",
    "cik": "0000037996",
    "fillingDate": "2020-02-05",
    "acceptedDate": "2020-02-05 12:01:22",
    "calendarYear": "2019",
    "period": "FY",
    "revenue": 155900000000,
    "costOfRevenue": 144165000000,
    "grossProfit": 11735000000,
    "grossProfitRatio": 0.0752726106,
    "researchAndDevelopmentExpenses": 0,
    "generalAndAdministrativeExpenses": 0,
    "sellingAndMarketingExpenses": 0,
    "sellingGeneralAndAdministrativeExpenses": 11161000000,
    "otherExpenses": 0,
    "operatingExpenses": 11161000000,
    "costAndExpenses": 155326000000,
    "interestIncome": 809000000,
    "interestExpense": 1049000000,
    "depreciationAndAmortization": 8490000000,
    "ebitda": 8899000000,
    "ebitdaratio": 0.0570814625,
    "operatingIncome": 574000000,
    "operatingIncomeRatio": 0.0036818473,
    "totalOtherIncomeExpensesNet": -1214000000,
    "incomeBeforeTax": -640000000,
    "incomeBeforeTaxRatio": -0.0041051956,
    "incomeTaxExpense": -724000000,
    "netIncome": 47000000,
    "netIncomeRatio": 0.0003014753,
    "eps": 0.01,
    "epsdiluted": 0.01,
    "weightedAverageShsOut": 3972000000,
    "weightedAverageShsOutDil": 4004000000,
    "link": "https://www.sec.gov/Archives/edgar/data/37996/000003799620000010/0000037996-20-000010-index.htm",
    "finalLink": "https://www.sec.gov/Archives/edgar/data/37996/000003799620000010/f1231201910-k.htm"
  },
  {
    "date": "2018-12-31",
    "symbol": "F",
    "reportedCurrency": "USD",
    "cik": "0000037996",
    "fillingDate": "2019-02-21",
    "acceptedDate": "2019-02-21 16:10:10",
    "calendarYear": "2018",
    "period": "FY",
    "revenue": 160338000000,
    "costOfRevenue": 145732000000,
    "grossProfit": 14606000000,
    "grossProfitRatio": 0.0910950617,
    "researchAndDevelopmentExpenses": 0,
    "generalAndAdministrativeExpenses": 0,
    "sellingAndMarketingExpenses": 0,
    "sellingGeneralAndAdministrativeExpenses": 11403000000,
    "otherExpenses": 0,
    "operatingExpenses": 11403000000,
    "costAndExpenses": 157135000000,
    "interestIncome": 700000000,
    "interestExpense": 1228000000,
    "depreciationAndAmortization": 8413000000,
    "ebitda": 13986000000,
    "ebitdaratio": 0.0872282304,
    "operatingIncome": 3203000000,
    "operatingIncomeRatio": 0.0199765495,
    "totalOtherIncomeExpensesNet": 1142000000,
    "incomeBeforeTax": 4345000000,
    "incomeBeforeTaxRatio": 0.0270990034,
    "incomeTaxExpense": 650000000,
    "netIncome": 3677000000,
    "netIncomeRatio": 0.0229328045,
    "eps": 0.93,
    "epsdiluted": 0.92,
    "weightedAverageShsOut": 3953763000,
    "weightedAverageShsOutDil": 3996739000,
    "link": "https://www.sec.gov/Archives/edgar/data/37996/000003799619000012/0000037996-19-000012-index.htm",
    "finalLink": "https://www.sec.gov/Archives/edgar/data/37996/000003799619000012/f1231201810-k.htm"
  },
  {
    "date": "2017-12-31",
    "symbol": "F",
    "reportedCurrency": "USD",
    "cik": "0000037996",
    "fillingDate": "2018-02-08",
    "acceptedDate": "2018-02-08 11:41:16",
    "calendarYear": "2017",
    "period": "FY",
    "revenue": 156776000000,
    "costOfRevenue": 140368000000,
    "grossProfit": 16408000000,
    "grossProfitRatio": 0.1046588764,
    "researchAndDevelopmentExpenses": 0,
    "generalAndAdministrativeExpenses": 11527000000,
    "sellingAndMarketingExpenses": 0,
    "sellingGeneralAndAdministrativeExpenses": 11527000000,
    "otherExpenses": 0,
    "operatingExpenses": 11527000000,
    "costAndExpenses": 151895000000,
    "interestIncome": 461000000,
    "interestExpense": 1190000000,
    "depreciationAndAmortization": 8572000000,
    "ebitda": 17921000000,
    "ebitdaratio": 0.1143095882,
    "operatingIncome": 4881000000,
    "operatingIncomeRatio": 0.0311335919,
    "totalOtherIncomeExpensesNet": 3278000000,
    "incomeBeforeTax": 8159000000,
    "incomeBeforeTaxRatio": 0.0520424044,
    "incomeTaxExpense": 402000000,
    "netIncome": 7731000000,
    "netIncomeRatio": 0.0493123948,
    "eps": 1.91,
    "epsdiluted": 1.9,
    "weightedAverageShsOut": 3980105000,
    "weightedAverageShsOutDil": 4001053000,
    "link": "https://www.sec.gov/Archives/edgar/data/37996/000003799618000015/0000037996-18-000015-index.htm",
    "finalLink": "https://www.sec.gov/Archives/edgar/data/37996/000003799618000015/f1231201710-k.htm"
  },
  {
    "date": "2016-12-31",
    "symbol": "F",
    "reportedCurrency": "USD",
    "cik": "0000037996",
    "fillingDate": "2017-02-09",
    "acceptedDate": "2017-02-09 08:44:28",
    "calendarYear": "2016",
    "period": "FY",
    "revenue": 151800000000,
    "costOfRevenue": 135042000000,
    "grossProfit": 16758000000,
    "grossProfitRatio": 0.1103952569,
    "researchAndDevelopmentExpenses": 0,
    "generalAndAdministrativeExpenses": 0,
    "sellingAndMarketingExpenses": 0,
    "sellingGeneralAndAdministrativeExpenses": 10972000000,
    "otherExpenses": 0,
    "operatingExpenses": 10972000000,
    "costAndExpenses": 146014000000,
    "interestIncome": 294000000,
    "interestExpense": 951000000,
    "depreciationAndAmortization": 8717000000,
    "ebitda": 16452000000,
    "ebitdaratio": 0.1083794466,
    "operatingIncome": 5786000000,
    "operatingIncomeRatio": 0.038115942,
    "totalOtherIncomeExpensesNet": 998000000,
    "incomeBeforeTax": 6784000000,
    "incomeBeforeTaxRatio": 0.0446903821,
    "incomeTaxExpense": 2184000000,
    "netIncome": 4589000000,
    "netIncomeRatio": 0.0302305665,
    "eps": 1.16,
    "epsdiluted": 1.15,
    "weightedAverageShsOut": 3973000000,
    "weightedAverageShsOutDil": 3999000000,
    "link": "https://www.sec.gov/Archives/edgar/data/37996/000003799617000013/0000037996-17-000013-index.htm",
    "finalLink": "https://www.sec.gov/Archives/edgar/data/37996/000003799617000013/f1231201610-k.htm"
  },
  {
    "date": "2015-12-31",
    "symbol": "F",
    "reportedCurrency": "USD",
    "cik": "0000037996",
    "fillingDate": "2016-02-11",
    "acceptedDate": "2016-02-11 08:13:33",
    "calendarYear": "2015",
    "period": "FY",
    "revenue": 149558000000,
    "costOfRevenue": 131814000000,
    "grossProfit": 17744000000,
    "grossProfitRatio": 0.1186429345,
    "researchAndDevelopmentExpenses": 0,
    "generalAndAdministrativeExpenses": 10763000000,
    "sellingAndMarketingExpenses": 0,
    "sellingGeneralAndAdministrativeExpenses": 10763000000,
    "otherExpenses": 0,
    "operatingExpenses": 10763000000,
    "costAndExpenses": 142577000000,
    "interestIncome": 312000000,
    "interestExpense": 773000000,
    "depreciationAndAmortization": 7966000000,
    "ebitda": 18991000000,
    "ebitdaratio": 0.1269808369,
    "operatingIncome": 6981000000,
    "operatingIncomeRatio": 0.0466775432,
    "totalOtherIncomeExpensesNet": 3271000000,
    "incomeBeforeTax": 10252000000,
    "incomeBeforeTaxRatio": 0.0685486567,
    "incomeTaxExpense": 2881000000,
    "netIncome": 7373000000,
    "netIncomeRatio": 0.0492985999,
    "eps": 1.86,
    "epsdiluted": 1.84,
    "weightedAverageShsOut": 3969000000,
    "weightedAverageShsOutDil": 4002000000,
    "link": "https://www.sec.gov/Archives/edgar/data/37996/000003799616000092/0000037996-16-000092-index.htm",
    "finalLink": "https://www.sec.gov/Archives/edgar/data/37996/000003799616000092/f1231201510-k.htm"
  },
  {
    "date": "2014-12-31",
    "symbol": "F",
    "reportedCurrency": "USD",
    "cik": "0000037996",
    "fillingDate": "2015-02-13",
    "acceptedDate": "2015-02-13 07:03:25",
    "calendarYear": "2014",
    "period": "FY",
    "revenue": 144077000000,
    "costOfRevenue": 131903000000,
    "grossProfit": 12174000000,
    "grossProfitRatio": 0.0844964845,
    "researchAndDevelopmentExpenses": 0,
    "generalAndAdministrativeExpenses": 0,
    "sellingAndMarketingExpenses": 0,
    "sellingGeneralAndAdministrativeExpenses": 11842000000,
    "otherExpenses": 0,
    "operatingExpenses": 11842000000,
    "costAndExpenses": 143745000000,
    "interestIncome": 353000000,
    "interestExpense": 810000000,
    "depreciationAndAmortization": 7423000000,
    "ebitda": 9467000000,
    "ebitdaratio": 0.0657079201,
    "operatingIncome": 332000000,
    "operatingIncomeRatio": 0.0023043234,
    "totalOtherIncomeExpensesNet": 902000000,
    "incomeBeforeTax": 1234000000,
    "incomeBeforeTaxRatio": 0.0085648646,
    "incomeTaxExpense": 4000000,
    "netIncome": 1231000000,
    "netIncomeRatio": 0.0085440424,
    "eps": 0.31,
    "epsdiluted": 0.31,
    "weightedAverageShsOut": 3912000000,
    "weightedAverageShsOutDil": 3958000000,
    "link": "https://www.sec.gov/Archives/edgar/data/37996/000003799615000013/0000037996-15-000013-index.htm",
    "finalLink": "https://www.sec.gov/Archives/edgar/data/37996/000003799615000013/f1231201410-k.htm"
  },
  {
    "date": "2013-12-31",
    "symbol": "F",
    "reportedCurrency": "USD",
    "cik": "0000037996",
    "fillingDate": "2014-02-18",
    "acceptedDate": "2014-02-18 14:09:05",
    "calendarYear": "2013",
    "period": "FY",
    "revenue": 146917000000,
    "costOfRevenue": 123050000000,
    "grossProfit": 23867000000,
    "grossProfitRatio": 0.162452269,
    "researchAndDevelopmentExpenses": 0,
    "generalAndAdministrativeExpenses": 0,
    "sellingAndMarketingExpenses": 0,
    "sellingGeneralAndAdministrativeExpenses": 10850000000,
    "otherExpenses": 208000000,
    "operatingExpenses": 11058000000,
    "costAndExpenses": 134108000000,
    "interestIncome": 213000000,
    "interestExpense": 829000000,
    "depreciationAndAmortization": 6544000000,
    "ebitda": 21744000000,
    "ebitdaratio": 0.1480019331,
    "operatingIncome": 12809000000,
    "operatingIncomeRatio": 0.0871852815,
    "totalOtherIncomeExpensesNet": 1562000000,
    "incomeBeforeTax": 14371000000,
    "incomeBeforeTaxRatio": 0.0978171348,
    "incomeTaxExpense": 2425000000,
    "netIncome": 11953000000,
    "netIncomeRatio": 0.0813588625,
    "eps": 3.04,
    "epsdiluted": 2.94,
    "weightedAverageShsOut": 3935000000,
    "weightedAverageShsOutDil": 4087000000,
    "link": "https://www.sec.gov/Archives/edgar/data/37996/000003799614000010/0000037996-14-000010-index.htm",
    "finalLink": "https://www.sec.gov/Archives/edgar/data/37996/000003799614000010/f1231201310k.htm"
  },
  {
    "date": "2012-12-31",
    "symbol": "F",
    "reportedCurrency": "USD",
    "cik": "0000037996",
    "fillingDate": "2013-02-19",
    "acceptedDate": "2013-02-19 07:12:51",
    "calendarYear": "2012",
    "period": "FY",
    "revenue": 133559000000,
    "costOfRevenue": 116154000000,
    "grossProfit": 17405000000,
    "grossProfitRatio": 0.1303169386,
    "researchAndDevelopmentExpenses": 0,
    "generalAndAdministrativeExpenses": 0,
    "sellingAndMarketingExpenses": 0,
    "sellingGeneralAndAdministrativeExpenses": 11529000000,
    "otherExpenses": 77000000,
    "operatingExpenses": 11606000000,
    "costAndExpenses": 127760000000,
    "interestIncome": 342000000,
    "interestExpense": 713000000,
    "depreciationAndAmortization": 5300000000,
    "ebitda": 13651000000,
    "ebitdaratio": 0.1022095104,
    "operatingIncome": 5799000000,
    "operatingIncomeRatio": 0.0434190133,
    "totalOtherIncomeExpensesNet": 1839000000,
    "incomeBeforeTax": 7638000000,
    "incomeBeforeTaxRatio": 0.057188209,
    "incomeTaxExpense": 2026000000,
    "netIncome": 5613000000,
    "netIncomeRatio": 0.0420263704,
    "eps": 1.47,
    "epsdiluted": 1.41,
    "weightedAverageShsOut": 3815000000,
    "weightedAverageShsOutDil": 4015000000,
    "link": "https://www.sec.gov/Archives/edgar/data/37996/000003799613000014/0000037996-13-000014-index.htm",
    "finalLink": "https://www.sec.gov/Archives/edgar/data/37996/000003799613000014/f12312012-10k.htm"
  },
  {
    "date": "2011-12-31",
    "symbol": "F",
    "reportedCurrency": "USD",
    "cik": "0000037996",
    "fillingDate": "2012-02-21",
    "acceptedDate": "2012-02-21 15:45:59",
    "calendarYear": "2011",
    "period": "FY",
    "revenue": 135605000000,
    "costOfRevenue": 117225000000,
    "grossProfit": 18380000000,
    "grossProfitRatio": 0.1355407249,
    "researchAndDevelopmentExpenses": 0,
    "generalAndAdministrativeExpenses": 0,
    "sellingAndMarketingExpenses": 0,
    "sellingGeneralAndAdministrativeExpenses": 10884000000,
    "otherExpenses": -36000000,
    "operatingExpenses": 10848000000,
    "costAndExpenses": 128073000000,
    "interestIncome": 471000000,
    "interestExpense": 817000000,
    "depreciationAndAmortization": 4256000000,
    "ebitda": 13754000000,
    "ebitdaratio": 0.1014269385,
    "operatingIncome": 7532000000,
    "operatingIncomeRatio": 0.0555436746,
    "totalOtherIncomeExpensesNet": 1149000000,
    "incomeBeforeTax": 8681000000,
    "incomeBeforeTaxRatio": 0.0640168135,
    "incomeTaxExpense": -11541000000,
    "netIncome": 20213000000,
    "netIncomeRatio": 0.1490579256,
    "eps": 5.33,
    "epsdiluted": 4.94,
    "weightedAverageShsOut": 3793000000,
    "weightedAverageShsOutDil": 4111000000,
    "link": "https://www.sec.gov/Archives/edgar/data/37996/000003799612000007/0000037996-12-000007-index.htm",
    "finalLink": "https://www.sec.gov/Archives/edgar/data/37996/000003799612000007/f12312011-10k.htm"
  },
  {
    "date": "2010-12-31",
    "symbol": "F",
    "reportedCurrency": "USD",
    "cik": "0000037996",
    "fillingDate": "2011-02-28",
    "acceptedDate": "2011-02-28 07:33:42",
    "calendarYear": "2010",
    "period": "FY",
    "revenue": 128954000000,
    "costOfRevenue": 108796000000,
    "grossProfit": 20158000000,
    "grossProfitRatio": 0.1563193077,
    "researchAndDevelopmentExpenses": 0,
    "generalAndAdministrativeExpenses": 0,
    "sellingAndMarketingExpenses": 0,
    "sellingGeneralAndAdministrativeExpenses": 11909000000,
    "otherExpenses": -216000000,
    "operatingExpenses": 11693000000,
    "costAndExpenses": 120489000000,
    "interestIncome": 348000000,
    "interestExpense": 1807000000,
    "depreciationAndAmortization": 5584000000,
    "ebitda": 14540000000,
    "ebitdaratio": 0.1127533849,
    "operatingIncome": 8465000000,
    "operatingIncomeRatio": 0.0656435628,
    "totalOtherIncomeExpensesNet": -1316000000,
    "incomeBeforeTax": 7149000000,
    "incomeBeforeTaxRatio": 0.0554383734,
    "incomeTaxExpense": 592000000,
    "netIncome": 6561000000,
    "netIncomeRatio": 0.0508786079,
    "eps": 1.9,
    "epsdiluted": 1.66,
    "weightedAverageShsOut": 3449000000,
    "weightedAverageShsOutDil": 4178000000,
    "link": "https://www.sec.gov/Archives/edgar/data/37996/000115752311001210/0001157523-11-001210-index.htm",
    "finalLink": "https://www.sec.gov/Archives/edgar/data/37996/000115752311001210/a6622311.htm"
  },
  {
    "date": "2009-12-31",
    "symbol": "F",
    "reportedCurrency": "USD",
    "cik": "0000037996",
    "fillingDate": "2010-02-25",
    "acceptedDate": "2010-02-25 14:03:27",
    "calendarYear": "2009",
    "period": "FY",
    "revenue": 116283000000,
    "costOfRevenue": 98866000000,
    "grossProfit": 17417000000,
    "grossProfitRatio": 0.1497811374,
    "researchAndDevelopmentExpenses": 0,
    "generalAndAdministrativeExpenses": 0,
    "sellingAndMarketingExpenses": 0,
    "sellingGeneralAndAdministrativeExpenses": 13029000000,
    "otherExpenses": 0,
    "operatingExpenses": 13029000000,
    "costAndExpenses": 111895000000,
    "interestIncome": 312000000,
    "interestExpense": 6790000000,
    "depreciationAndAmortization": 6580000000,
    "ebitda": 15969000000,
    "ebitdaratio": 0.1373287583,
    "operatingIncome": 4388000000,
    "operatingIncomeRatio": 0.0377355245,
    "totalOtherIncomeExpensesNet": -1789000000,
    "incomeBeforeTax": 2599000000,
    "incomeBeforeTaxRatio": 0.0223506445,
    "incomeTaxExpense": -113000000,
    "netIncome": 2717000000,
    "netIncomeRatio": 0.0233654102,
    "eps": 0.91,
    "epsdiluted": 0.86,
    "weightedAverageShsOut": 2991000000,
    "weightedAverageShsOutDil": 3312000000,
    "link": "https://www.sec.gov/Archives/edgar/data/37996/000115752310001218/0001157523-10-001218-index.htm",
    "finalLink": "https://www.sec.gov/Archives/edgar/data/37996/000115752310001218/a6182308.htm"
  },
  {
    "date": "2008-12-31",
    "symbol": "F",
    "reportedCurrency": "USD",
    "cik": "0000037996",
    "fillingDate": "2009-02-26",
    "acceptedDate": "2009-02-26 06:17:07",
    "calendarYear": "2008",
    "period": "FY",
    "revenue": 145114000000,
    "costOfRevenue": 127102000000,
    "grossProfit": 18012000000,
    "grossProfitRatio": 0.1241231032,
    "researchAndDevelopmentExpenses": 0,
    "generalAndAdministrativeExpenses": 0,
    "sellingAndMarketingExpenses": 0,
    "sellingGeneralAndAdministrativeExpenses": 21430000000,
    "otherExpenses": 0,
    "operatingExpenses": 21430000000,
    "costAndExpenses": 148532000000,
    "interestIncome": 1149000000,
    "interestExpense": 10531000000,
    "depreciationAndAmortization": 12457000000,
    "ebitda": 8490000000,
    "ebitdaratio": 0.0585057265,
    "operatingIncome": -3418000000,
    "operatingIncomeRatio": -0.0235538956,
    "totalOtherIncomeExpensesNet": -11080000000,
    "incomeBeforeTax": -14498000000,
    "incomeBeforeTaxRatio": -0.0999076588,
    "incomeTaxExpense": 63000000,
    "netIncome": -14766000000,
    "netIncomeRatio": -0.1017544827,
    "eps": -6.5,
    "epsdiluted": -6.5,
    "weightedAverageShsOut": 2273000000,
    "weightedAverageShsOutDil": 2273000000,
    "link": "https://www.sec.gov/Archives/edgar/data/37996/000114036109005071/0001140361-09-005071-index.htm",
    "finalLink": "https://www.sec.gov/Archives/edgar/data/37996/000114036109005071/form10k.htm"
  },
  {
    "date": "2007-12-31",
    "symbol": "F",
    "reportedCurrency": "USD",
    "cik": "0000037996",
    "fillingDate": "2008-02-27",
    "acceptedDate": "2008-02-27 16:16:58",
    "calendarYear": "2007",
    "period": "FY",
    "revenue": 172455000000,
    "costOfRevenue": 142587000000,
    "grossProfit": 29868000000,
    "grossProfitRatio": 0.1731930069,
    "researchAndDevelopmentExpenses": 0,
    "generalAndAdministrativeExpenses": 0,
    "sellingAndMarketingExpenses": 0,
    "sellingGeneralAndAdministrativeExpenses": 21169000000,
    "otherExpenses": 0,
    "operatingExpenses": 21169000000,
    "costAndExpenses": 163756000000,
    "interestIncome": 1161000000,
    "interestExpense": 10927000000,
    "depreciationAndAmortization": 13158000000,
    "ebitda": 20339000000,
    "ebitdaratio": 0.1179380128,
    "operatingIncome": 8699000000,
    "operatingIncomeRatio": 0.0504421443,
    "totalOtherIncomeExpensesNet": -12445000000,
    "incomeBeforeTax": -3746000000,
    "incomeBeforeTaxRatio": -0.0217216085,
    "incomeTaxExpense": -1294000000,
    "netIncome": -2723000000,
    "netIncomeRatio": -0.0157896263,
    "eps": -1.38,
    "epsdiluted": -1.38,
    "weightedAverageShsOut": 1979000000,
    "weightedAverageShsOutDil": 1979000000,
    "link": "https://www.sec.gov/Archives/edgar/data/37996/000114036108005181/0001140361-08-005181-index.htm",
    "finalLink": "https://www.sec.gov/Archives/edgar/data/37996/000114036108005181/form10k.htm"
  },
  {
    "date": "2006-12-31",
    "symbol": "F",
    "reportedCurrency": "USD",
    "cik": "0000037996",
    "fillingDate": "2007-02-28",
    "acceptedDate": "2007-02-28 16:51:44",
    "calendarYear": "2006",
    "period": "FY",
    "revenue": 160065000000,
    "costOfRevenue": 148866000000,
    "grossProfit": 11199000000,
    "grossProfitRatio": 0.0699653266,
    "researchAndDevelopmentExpenses": 0,
    "generalAndAdministrativeExpenses": 0,
    "sellingAndMarketingExpenses": 0,
    "sellingGeneralAndAdministrativeExpenses": 19148000000,
    "otherExpenses": 0,
    "operatingExpenses": 19148000000,
    "costAndExpenses": 168014000000,
    "interestIncome": 1478000000,
    "interestExpense": 8783000000,
    "depreciationAndAmortization": 16519000000,
    "ebitda": -6291000000,
    "ebitdaratio": -0.0393027832,
    "operatingIncome": -7949000000,
    "operatingIncomeRatio": -0.0496610752,
    "totalOtherIncomeExpensesNet": -7125000000,
    "incomeBeforeTax": -15074000000,
    "incomeBeforeTaxRatio": -0.0941742417,
    "incomeTaxExpense": -2655000000,
    "netIncome": -12613000000,
    "netIncomeRatio": -0.0787992378,
    "eps": -6.71,
    "epsdiluted": -6.71,
    "weightedAverageShsOut": 1879000000,
    "weightedAverageShsOutDil": 1879000000,
    "link": "https://www.sec.gov/Archives/edgar/data/37996/000095012407001201/0000950124-07-001201-index.htm",
    "finalLink": "https://www.sec.gov/Archives/edgar/data/37996/000095012407001201/k12522e10vk.htm"
  },
  {
    "date": "2005-12-31",
    "symbol": "F",
    "reportedCurrency": "USD",
    "cik": "0000037996",
    "fillingDate": "2006-11-14",
    "acceptedDate": "2006-11-14 08:02:52",
    "calendarYear": "2005",
    "period": "FY",
    "revenue": 176835000000,
    "costOfRevenue": 144920000000,
    "grossProfit": 31915000000,
    "grossProfitRatio": 0.1804789776,
    "researchAndDevelopmentExpenses": 0,
    "generalAndAdministrativeExpenses": 0,
    "sellingAndMarketingExpenses": 0,
    "sellingGeneralAndAdministrativeExpenses": 24588000000,
    "otherExpenses": 0,
    "operatingExpenses": 24588000000,
    "costAndExpenses": 169508000000,
    "interestIncome": 1247000000,
    "interestExpense": 8417000000,
    "depreciationAndAmortization": 6722000000,
    "ebitda": 9471000000,
    "ebitdaratio": 0.0535584019,
    "operatingIncome": 7327000000,
    "operatingIncomeRatio": 0.0414341052,
    "totalOtherIncomeExpensesNet": -6273000000,
    "incomeBeforeTax": 1054000000,
    "incomeBeforeTaxRatio": 0.0059603585,
    "incomeTaxExpense": -855000000,
    "netIncome": 1440000000,
    "netIncomeRatio": 0.0081431843,
    "eps": 0.78,
    "epsdiluted": 0.77,
    "weightedAverageShsOut": 1846000000,
    "weightedAverageShsOutDil": 1870130000,
    "link": "https://www.sec.gov/Archives/edgar/data/37996/000114036106016171/0001140361-06-016171-index.htm",
    "finalLink": "https://www.sec.gov/Archives/edgar/data/37996/000114036106016171/form10-ka.htm"
  },
  {
    "date": "2004-12-31",
    "symbol": "F",
    "reportedCurrency": "USD",
    "cik": "0000037996",
    "fillingDate": "2005-03-10",
    "acceptedDate": "2005-03-10 16:23:23",
    "calendarYear": "2004",
    "period": "FY",
    "revenue": 172316000000,
    "costOfRevenue": 135755000000,
    "grossProfit": 36561000000,
    "grossProfitRatio": 0.2121741452,
    "researchAndDevelopmentExpenses": 0,
    "generalAndAdministrativeExpenses": 0,
    "sellingAndMarketingExpenses": 0,
    "sellingGeneralAndAdministrativeExpenses": 24012000000,
    "otherExpenses": 0,
    "operatingExpenses": 24012000000,
    "costAndExpenses": 159767000000,
    "interestIncome": 0,
    "interestExpense": 0,
    "depreciationAndAmortization": 13074000000,
    "ebitda": 25623000000,
    "ebitdaratio": 0.1486977414,
    "operatingIncome": 12549000000,
    "operatingIncomeRatio": 0.0728255066,
    "totalOtherIncomeExpensesNet": -8440000000,
    "incomeBeforeTax": 4109000000,
    "incomeBeforeTaxRatio": 0.0238457253,
    "incomeTaxExpense": 643000000,
    "netIncome": 3038000000,
    "netIncomeRatio": 0.0176304,
    "eps": 1.66,
    "epsdiluted": 1.52,
    "weightedAverageShsOut": 1738554000,
    "weightedAverageShsOutDil": 1898684000,
    "link": "https://www.sec.gov/Archives/edgar/data/37996/000095012405001427/0000950124-05-001427-index.htm",
    "finalLink": "https://www.sec.gov/Archives/edgar/data/37996/000095012405001427/k91869e10vk.htm"
  },
  {
    "date": "2003-12-31",
    "symbol": "F",
    "reportedCurrency": "USD",
    "cik": "0000037996",
    "fillingDate": "2004-03-12",
    "acceptedDate": "2004-03-12 17:27:39",
    "calendarYear": "2003",
    "period": "FY",
    "revenue": 164338000000,
    "costOfRevenue": 129685000000,
    "grossProfit": 34653000000,
    "grossProfitRatio": 0.2108641945,
    "researchAndDevelopmentExpenses": 0,
    "generalAndAdministrativeExpenses": 0,
    "sellingAndMarketingExpenses": 0,
    "sellingGeneralAndAdministrativeExpenses": 26642000000,
    "otherExpenses": 0,
    "operatingExpenses": 26642000000,
    "costAndExpenses": 156327000000,
    "interestIncome": 0,
    "interestExpense": 0,
    "depreciationAndAmortization": 14266000000,
    "ebitda": 22277000000,
    "ebitdaratio": 0.1355559883,
    "operatingIncome": 8011000000,
    "operatingIncomeRatio": 0.0487470944,
    "totalOtherIncomeExpensesNet": -6672000000,
    "incomeBeforeTax": 1339000000,
    "incomeBeforeTaxRatio": 0.0081478416,
    "incomeTaxExpense": 123000000,
    "netIncome": 495000000,
    "netIncomeRatio": 0.0030120848,
    "eps": 0.27,
    "epsdiluted": 0.26,
    "weightedAverageShsOut": 1832000000,
    "weightedAverageShsOutDil": 1894117647,
    "link": "https://www.sec.gov/Archives/edgar/data/37996/000095012404000885/0000950124-04-000885-index.htm",
    "finalLink": "https://www.sec.gov/Archives/edgar/data/37996/000095012404000885/k83502e10vk.htm"
  },
  {
    "date": "2002-12-31",
    "symbol": "F",
    "reportedCurrency": "USD",
    "cik": "0000037996",
    "fillingDate": "2003-03-14",
    "acceptedDate": "2003-03-14 17:04:13",
    "calendarYear": "2002",
    "period": "FY",
    "revenue": 162258000000,
    "costOfRevenue": 125027000000,
    "grossProfit": 37231000000,
    "grossProfitRatio": 0.2294555584,
    "researchAndDevelopmentExpenses": 0,
    "generalAndAdministrativeExpenses": 0,
    "sellingAndMarketingExpenses": 0,
    "sellingGeneralAndAdministrativeExpenses": 28249000000,
    "otherExpenses": 0,
    "operatingExpenses": 28249000000,
    "costAndExpenses": 153276000000,
    "interestIncome": 0,
    "interestExpense": 0,
    "depreciationAndAmortization": 15080000000,
    "ebitda": 24062000000,
    "ebitdaratio": 0.1482946912,
    "operatingIncome": 8982000000,
    "operatingIncomeRatio": 0.0553562844,
    "totalOtherIncomeExpensesNet": -7918000000,
    "incomeBeforeTax": 1064000000,
    "incomeBeforeTaxRatio": 0.0065574579,
    "incomeTaxExpense": 342000000,
    "netIncome": -980000000,
    "netIncomeRatio": -0.0060397638,
    "eps": 0.47,
    "epsdiluted": 0.47,
    "weightedAverageShsOut": 1819000000,
    "weightedAverageShsOutDil": 1819000000,
    "link": "https://www.sec.gov/Archives/edgar/data/37996/000003799603000013/0000037996-03-000013-index.htm",
    "finalLink": "https://www.sec.gov/Archives/edgar/data/37996/000003799603000013/e10k.txt"
  },
  {
    "date": "2001-12-31",
    "symbol": "F",
    "reportedCurrency": "USD",
    "cik": "0000037996",
    "fillingDate": "2002-03-28",
    "acceptedDate": "2002-03-28 00:00:00",
    "calendarYear": "2001",
    "period": "FY",
    "revenue": 160504000000,
    "costOfRevenue": 128348000000,
    "grossProfit": 32156000000,
    "grossProfitRatio": 0.2003439167,
    "researchAndDevelopmentExpenses": 0,
    "generalAndAdministrativeExpenses": 0,
    "sellingAndMarketingExpenses": 0,
    "sellingGeneralAndAdministrativeExpenses": 18572000000,
    "otherExpenses": 10096000000,
    "operatingExpenses": 28668000000,
    "costAndExpenses": 157016000000,
    "interestIncome": 0,
    "interestExpense": 0,
    "depreciationAndAmortization": 19291000000,
    "ebitda": 22779000000,
    "ebitdaratio": 0.1419216967,
    "operatingIncome": 3488000000,
    "operatingIncomeRatio": 0.0217315456,
    "totalOtherIncomeExpensesNet": -10907000000,
    "incomeBeforeTax": -7419000000,
    "incomeBeforeTaxRatio": -0.0462231471,
    "incomeTaxExpense": -2096000000,
    "netIncome": -5453000000,
    "netIncomeRatio": -0.0339742312,
    "eps": -3,
    "epsdiluted": -3,
    "weightedAverageShsOut": 1820000000,
    "weightedAverageShsOutDil": 1820000000,
    "link": "https://www.sec.gov/Archives/edgar/data/37996/000003799602000015/0000037996-02-000015-index.htm",
    "finalLink": "https://www.sec.gov/Archives/edgar/data/37996/000003799602000015/v7.txt"
  },
  {
    "date": "2000-12-31",
    "symbol": "F",
    "reportedCurrency": "USD",
    "cik": "0000037996",
    "fillingDate": "2001-03-22",
    "acceptedDate": "2001-03-22 00:00:00",
    "calendarYear": "2000",
    "period": "FY",
    "revenue": 170058000000,
    "costOfRevenue": 131085000000,
    "grossProfit": 38973000000,
    "grossProfitRatio": 0.2291747521,
    "researchAndDevelopmentExpenses": 0,
    "generalAndAdministrativeExpenses": 0,
    "sellingAndMarketingExpenses": 0,
    "sellingGeneralAndAdministrativeExpenses": 11847000000,
    "otherExpenses": 9408000000,
    "operatingExpenses": 21255000000,
    "costAndExpenses": 152340000000,
    "interestIncome": 1488000000,
    "interestExpense": 1383000000,
    "depreciationAndAmortization": 15949000000,
    "ebitda": 33667000000,
    "ebitdaratio": 0.1979736325,
    "operatingIncome": 17718000000,
    "operatingIncomeRatio": 0.1041879829,
    "totalOtherIncomeExpensesNet": -9603000000,
    "incomeBeforeTax": 8115000000,
    "incomeBeforeTaxRatio": 0.0477190135,
    "incomeTaxExpense": 2705000000,
    "netIncome": 3467000000,
    "netIncomeRatio": 0.020387162,
    "eps": 2.34,
    "epsdiluted": 2.3,
    "weightedAverageShsOut": 1483000000,
    "weightedAverageShsOutDil": 1500870000,
    "link": "https://www.sec.gov/Archives/edgar/data/37996/000003799601000014/0000037996-01-000014-index.htm",
    "finalLink": "https://www.sec.gov/Archives/edgar/data/37996/000003799601000014/0000037996-01-000014-0001.txt"
  },
  {
    "date": "1999-12-31",
    "symbol": "F",
    "reportedCurrency": "USD",
    "cik": "0000037996",
    "fillingDate": "2000-03-16",
    "acceptedDate": "2000-03-16 00:00:00",
    "calendarYear": "1999",
    "period": "FY",
    "revenue": 160658000000,
    "costOfRevenue": 126664000000,
    "grossProfit": 33994000000,
    "grossProfitRatio": 0.2115923266,
    "researchAndDevelopmentExpenses": 0,
    "generalAndAdministrativeExpenses": 0,
    "sellingAndMarketingExpenses": 0,
    "sellingGeneralAndAdministrativeExpenses": 8874000000,
    "otherExpenses": 9254000000,
    "operatingExpenses": 18128000000,
    "costAndExpenses": 144792000000,
    "interestIncome": 1418000000,
    "interestExpense": 1347000000,
    "depreciationAndAmortization": 14542000000,
    "ebitda": 25743000000,
    "ebitdaratio": 0.1602347844,
    "operatingIncome": 15866000000,
    "operatingIncomeRatio": 0.0987563645,
    "totalOtherIncomeExpensesNet": -6012000000,
    "incomeBeforeTax": 9854000000,
    "incomeBeforeTaxRatio": 0.0613352587,
    "incomeTaxExpense": 3248000000,
    "netIncome": 7237000000,
    "netIncomeRatio": 0.0450459983,
    "eps": 5.99,
    "epsdiluted": 5.86,
    "weightedAverageShsOut": 1210000000,
    "weightedAverageShsOutDil": 1237443000,
    "link": "https://www.sec.gov/Archives/edgar/data/37996/000003799600000019/0000037996-00-000019-index.html",
    "finalLink": "https://www.sec.gov/Archives/edgar/data/37996/000003799600000019/"
  },
  {
    "date": "1998-12-31",
    "symbol": "F",
    "reportedCurrency": "USD",
    "cik": "0000037996",
    "fillingDate": "1999-03-17",
    "acceptedDate": "1999-03-17 00:00:00",
    "calendarYear": "1998",
    "period": "FY",
    "revenue": 143350000000,
    "costOfRevenue": 112652000000,
    "grossProfit": 30698000000,
    "grossProfitRatio": 0.2141471922,
    "researchAndDevelopmentExpenses": 0,
    "generalAndAdministrativeExpenses": 0,
    "sellingAndMarketingExpenses": 0,
    "sellingGeneralAndAdministrativeExpenses": 7834000000,
    "otherExpenses": 8589000000,
    "operatingExpenses": 16423000000,
    "costAndExpenses": 129075000000,
    "interestIncome": 1325000000,
    "interestExpense": 795000000,
    "depreciationAndAmortization": 13903000000,
    "ebitda": 38978000000,
    "ebitdaratio": 0.2719079177,
    "operatingIncome": 14275000000,
    "operatingIncomeRatio": 0.099581444,
    "totalOtherIncomeExpensesNet": 10005000000,
    "incomeBeforeTax": 24280000000,
    "incomeBeforeTaxRatio": 0.169375654,
    "incomeTaxExpense": 2760000000,
    "netIncome": 22071000000,
    "netIncomeRatio": 0.1539658179,
    "eps": 18.17,
    "epsdiluted": 17.76,
    "weightedAverageShsOut": 1211000000,
    "weightedAverageShsOutDil": 1238899000,
    "link": "https://www.sec.gov/Archives/edgar/data/37996/000003799699000009/0000037996-99-000009-index.html",
    "finalLink": "https://www.sec.gov/Archives/edgar/data/37996/"
  },
  {
    "date": "1997-12-31",
    "symbol": "F",
    "reportedCurrency": "USD",
    "cik": "0000037996",
    "fillingDate": "1998-03-18",
    "acceptedDate": "1998-03-18 00:00:00",
    "calendarYear": "1997",
    "period": "FY",
    "revenue": 153627000000,
    "costOfRevenue": 117706000000,
    "grossProfit": 35921000000,
    "grossProfitRatio": 0.233819576,
    "researchAndDevelopmentExpenses": 0,
    "generalAndAdministrativeExpenses": 0,
    "sellingAndMarketingExpenses": 0,
    "sellingGeneralAndAdministrativeExpenses": 7995000000,
    "otherExpenses": 7645000000,
    "operatingExpenses": 15640000000,
    "costAndExpenses": 133346000000,
    "interestIncome": 1116000000,
    "interestExpense": 788000000,
    "depreciationAndAmortization": 13784000000,
    "ebitda": 25511000000,
    "ebitdaratio": 0.1660580497,
    "operatingIncome": 20281000000,
    "operatingIncomeRatio": 0.1320145547,
    "totalOtherIncomeExpensesNet": -9342000000,
    "incomeBeforeTax": 10939000000,
    "incomeBeforeTaxRatio": 0.0712049314,
    "incomeTaxExpense": 3741000000,
    "netIncome": 6920000000,
    "netIncomeRatio": 0.0450441654,
    "eps": 3.66,
    "epsdiluted": 3.58,
    "weightedAverageShsOut": 1877345000,
    "weightedAverageShsOutDil": 1934399000,
    "link": "https://www.sec.gov/Archives/edgar/data/37996/000003799698000014/0000037996-98-000014-index.html",
    "finalLink": "https://www.sec.gov/Archives/edgar/data/37996/"
  },
  {
    "date": "1996-12-31",
    "symbol": "F",
    "reportedCurrency": "USD",
    "cik": "0000037996",
    "fillingDate": "1997-03-18",
    "acceptedDate": "1997-03-18 00:00:00",
    "calendarYear": "1996",
    "period": "FY",
    "revenue": 146991000000,
    "costOfRevenue": 118586000000,
    "grossProfit": 28405000000,
    "grossProfitRatio": 0.1932431237,
    "researchAndDevelopmentExpenses": 0,
    "generalAndAdministrativeExpenses": 0,
    "sellingAndMarketingExpenses": 0,
    "sellingGeneralAndAdministrativeExpenses": 6625000000,
    "otherExpenses": 6875000000,
    "operatingExpenses": 13500000000,
    "costAndExpenses": 132086000000,
    "interestIncome": 841000000,
    "interestExpense": 695000000,
    "depreciationAndAmortization": 12791000000,
    "ebitda": 20279000000,
    "ebitdaratio": 0.1379608275,
    "operatingIncome": 14905000000,
    "operatingIncomeRatio": 0.101400766,
    "totalOtherIncomeExpensesNet": -8112000000,
    "incomeBeforeTax": 6793000000,
    "incomeBeforeTaxRatio": 0.0462137138,
    "incomeTaxExpense": 2166000000,
    "netIncome": 4446000000,
    "netIncomeRatio": 0.0302467498,
    "eps": 2.37,
    "epsdiluted": 2.32,
    "weightedAverageShsOut": 1852209000,
    "weightedAverageShsOutDil": 1890811000,
    "link": "https://www.sec.gov/Archives/edgar/data/37996/000003799697000008/0000037996-97-000008-index.html",
    "finalLink": "https://www.sec.gov/Archives/edgar/data/37996/"
  },
  {
    "date": "1995-12-31",
    "symbol": "F",
    "reportedCurrency": "USD",
    "cik": "0000037996",
    "fillingDate": "1996-03-19",
    "acceptedDate": "1996-03-19 00:00:00",
    "calendarYear": "1995",
    "period": "FY",
    "revenue": 137137000000,
    "costOfRevenue": 110595000000,
    "grossProfit": 26542000000,
    "grossProfitRatio": 0.1935436826,
    "researchAndDevelopmentExpenses": 0,
    "generalAndAdministrativeExpenses": 0,
    "sellingAndMarketingExpenses": 0,
    "sellingGeneralAndAdministrativeExpenses": 6044000000,
    "otherExpenses": 6500000000,
    "operatingExpenses": 12544000000,
    "costAndExpenses": 123139000000,
    "interestIncome": 800000000,
    "interestExpense": 622000000,
    "depreciationAndAmortization": 11719000000,
    "ebitda": 19046000000,
    "ebitdaratio": 0.1388830148,
    "operatingIncome": 13998000000,
    "operatingIncomeRatio": 0.1020731094,
    "totalOtherIncomeExpensesNet": -7293000000,
    "incomeBeforeTax": 6705000000,
    "incomeBeforeTaxRatio": 0.0488927131,
    "incomeTaxExpense": 2379000000,
    "netIncome": 4139000000,
    "netIncomeRatio": 0.0301814973,
    "eps": 2.28,
    "epsdiluted": 2.12,
    "weightedAverageShsOut": 1682541000,
    "weightedAverageShsOutDil": 1811132000,
    "link": "https://www.sec.gov/Archives/edgar/data/37996/000003799696000007/0000037996-96-000007-index.html",
    "finalLink": "https://www.sec.gov/Archives/edgar/data/37996/"
  },
  {
    "date": "1994-12-31",
    "symbol": "F",
    "reportedCurrency": "USD",
    "cik": "0000037996",
    "fillingDate": "1995-03-16",
    "acceptedDate": "1995-03-16 00:00:00",
    "calendarYear": "1994",
    "period": "FY",
    "revenue": 128439000000,
    "costOfRevenue": 102910000000,
    "grossProfit": 25529000000,
    "grossProfitRatio": 0.1987636154,
    "researchAndDevelopmentExpenses": 0,
    "generalAndAdministrativeExpenses": 0,
    "sellingAndMarketingExpenses": 0,
    "sellingGeneralAndAdministrativeExpenses": 5424000000,
    "otherExpenses": 4910000000,
    "operatingExpenses": 10334000000,
    "costAndExpenses": 113244000000,
    "interestIncome": 665000000,
    "interestExpense": 721000000,
    "depreciationAndAmortization": 9336000000,
    "ebitda": 18846000000,
    "ebitdaratio": 0.1467311331,
    "operatingIncome": 15195000000,
    "operatingIncomeRatio": 0.1183051877,
    "totalOtherIncomeExpensesNet": -6406000000,
    "incomeBeforeTax": 8789000000,
    "incomeBeforeTaxRatio": 0.0684293711,
    "incomeTaxExpense": 3329000000,
    "netIncome": 5308000000,
    "netIncomeRatio": 0.0413270113,
    "eps": 3.16,
    "epsdiluted": 2.83,
    "weightedAverageShsOut": 1586710000,
    "weightedAverageShsOutDil": 1586710000,
    "link": "https://www.sec.gov/Archives/edgar/data/37996/000095012495000729/0000950124-95-000729-index.html",
    "finalLink": "https://www.sec.gov/Archives/edgar/data/37996/"
  },
  {
    "date": "1993-12-31",
    "symbol": "F",
    "reportedCurrency": "USD",
    "cik": "0000037996",
    "fillingDate": "1994-03-21",
    "acceptedDate": "1994-03-21 00:00:00",
    "calendarYear": "1993",
    "period": "FY",
    "revenue": 108521000000,
    "costOfRevenue": 91762000000,
    "grossProfit": 16759000000,
    "grossProfitRatio": 0.1544309396,
    "researchAndDevelopmentExpenses": 0,
    "generalAndAdministrativeExpenses": 0,
    "sellingAndMarketingExpenses": 0,
    "sellingGeneralAndAdministrativeExpenses": 4856000000,
    "otherExpenses": 3064000000,
    "operatingExpenses": 7920000000,
    "costAndExpenses": 99682000000,
    "interestIncome": 563000000,
    "interestExpense": 807000000,
    "depreciationAndAmortization": 7468000000,
    "ebitda": 12278000000,
    "ebitdaratio": 0.1131393924,
    "operatingIncome": 8839000000,
    "operatingIncomeRatio": 0.0814496733,
    "totalOtherIncomeExpensesNet": -4836000000,
    "incomeBeforeTax": 4003000000,
    "incomeBeforeTaxRatio": 0.0368868698,
    "incomeTaxExpense": 1350000000,
    "netIncome": 2529000000,
    "netIncomeRatio": 0.0233042453,
    "eps": 1.44,
    "epsdiluted": 1.34,
    "weightedAverageShsOut": 1549006000,
    "weightedAverageShsOutDil": 1549006000,
    "link": "https://www.sec.gov/Archives/edgar/data/37996/000003799694000005/0000037996-94-000005-index.html",
    "finalLink": "https://www.sec.gov/Archives/edgar/data/37996/"
  },
  {
    "date": "1992-12-31",
    "symbol": "F",
    "reportedCurrency": "USD",
    "cik": "0000037996",
    "fillingDate": "1992-12-31",
    "acceptedDate": "1992-12-31 00:00:00",
    "calendarYear": "1992",
    "period": "FY",
    "revenue": 100132000000,
    "costOfRevenue": 88804000000,
    "grossProfit": 11328000000,
    "grossProfitRatio": 0.1131306675,
    "researchAndDevelopmentExpenses": 0,
    "generalAndAdministrativeExpenses": 0,
    "sellingAndMarketingExpenses": 0,
    "sellingGeneralAndAdministrativeExpenses": 4434000000,
    "otherExpenses": 2089000000,
    "operatingExpenses": 6523000000,
    "costAndExpenses": 95327000000,
    "interestIncome": 653000000,
    "interestExpense": 860000000,
    "depreciationAndAmortization": 6755000000,
    "ebitda": 7488000000,
    "ebitdaratio": 0.0747812887,
    "operatingIncome": 4805000000,
    "operatingIncomeRatio": 0.0479866576,
    "totalOtherIncomeExpensesNet": -4932000000,
    "incomeBeforeTax": -127000000,
    "incomeBeforeTaxRatio": -0.0012683258,
    "incomeTaxExpense": 295000000,
    "netIncome": -7385000000,
    "netIncomeRatio": -0.0737526465,
    "eps": -4.97,
    "epsdiluted": -4.97,
    "weightedAverageShsOut": 1527012000,
    "weightedAverageShsOutDil": 1527012000,
    "link": null,
    "finalLink": null
  },
  {
    "date": "1991-12-31",
    "symbol": "F",
    "reportedCurrency": "USD",
    "cik": "0000037996",
    "fillingDate": "1991-12-31",
    "acceptedDate": "1991-12-31 00:00:00",
    "calendarYear": "1991",
    "period": "FY",
    "revenue": 88286300000,
    "costOfRevenue": 70371300000,
    "grossProfit": 17915000000,
    "grossProfitRatio": 0.2029193657,
    "researchAndDevelopmentExpenses": 0,
    "generalAndAdministrativeExpenses": 0,
    "sellingAndMarketingExpenses": 0,
    "sellingGeneralAndAdministrativeExpenses": 6152600000,
    "otherExpenses": 5778300000,
    "operatingExpenses": 11930900000,
    "costAndExpenses": 82302200000,
    "interestIncome": 0,
    "interestExpense": 0,
    "depreciationAndAmortization": 5778300000,
    "ebitda": 11762400000,
    "ebitdaratio": 0.1332301841,
    "operatingIncome": 5984100000,
    "operatingIncomeRatio": 0.0677806183,
    "totalOtherIncomeExpensesNet": -8637500000,
    "incomeBeforeTax": -2653400000,
    "incomeBeforeTaxRatio": -0.0300544932,
    "incomeTaxExpense": -395400000,
    "netIncome": -2258000000,
    "netIncomeRatio": -0.0255758821,
    "eps": -2.39,
    "epsdiluted": -2.39,
    "weightedAverageShsOut": 953975000,
    "weightedAverageShsOutDil": 953975000,
    "link": null,
    "finalLink": null
  },
  {
    "date": "1990-12-31",
    "symbol": "F",
    "reportedCurrency": "USD",
    "cik": "0000037996",
    "fillingDate": "1990-12-31",
    "acceptedDate": "1990-12-31 00:00:00",
    "calendarYear": "1990",
    "period": "FY",
    "revenue": 97650000000,
    "costOfRevenue": 78004100000,
    "grossProfit": 19645900000,
    "grossProfitRatio": 0.201186892,
    "researchAndDevelopmentExpenses": 0,
    "generalAndAdministrativeExpenses": 0,
    "sellingAndMarketingExpenses": 0,
    "sellingGeneralAndAdministrativeExpenses": 5920900000,
    "otherExpenses": 3184900000,
    "operatingExpenses": 9105800000,
    "costAndExpenses": 87109900000,
    "interestIncome": 0,
    "interestExpense": 0,
    "depreciationAndAmortization": 3184900000,
    "ebitda": 13725000000,
    "ebitdaratio": 0.1405529954,
    "operatingIncome": 10540100000,
    "operatingIncomeRatio": 0.107937532,
    "totalOtherIncomeExpensesNet": -9149600000,
    "incomeBeforeTax": 1390500000,
    "incomeBeforeTaxRatio": 0.0142396313,
    "incomeTaxExpense": 530400000,
    "netIncome": 860100000,
    "netIncomeRatio": 0.0088079877,
    "eps": 0.94,
    "epsdiluted": 0.92,
    "weightedAverageShsOut": 915000000,
    "weightedAverageShsOutDil": 934891304,
    "link": null,
    "finalLink": null
  },
  {
    "date": "1989-12-31",
    "symbol": "F",
    "reportedCurrency": "USD",
    "cik": "0000037996",
    "fillingDate": "1989-12-31",
    "acceptedDate": "1989-12-31 00:00:00",
    "calendarYear": "1989",
    "period": "FY",
    "revenue": 96145900000,
    "costOfRevenue": 72615700000,
    "grossProfit": 23530200000,
    "grossProfitRatio": 0.2447343048,
    "researchAndDevelopmentExpenses": 0,
    "generalAndAdministrativeExpenses": 0,
    "sellingAndMarketingExpenses": 0,
    "sellingGeneralAndAdministrativeExpenses": 5321400000,
    "otherExpenses": 4228700000,
    "operatingExpenses": 9550100000,
    "costAndExpenses": 82165800000,
    "interestIncome": 0,
    "interestExpense": 0,
    "depreciationAndAmortization": 4228700000,
    "ebitda": 18208800000,
    "ebitdaratio": 0.189387171,
    "operatingIncome": 13980100000,
    "operatingIncomeRatio": 0.1454050563,
    "totalOtherIncomeExpensesNet": -8032700000,
    "incomeBeforeTax": 5947400000,
    "incomeBeforeTaxRatio": 0.061858072,
    "incomeTaxExpense": 2112400000,
    "netIncome": 3835000000,
    "netIncomeRatio": 0.0398872963,
    "eps": 4.11,
    "epsdiluted": 4.06,
    "weightedAverageShsOut": 933090000,
    "weightedAverageShsOutDil": 944581000,
    "link": null,
    "finalLink": null
  },
  {
    "date": "1988-12-31",
    "symbol": "F",
    "reportedCurrency": "USD",
    "cik": "0000037996",
    "fillingDate": "1988-12-31",
    "acceptedDate": "1988-12-31 00:00:00",
    "calendarYear": "1988",
    "period": "FY",
    "revenue": 92445600000,
    "costOfRevenue": 68233300000,
    "grossProfit": 24212300000,
    "grossProfitRatio": 0.2619086252,
    "researchAndDevelopmentExpenses": 0,
    "generalAndAdministrativeExpenses": 0,
    "sellingAndMarketingExpenses": 0,
    "sellingGeneralAndAdministrativeExpenses": 8307200000,
    "otherExpenses": 2457600000,
    "operatingExpenses": 10764800000,
    "costAndExpenses": 78998100000,
    "interestIncome": 0,
    "interestExpense": 0,
    "depreciationAndAmortization": 2457600000,
    "ebitda": 15905100000,
    "ebitdaratio": 0.17204821,
    "operatingIncome": 13447500000,
    "operatingIncomeRatio": 0.1454639269,
    "totalOtherIncomeExpensesNet": -5148600000,
    "incomeBeforeTax": 8298900000,
    "incomeBeforeTaxRatio": 0.0897706327,
    "incomeTaxExpense": 2998700000,
    "netIncome": 5300200000,
    "netIncomeRatio": 0.0573331776,
    "eps": 5.48,
    "epsdiluted": 5.41,
    "weightedAverageShsOut": 967190000,
    "weightedAverageShsOutDil": 979704000,
    "link": null,
    "finalLink": null
  },
  {
    "date": "1987-12-31",
    "symbol": "F",
    "reportedCurrency": "USD",
    "cik": "0000037996",
    "fillingDate": "1987-12-31",
    "acceptedDate": "1987-12-30 19:00:00",
    "calendarYear": "1987",
    "period": "FY",
    "revenue": 71643400000,
    "costOfRevenue": 58495100000,
    "grossProfit": 13148300000,
    "grossProfitRatio": 0.1835242325,
    "researchAndDevelopmentExpenses": 0,
    "generalAndAdministrativeExpenses": 0,
    "sellingAndMarketingExpenses": 0,
    "sellingGeneralAndAdministrativeExpenses": 3779700000,
    "otherExpenses": 3167400000,
    "operatingExpenses": 6947100000,
    "costAndExpenses": 65442200000,
    "interestIncome": 0,
    "interestExpense": 0,
    "depreciationAndAmortization": 3167400000,
    "ebitda": 9368600000,
    "ebitdaratio": 0.1307671049,
    "operatingIncome": 6201200000,
    "operatingIncomeRatio": 0.0865564728,
    "totalOtherIncomeExpensesNet": 1150000000,
    "incomeBeforeTax": 7351200000,
    "incomeBeforeTaxRatio": 0.1026081956,
    "incomeTaxExpense": 2726000000,
    "netIncome": 4625200000,
    "netIncomeRatio": 0.0645586335,
    "eps": 4.52,
    "epsdiluted": 4.45,
    "weightedAverageShsOut": 1023274000,
    "weightedAverageShsOutDil": 1039371000,
    "link": "",
    "finalLink": ""
  },
  {
    "date": "1986-12-31",
    "symbol": "F",
    "reportedCurrency": "USD",
    "cik": "0000037996",
    "fillingDate": "1986-12-31",
    "acceptedDate": "1986-12-30 19:00:00",
    "calendarYear": "1986",
    "period": "FY",
    "revenue": 62715800000,
    "costOfRevenue": 51866200000,
    "grossProfit": 10849600000,
    "grossProfitRatio": 0.1729962784,
    "researchAndDevelopmentExpenses": 0,
    "generalAndAdministrativeExpenses": 0,
    "sellingAndMarketingExpenses": 0,
    "sellingGeneralAndAdministrativeExpenses": 3833500000,
    "otherExpenses": 2959600000,
    "operatingExpenses": 6793100000,
    "costAndExpenses": 58659300000,
    "interestIncome": 0,
    "interestExpense": 0,
    "depreciationAndAmortization": 2959600000,
    "ebitda": 7016100000,
    "ebitdaratio": 0.1118713307,
    "operatingIncome": 4056500000,
    "operatingIncomeRatio": 0.0646806706,
    "totalOtherIncomeExpensesNet": 1002800000,
    "incomeBeforeTax": 5059300000,
    "incomeBeforeTaxRatio": 0.0806702617,
    "incomeTaxExpense": 1774200000,
    "netIncome": 3285100000,
    "netIncomeRatio": 0.0523807398,
    "eps": 3.03,
    "epsdiluted": 3.03,
    "weightedAverageShsOut": 1084191000,
    "weightedAverageShsOutDil": 1084191000,
    "link": "",
    "finalLink": ""
  },
  {
    "date": "1985-12-31",
    "symbol": "F",
    "reportedCurrency": "USD",
    "cik": "0000037996",
    "fillingDate": "1985-12-31",
    "acceptedDate": "1985-12-30 19:00:00",
    "calendarYear": "1985",
    "period": "FY",
    "revenue": 52774400000,
    "costOfRevenue": 44435400000,
    "grossProfit": 8339000000,
    "grossProfitRatio": 0.158012218,
    "researchAndDevelopmentExpenses": 0,
    "generalAndAdministrativeExpenses": 0,
    "sellingAndMarketingExpenses": 0,
    "sellingGeneralAndAdministrativeExpenses": 3216500000,
    "otherExpenses": 2392800000,
    "operatingExpenses": 5609300000,
    "costAndExpenses": 50044700000,
    "interestIncome": 0,
    "interestExpense": 0,
    "depreciationAndAmortization": 2392800000,
    "ebitda": 5122500000,
    "ebitdaratio": 0.0970641068,
    "operatingIncome": 2729700000,
    "operatingIncomeRatio": 0.0517239419,
    "totalOtherIncomeExpensesNet": 888800000,
    "incomeBeforeTax": 3618500000,
    "incomeBeforeTaxRatio": 0.0685654408,
    "incomeTaxExpense": 1103100000,
    "netIncome": 2515400000,
    "netIncomeRatio": 0.047663261,
    "eps": 2.29,
    "epsdiluted": 2.22,
    "weightedAverageShsOut": 1098428000,
    "weightedAverageShsOutDil": 1133063000,
    "link": "",
    "finalLink": ""
  }
]