[
  {
    "date": "2025-06-30",
    "symbol": "FANG",
    "reportedCurrency": "USD",
    "cik": "0001539838",
    "fillingDate": "2025-08-06",
    "acceptedDate": "2025-08-06 16:07:42",
    "calendarYear": "2025",
    "period": "Q2",
    "revenue": 3651000000,
    "costOfRevenue": 2387000000,
    "grossProfit": 1264000000,
    "grossProfitRatio": 0.3462065188,
    "researchAndDevelopmentExpenses": 0,
    "generalAndAdministrativeExpenses": 67000000,
    "sellingAndMarketingExpenses": 0,
    "sellingGeneralAndAdministrativeExpenses": 67000000,
    "otherExpenses": 58000000,
    "operatingExpenses": 125000000,
    "costAndExpenses": 2512000000,
    "interestIncome": 0,
    "interestExpense": 56000000,
    "depreciationAndAmortization": 1257000000,
    "ebitda": 2256000000,
    "ebitdaratio": 0.6179129006,
    "operatingIncome": 1139000000,
    "operatingIncomeRatio": 0.3119693235,
    "totalOtherIncomeExpensesNet": -196000000,
    "incomeBeforeTax": 943000000,
    "incomeBeforeTaxRatio": 0.2582854013,
    "incomeTaxExpense": 204000000,
    "netIncome": 699000000,
    "netIncomeRatio": 0.1914543961,
    "eps": 2.38,
    "epsdiluted": 2.38,
    "weightedAverageShsOut": 292135000,
    "weightedAverageShsOutDil": 292135000,
    "link": "https://www.sec.gov/Archives/edgar/data/1539838/000153983825000127/0001539838-25-000127-index.htm",
    "finalLink": "https://www.sec.gov/Archives/edgar/data/1539838/000153983825000127/fang-20250630.htm"
  },
  {
    "date": "2025-03-31",
    "symbol": "FANG",
    "reportedCurrency": "USD",
    "cik": "0001539838",
    "fillingDate": "2025-05-07",
    "acceptedDate": "2025-05-07 16:03:54",
    "calendarYear": "2025",
    "period": "Q1",
    "revenue": 4031000000,
    "costOfRevenue": 2217000000,
    "grossProfit": 1814000000,
    "grossProfitRatio": 0.4500124039,
    "researchAndDevelopmentExpenses": 0,
    "generalAndAdministrativeExpenses": 73000000,
    "sellingAndMarketingExpenses": 0,
    "sellingGeneralAndAdministrativeExpenses": 73000000,
    "otherExpenses": 68000000,
    "operatingExpenses": 141000000,
    "costAndExpenses": 2358000000,
    "interestIncome": 0,
    "interestExpense": 40000000,
    "depreciationAndAmortization": 1088000000,
    "ebitda": 3022000000,
    "ebitdaratio": 0.7496899032,
    "operatingIncome": 1673000000,
    "operatingIncomeRatio": 0.4150334904,
    "totalOtherIncomeExpensesNet": 221000000,
    "incomeBeforeTax": 1894000000,
    "incomeBeforeTaxRatio": 0.4698585959,
    "incomeTaxExpense": 403000000,
    "netIncome": 1405000000,
    "netIncomeRatio": 0.3485487472,
    "eps": 4.83,
    "epsdiluted": 4.83,
    "weightedAverageShsOut": 289612000,
    "weightedAverageShsOutDil": 289612000,
    "link": "https://www.sec.gov/Archives/edgar/data/1539838/000153983825000066/0001539838-25-000066-index.htm",
    "finalLink": "https://www.sec.gov/Archives/edgar/data/1539838/000153983825000066/fang-20250331.htm"
  },
  {
    "date": "2024-12-31",
    "symbol": "FANG",
    "reportedCurrency": "USD",
    "cik": "0001539838",
    "fillingDate": "2025-02-26",
    "acceptedDate": "2025-02-26 16:16:41",
    "calendarYear": "2024",
    "period": "Q4",
    "revenue": 3696000000,
    "costOfRevenue": 2176000000,
    "grossProfit": 1520000000,
    "grossProfitRatio": 0.4112554113,
    "researchAndDevelopmentExpenses": 0,
    "generalAndAdministrativeExpenses": 72000000,
    "sellingAndMarketingExpenses": 0,
    "sellingGeneralAndAdministrativeExpenses": 72000000,
    "otherExpenses": 36000000,
    "operatingExpenses": 108000000,
    "costAndExpenses": 2284000000,
    "interestIncome": 0,
    "interestExpense": 34000000,
    "depreciationAndAmortization": 1170000000,
    "ebitda": 2762000000,
    "ebitdaratio": 0.7472943723,
    "operatingIncome": 1412000000,
    "operatingIncomeRatio": 0.382034632,
    "totalOtherIncomeExpensesNet": -7000000,
    "incomeBeforeTax": 1405000000,
    "incomeBeforeTaxRatio": 0.3801406926,
    "incomeTaxExpense": 115000000,
    "netIncome": 1074000000,
    "netIncomeRatio": 0.2905844156,
    "eps": 3.67,
    "epsdiluted": 3.67,
    "weightedAverageShsOut": 291851000,
    "weightedAverageShsOutDil": 291851000,
    "link": "https://www.sec.gov/Archives/edgar/data/1539838/000153983825000021/0001539838-25-000021-index.htm",
    "finalLink": "https://www.sec.gov/Archives/edgar/data/1539838/000153983825000021/fang-20241231.htm"
  },
  {
    "date": "2024-09-30",
    "symbol": "FANG",
    "reportedCurrency": "USD",
    "cik": "0001539838",
    "fillingDate": "2024-11-07",
    "acceptedDate": "2024-11-07 16:05:35",
    "calendarYear": "2024",
    "period": "Q3",
    "revenue": 2636000000,
    "costOfRevenue": 1587000000,
    "grossProfit": 1049000000,
    "grossProfitRatio": 0.3979514416,
    "researchAndDevelopmentExpenses": 0,
    "generalAndAdministrativeExpenses": 49000000,
    "sellingAndMarketingExpenses": 0,
    "sellingGeneralAndAdministrativeExpenses": 49000000,
    "otherExpenses": 290000000,
    "operatingExpenses": 339000000,
    "costAndExpenses": 1926000000,
    "interestIncome": 0,
    "interestExpense": 18000000,
    "depreciationAndAmortization": 736000000,
    "ebitda": 1672000000,
    "ebitdaratio": 0.6342943854,
    "operatingIncome": 710000000,
    "operatingIncomeRatio": 0.2693474962,
    "totalOtherIncomeExpensesNet": 208000000,
    "incomeBeforeTax": 918000000,
    "incomeBeforeTaxRatio": 0.3482549317,
    "incomeTaxExpense": 210000000,
    "netIncome": 659000000,
    "netIncomeRatio": 0.25,
    "eps": 3.19,
    "epsdiluted": 3.19,
    "weightedAverageShsOut": 204730000,
    "weightedAverageShsOutDil": 204730000,
    "link": "https://www.sec.gov/Archives/edgar/data/1539838/000153983824000198/0001539838-24-000198-index.htm",
    "finalLink": "https://www.sec.gov/Archives/edgar/data/1539838/000153983824000198/fang-20240930.htm"
  },
  {
    "date": "2024-06-30",
    "symbol": "FANG",
    "reportedCurrency": "USD",
    "cik": "0001539838",
    "fillingDate": "2024-08-07",
    "acceptedDate": "2024-08-07 16:01:40",
    "calendarYear": "2024",
    "period": "Q2",
    "revenue": 2473000000,
    "costOfRevenue": 1260000000,
    "grossProfit": 1213000000,
    "grossProfitRatio": 0.4904973716,
    "researchAndDevelopmentExpenses": 0,
    "generalAndAdministrativeExpenses": 46000000,
    "sellingAndMarketingExpenses": 0,
    "sellingGeneralAndAdministrativeExpenses": 46000000,
    "otherExpenses": 11000000,
    "operatingExpenses": 57000000,
    "costAndExpenses": 1317000000,
    "interestIncome": 0,
    "interestExpense": 44000000,
    "depreciationAndAmortization": 475000000,
    "ebitda": 1665000000,
    "ebitdaratio": 0.6732713304,
    "operatingIncome": 1156000000,
    "operatingIncomeRatio": 0.4674484432,
    "totalOtherIncomeExpensesNet": -10000000,
    "incomeBeforeTax": 1146000000,
    "incomeBeforeTaxRatio": 0.4634047715,
    "incomeTaxExpense": 252000000,
    "netIncome": 837000000,
    "netIncomeRatio": 0.3384553174,
    "eps": 4.66,
    "epsdiluted": 4.66,
    "weightedAverageShsOut": 178360000,
    "weightedAverageShsOutDil": 178360000,
    "link": "https://www.sec.gov/Archives/edgar/data/1539838/000153983824000150/0001539838-24-000150-index.htm",
    "finalLink": "https://www.sec.gov/Archives/edgar/data/1539838/000153983824000150/fang-20240630.htm"
  },
  {
    "date": "2024-03-31",
    "symbol": "FANG",
    "reportedCurrency": "USD",
    "cik": "0001539838",
    "fillingDate": "2024-05-02",
    "acceptedDate": "2024-05-02 16:06:43",
    "calendarYear": "2024",
    "period": "Q1",
    "revenue": 2218000000,
    "costOfRevenue": 1034000000,
    "grossProfit": 1184000000,
    "grossProfitRatio": 0.5338142471,
    "researchAndDevelopmentExpenses": 0,
    "generalAndAdministrativeExpenses": 46000000,
    "sellingAndMarketingExpenses": 0,
    "sellingGeneralAndAdministrativeExpenses": 46000000,
    "otherExpenses": 20000000,
    "operatingExpenses": 66000000,
    "costAndExpenses": 1100000000,
    "interestIncome": 0,
    "interestExpense": 39000000,
    "depreciationAndAmortization": 469000000,
    "ebitda": 1540000000,
    "ebitdaratio": 0.6943192065,
    "operatingIncome": 1118000000,
    "operatingIncomeRatio": 0.5040577096,
    "totalOtherIncomeExpensesNet": -86000000,
    "incomeBeforeTax": 1032000000,
    "incomeBeforeTaxRatio": 0.4652840397,
    "incomeTaxExpense": 223000000,
    "netIncome": 768000000,
    "netIncomeRatio": 0.34625789,
    "eps": 4.28,
    "epsdiluted": 4.28,
    "weightedAverageShsOut": 178477000,
    "weightedAverageShsOutDil": 178477000,
    "link": "https://www.sec.gov/Archives/edgar/data/1539838/000153983824000094/0001539838-24-000094-index.htm",
    "finalLink": "https://www.sec.gov/Archives/edgar/data/1539838/000153983824000094/fang-20240331.htm"
  },
  {
    "date": "2023-12-31",
    "symbol": "FANG",
    "reportedCurrency": "USD",
    "cik": "0001539838",
    "fillingDate": "2024-02-22",
    "acceptedDate": "2024-02-22 16:08:18",
    "calendarYear": "2023",
    "period": "Q4",
    "revenue": 2217000000,
    "costOfRevenue": 970000000,
    "grossProfit": 1247000000,
    "grossProfitRatio": 0.5624718088,
    "researchAndDevelopmentExpenses": 0,
    "generalAndAdministrativeExpenses": 39000000,
    "sellingAndMarketingExpenses": 0,
    "sellingGeneralAndAdministrativeExpenses": 39000000,
    "otherExpenses": 3000000,
    "operatingExpenses": 42000000,
    "costAndExpenses": 1012000000,
    "interestIncome": 0,
    "interestExpense": 37000000,
    "depreciationAndAmortization": 469000000,
    "ebitda": 1781000000,
    "ebitdaratio": 0.8033378439,
    "operatingIncome": 1205000000,
    "operatingIncomeRatio": 0.5435272891,
    "totalOtherIncomeExpensesNet": 70000000,
    "incomeBeforeTax": 1275000000,
    "incomeBeforeTaxRatio": 0.5751014885,
    "incomeTaxExpense": 264000000,
    "netIncome": 960000000,
    "netIncomeRatio": 0.4330175913,
    "eps": 5.34,
    "epsdiluted": 5.34,
    "weightedAverageShsOut": 178811000,
    "weightedAverageShsOutDil": 178811000,
    "link": "https://www.sec.gov/Archives/edgar/data/1539838/000153983824000019/0001539838-24-000019-index.htm",
    "finalLink": "https://www.sec.gov/Archives/edgar/data/1539838/000153983824000019/fang-20231231.htm"
  },
  {
    "date": "2023-09-30",
    "symbol": "FANG",
    "reportedCurrency": "USD",
    "cik": "0001539838",
    "fillingDate": "2023-11-08",
    "acceptedDate": "2023-11-08 16:05:27",
    "calendarYear": "2023",
    "period": "Q3",
    "revenue": 2340000000,
    "costOfRevenue": 918000000,
    "grossProfit": 1422000000,
    "grossProfitRatio": 0.6076923077,
    "researchAndDevelopmentExpenses": 0,
    "generalAndAdministrativeExpenses": 34000000,
    "sellingAndMarketingExpenses": 0,
    "sellingGeneralAndAdministrativeExpenses": 34000000,
    "otherExpenses": 48000000,
    "operatingExpenses": 82000000,
    "costAndExpenses": 1000000000,
    "interestIncome": 0,
    "interestExpense": 37000000,
    "depreciationAndAmortization": 438000000,
    "ebitda": 1744000000,
    "ebitdaratio": 0.7452991453,
    "operatingIncome": 1340000000,
    "operatingIncomeRatio": 0.5726495726,
    "totalOtherIncomeExpensesNet": -71000000,
    "incomeBeforeTax": 1269000000,
    "incomeBeforeTaxRatio": 0.5423076923,
    "incomeTaxExpense": 276000000,
    "netIncome": 915000000,
    "netIncomeRatio": 0.391025641,
    "eps": 5.07,
    "epsdiluted": 5.07,
    "weightedAverageShsOut": 178872000,
    "weightedAverageShsOutDil": 178872000,
    "link": "https://www.sec.gov/Archives/edgar/data/1539838/000153983823000134/0001539838-23-000134-index.htm",
    "finalLink": "https://www.sec.gov/Archives/edgar/data/1539838/000153983823000134/fang-20230930.htm"
  },
  {
    "date": "2023-06-30",
    "symbol": "FANG",
    "reportedCurrency": "USD",
    "cik": "0001539838",
    "fillingDate": "2023-08-03",
    "acceptedDate": "2023-08-03 16:12:04",
    "calendarYear": "2023",
    "period": "Q2",
    "revenue": 1919000000,
    "costOfRevenue": 848000000,
    "grossProfit": 1071000000,
    "grossProfitRatio": 0.5581031787,
    "researchAndDevelopmentExpenses": 0,
    "generalAndAdministrativeExpenses": 37000000,
    "sellingAndMarketingExpenses": 0,
    "sellingGeneralAndAdministrativeExpenses": 37000000,
    "otherExpenses": 34000000,
    "operatingExpenses": 71000000,
    "costAndExpenses": 919000000,
    "interestIncome": 0,
    "interestExpense": 49000000,
    "depreciationAndAmortization": 423000000,
    "ebitda": 1223000000,
    "ebitdaratio": 0.6373110995,
    "operatingIncome": 1000000000,
    "operatingIncomeRatio": 0.5211047421,
    "totalOtherIncomeExpensesNet": -249000000,
    "incomeBeforeTax": 751000000,
    "incomeBeforeTaxRatio": 0.3913496613,
    "incomeTaxExpense": 165000000,
    "netIncome": 556000000,
    "netIncomeRatio": 0.2897342366,
    "eps": 3.05,
    "epsdiluted": 3.05,
    "weightedAverageShsOut": 180373000,
    "weightedAverageShsOutDil": 180373000,
    "link": "https://www.sec.gov/Archives/edgar/data/1539838/000153983823000101/0001539838-23-000101-index.htm",
    "finalLink": "https://www.sec.gov/Archives/edgar/data/1539838/000153983823000101/fang-20230630.htm"
  },
  {
    "date": "2023-03-31",
    "symbol": "FANG",
    "reportedCurrency": "USD",
    "cik": "0001539838",
    "fillingDate": "2023-05-03",
    "acceptedDate": "2023-05-03 16:08:50",
    "calendarYear": "2023",
    "period": "Q1",
    "revenue": 1925000000,
    "costOfRevenue": 814000000,
    "grossProfit": 1111000000,
    "grossProfitRatio": 0.5771428571,
    "researchAndDevelopmentExpenses": 0,
    "generalAndAdministrativeExpenses": 40000000,
    "sellingAndMarketingExpenses": 0,
    "sellingGeneralAndAdministrativeExpenses": 40000000,
    "otherExpenses": 46000000,
    "operatingExpenses": 86000000,
    "costAndExpenses": 900000000,
    "interestIncome": 0,
    "interestExpense": 46000000,
    "depreciationAndAmortization": 403000000,
    "ebitda": 1402000000,
    "ebitdaratio": 0.7283116883,
    "operatingIncome": 1025000000,
    "operatingIncomeRatio": 0.5324675325,
    "totalOtherIncomeExpensesNet": -72000000,
    "incomeBeforeTax": 953000000,
    "incomeBeforeTaxRatio": 0.4950649351,
    "incomeTaxExpense": 207000000,
    "netIncome": 712000000,
    "netIncomeRatio": 0.3698701299,
    "eps": 3.87,
    "epsdiluted": 3.89,
    "weightedAverageShsOut": 181988000,
    "weightedAverageShsOutDil": 181988000,
    "link": "https://www.sec.gov/Archives/edgar/data/1539838/000153983823000045/0001539838-23-000045-index.htm",
    "finalLink": "https://www.sec.gov/Archives/edgar/data/1539838/000153983823000045/fang-20230331.htm"
  },
  {
    "date": "2022-12-31",
    "symbol": "FANG",
    "reportedCurrency": "USD",
    "cik": "0001539838",
    "fillingDate": "2023-02-23",
    "acceptedDate": "2023-02-23 16:27:14",
    "calendarYear": "2022",
    "period": "Q4",
    "revenue": 2030000000,
    "costOfRevenue": 719000000,
    "grossProfit": 1311000000,
    "grossProfitRatio": 0.6458128079,
    "researchAndDevelopmentExpenses": 0,
    "generalAndAdministrativeExpenses": 35000000,
    "sellingAndMarketingExpenses": 0,
    "sellingGeneralAndAdministrativeExpenses": 35000000,
    "otherExpenses": 20000000,
    "operatingExpenses": 55000000,
    "costAndExpenses": 774000000,
    "interestIncome": 0,
    "interestExpense": 37000000,
    "depreciationAndAmortization": 375000000,
    "ebitda": 1690000000,
    "ebitdaratio": 0.8325123153,
    "operatingIncome": 1256000000,
    "operatingIncomeRatio": 0.6187192118,
    "totalOtherIncomeExpensesNet": 33000000,
    "incomeBeforeTax": 1289000000,
    "incomeBeforeTaxRatio": 0.6349753695,
    "incomeTaxExpense": 261000000,
    "netIncome": 1007000000,
    "netIncomeRatio": 0.4960591133,
    "eps": 5.62,
    "epsdiluted": 5.62,
    "weightedAverageShsOut": 177640000,
    "weightedAverageShsOutDil": 177640000,
    "link": "https://www.sec.gov/Archives/edgar/data/1539838/000153983823000022/0001539838-23-000022-index.htm",
    "finalLink": "https://www.sec.gov/Archives/edgar/data/1539838/000153983823000022/fang-20221231.htm"
  },
  {
    "date": "2022-09-30",
    "symbol": "FANG",
    "reportedCurrency": "USD",
    "cik": "0001539838",
    "fillingDate": "2022-11-08",
    "acceptedDate": "2022-11-08 16:15:20",
    "calendarYear": "2022",
    "period": "Q3",
    "revenue": 2437000000,
    "costOfRevenue": 746000000,
    "grossProfit": 1691000000,
    "grossProfitRatio": 0.6938859253,
    "researchAndDevelopmentExpenses": 0,
    "generalAndAdministrativeExpenses": 34000000,
    "sellingAndMarketingExpenses": 0,
    "sellingGeneralAndAdministrativeExpenses": 34000000,
    "otherExpenses": 43000000,
    "operatingExpenses": 77000000,
    "costAndExpenses": 823000000,
    "interestIncome": 0,
    "interestExpense": 43000000,
    "depreciationAndAmortization": 336000000,
    "ebitda": 1939000000,
    "ebitdaratio": 0.7956503898,
    "operatingIncome": 1614000000,
    "operatingIncomeRatio": 0.6622897005,
    "totalOtherIncomeExpensesNet": -54000000,
    "incomeBeforeTax": 1560000000,
    "incomeBeforeTaxRatio": 0.640131309,
    "incomeTaxExpense": 290000000,
    "netIncome": 1184000000,
    "netIncomeRatio": 0.4858432499,
    "eps": 6.72,
    "epsdiluted": 6.72,
    "weightedAverageShsOut": 174406000,
    "weightedAverageShsOutDil": 174408000,
    "link": "https://www.sec.gov/Archives/edgar/data/1539838/000153983822000167/0001539838-22-000167-index.htm",
    "finalLink": "https://www.sec.gov/Archives/edgar/data/1539838/000153983822000167/fang-20220930.htm"
  },
  {
    "date": "2022-06-30",
    "symbol": "FANG",
    "reportedCurrency": "USD",
    "cik": "0001539838",
    "fillingDate": "2022-08-03",
    "acceptedDate": "2022-08-03 16:25:41",
    "calendarYear": "2022",
    "period": "Q2",
    "revenue": 2768000000,
    "costOfRevenue": 728000000,
    "grossProfit": 2040000000,
    "grossProfitRatio": 0.7369942197,
    "researchAndDevelopmentExpenses": 0,
    "generalAndAdministrativeExpenses": 39000000,
    "sellingAndMarketingExpenses": 0,
    "sellingGeneralAndAdministrativeExpenses": 39000000,
    "otherExpenses": 23000000,
    "operatingExpenses": 62000000,
    "costAndExpenses": 790000000,
    "interestIncome": 0,
    "interestExpense": 39000000,
    "depreciationAndAmortization": 330000000,
    "ebitda": 2232000000,
    "ebitdaratio": 0.8063583815,
    "operatingIncome": 1978000000,
    "operatingIncomeRatio": 0.7145953757,
    "totalOtherIncomeExpensesNet": -115000000,
    "incomeBeforeTax": 1863000000,
    "incomeBeforeTaxRatio": 0.6730491329,
    "incomeTaxExpense": 402000000,
    "netIncome": 1416000000,
    "netIncomeRatio": 0.5115606936,
    "eps": 7.93,
    "epsdiluted": 7.92,
    "weightedAverageShsOut": 176570000,
    "weightedAverageShsOutDil": 176876000,
    "link": "https://www.sec.gov/Archives/edgar/data/1539838/000153983822000133/0001539838-22-000133-index.htm",
    "finalLink": "https://www.sec.gov/Archives/edgar/data/1539838/000153983822000133/fang-20220630.htm"
  },
  {
    "date": "2022-03-31",
    "symbol": "FANG",
    "reportedCurrency": "USD",
    "cik": "0001539838",
    "fillingDate": "2022-05-05",
    "acceptedDate": "2022-05-05 16:08:11",
    "calendarYear": "2022",
    "period": "Q1",
    "revenue": 2408000000,
    "costOfRevenue": 679000000,
    "grossProfit": 1729000000,
    "grossProfitRatio": 0.7180232558,
    "researchAndDevelopmentExpenses": 0,
    "generalAndAdministrativeExpenses": 36000000,
    "sellingAndMarketingExpenses": 0,
    "sellingGeneralAndAdministrativeExpenses": 36000000,
    "otherExpenses": 33000000,
    "operatingExpenses": 69000000,
    "costAndExpenses": 748000000,
    "interestIncome": 0,
    "interestExpense": 40000000,
    "depreciationAndAmortization": 313000000,
    "ebitda": 1377000000,
    "ebitdaratio": 0.5718438538,
    "operatingIncome": 1660000000,
    "operatingIncomeRatio": 0.6893687708,
    "totalOtherIncomeExpensesNet": -636000000,
    "incomeBeforeTax": 1024000000,
    "incomeBeforeTaxRatio": 0.4252491694,
    "incomeTaxExpense": 221000000,
    "netIncome": 779000000,
    "netIncomeRatio": 0.3235049834,
    "eps": 4.39,
    "epsdiluted": 4.36,
    "weightedAverageShsOut": 177565000,
    "weightedAverageShsOutDil": 178555000,
    "link": "https://www.sec.gov/Archives/edgar/data/1539838/000153983822000058/0001539838-22-000058-index.htm",
    "finalLink": "https://www.sec.gov/Archives/edgar/data/1539838/000153983822000058/fang-20220331.htm"
  },
  {
    "date": "2021-12-31",
    "symbol": "FANG",
    "reportedCurrency": "USD",
    "cik": "0001539838",
    "fillingDate": "2022-02-24",
    "acceptedDate": "2022-02-24 17:27:49",
    "calendarYear": "2021",
    "period": "Q4",
    "revenue": 2022000000,
    "costOfRevenue": 675000000,
    "grossProfit": 1347000000,
    "grossProfitRatio": 0.6661721068,
    "researchAndDevelopmentExpenses": 0,
    "generalAndAdministrativeExpenses": 47000000,
    "sellingAndMarketingExpenses": 0,
    "sellingGeneralAndAdministrativeExpenses": 47000000,
    "otherExpenses": -11000000,
    "operatingExpenses": 36000000,
    "costAndExpenses": 711000000,
    "interestIncome": 0,
    "interestExpense": 29000000,
    "depreciationAndAmortization": 320000000,
    "ebitda": 1681000000,
    "ebitdaratio": 0.831355094,
    "operatingIncome": 1311000000,
    "operatingIncomeRatio": 0.6483679525,
    "totalOtherIncomeExpensesNet": 19000000,
    "incomeBeforeTax": 1330000000,
    "incomeBeforeTaxRatio": 0.6577645895,
    "incomeTaxExpense": 279000000,
    "netIncome": 1002000000,
    "netIncomeRatio": 0.4955489614,
    "eps": 5.56,
    "epsdiluted": 5.54,
    "weightedAverageShsOut": 180143000,
    "weightedAverageShsOutDil": 180998000,
    "link": "https://www.sec.gov/Archives/edgar/data/1539838/000153983822000008/0001539838-22-000008-index.htm",
    "finalLink": "https://www.sec.gov/Archives/edgar/data/1539838/000153983822000008/fang-20211231.htm"
  },
  {
    "date": "2021-09-30",
    "symbol": "FANG",
    "reportedCurrency": "USD",
    "cik": "0001539838",
    "fillingDate": "2021-11-04",
    "acceptedDate": "2021-11-04 16:14:48",
    "calendarYear": "2021",
    "period": "Q3",
    "revenue": 1910000000,
    "costOfRevenue": 688000000,
    "grossProfit": 1222000000,
    "grossProfitRatio": 0.6397905759,
    "researchAndDevelopmentExpenses": 0,
    "generalAndAdministrativeExpenses": 38000000,
    "sellingAndMarketingExpenses": 0,
    "sellingGeneralAndAdministrativeExpenses": 38000000,
    "otherExpenses": 20000000,
    "operatingExpenses": 58000000,
    "costAndExpenses": 746000000,
    "interestIncome": 0,
    "interestExpense": 57000000,
    "depreciationAndAmortization": 334000000,
    "ebitda": 1258000000,
    "ebitdaratio": 0.6586387435,
    "operatingIncome": 1164000000,
    "operatingIncomeRatio": 0.6094240838,
    "totalOtherIncomeExpensesNet": -297000000,
    "incomeBeforeTax": 867000000,
    "incomeBeforeTaxRatio": 0.4539267016,
    "incomeTaxExpense": 193000000,
    "netIncome": 649000000,
    "netIncomeRatio": 0.3397905759,
    "eps": 3.55,
    "epsdiluted": 3.55,
    "weightedAverageShsOut": 181027000,
    "weightedAverageShsOutDil": 182149000,
    "link": "https://www.sec.gov/Archives/edgar/data/1539838/000153983821000126/0001539838-21-000126-index.htm",
    "finalLink": "https://www.sec.gov/Archives/edgar/data/1539838/000153983821000126/fang-20210930.htm"
  },
  {
    "date": "2021-06-30",
    "symbol": "FANG",
    "reportedCurrency": "USD",
    "cik": "0001539838",
    "fillingDate": "2021-08-05",
    "acceptedDate": "2021-08-05 16:23:05",
    "calendarYear": "2021",
    "period": "Q2",
    "revenue": 1681000000,
    "costOfRevenue": 682000000,
    "grossProfit": 999000000,
    "grossProfitRatio": 0.5942891136,
    "researchAndDevelopmentExpenses": 0,
    "generalAndAdministrativeExpenses": 36000000,
    "sellingAndMarketingExpenses": 0,
    "sellingGeneralAndAdministrativeExpenses": 36000000,
    "otherExpenses": 8000000,
    "operatingExpenses": 44000000,
    "costAndExpenses": 726000000,
    "interestIncome": 0,
    "interestExpense": 57000000,
    "depreciationAndAmortization": 341000000,
    "ebitda": 820000000,
    "ebitdaratio": 0.487804878,
    "operatingIncome": 955000000,
    "operatingIncomeRatio": 0.5681142177,
    "totalOtherIncomeExpensesNet": -533000000,
    "incomeBeforeTax": 422000000,
    "incomeBeforeTaxRatio": 0.251041047,
    "incomeTaxExpense": 94000000,
    "netIncome": 311000000,
    "netIncomeRatio": 0.1850089233,
    "eps": 1.7,
    "epsdiluted": 1.7,
    "weightedAverageShsOut": 181009000,
    "weightedAverageShsOutDil": 181968000,
    "link": "https://www.sec.gov/Archives/edgar/data/1539838/000153983821000117/0001539838-21-000117-index.htm",
    "finalLink": "https://www.sec.gov/Archives/edgar/data/1539838/000153983821000117/fang-20210630.htm"
  },
  {
    "date": "2021-03-31",
    "symbol": "FANG",
    "reportedCurrency": "USD",
    "cik": "0001539838",
    "fillingDate": "2021-05-07",
    "acceptedDate": "2021-05-07 16:04:36",
    "calendarYear": "2021",
    "period": "Q1",
    "revenue": 1184000000,
    "costOfRevenue": 509000000,
    "grossProfit": 675000000,
    "grossProfitRatio": 0.5701013514,
    "researchAndDevelopmentExpenses": 0,
    "generalAndAdministrativeExpenses": 25000000,
    "sellingAndMarketingExpenses": 0,
    "sellingGeneralAndAdministrativeExpenses": 25000000,
    "otherExpenses": 79000000,
    "operatingExpenses": 104000000,
    "costAndExpenses": 613000000,
    "interestIncome": 0,
    "interestExpense": 56000000,
    "depreciationAndAmortization": 273000000,
    "ebitda": 615000000,
    "ebitdaratio": 0.5194256757,
    "operatingIncome": 571000000,
    "operatingIncomeRatio": 0.4822635135,
    "totalOtherIncomeExpensesNet": -283000000,
    "incomeBeforeTax": 288000000,
    "incomeBeforeTaxRatio": 0.2432432432,
    "incomeTaxExpense": 65000000,
    "netIncome": 220000000,
    "netIncomeRatio": 0.1858108108,
    "eps": 1.34,
    "epsdiluted": 1.33,
    "weightedAverageShsOut": 164169000,
    "weightedAverageShsOutDil": 164926000,
    "link": "https://www.sec.gov/Archives/edgar/data/1539838/000153983821000069/0001539838-21-000069-index.htm",
    "finalLink": "https://www.sec.gov/Archives/edgar/data/1539838/000153983821000069/fang-20210331.htm"
  },
  {
    "date": "2020-12-31",
    "symbol": "FANG",
    "reportedCurrency": "USD",
    "cik": "0001539838",
    "fillingDate": "2021-02-25",
    "acceptedDate": "2021-02-25 16:34:19",
    "calendarYear": "2020",
    "period": "Q4",
    "revenue": 769000000,
    "costOfRevenue": 467000000,
    "grossProfit": 302000000,
    "grossProfitRatio": 0.3927178153,
    "researchAndDevelopmentExpenses": 0,
    "generalAndAdministrativeExpenses": 24000000,
    "sellingAndMarketingExpenses": 0,
    "sellingGeneralAndAdministrativeExpenses": 24000000,
    "otherExpenses": 1024000000,
    "operatingExpenses": 1048000000,
    "costAndExpenses": 1515000000,
    "interestIncome": 0,
    "interestExpense": 50000000,
    "depreciationAndAmortization": 268000000,
    "ebitda": -642000000,
    "ebitdaratio": -0.8348504551,
    "operatingIncome": -746000000,
    "operatingIncomeRatio": -0.9700910273,
    "totalOtherIncomeExpensesNet": -212000000,
    "incomeBeforeTax": -958000000,
    "incomeBeforeTaxRatio": -1.2457737321,
    "incomeTaxExpense": -202000000,
    "netIncome": -739000000,
    "netIncomeRatio": -0.9609882965,
    "eps": -4.68,
    "epsdiluted": -4.68,
    "weightedAverageShsOut": 157975000,
    "weightedAverageShsOutDil": 157975000,
    "link": "https://www.sec.gov/Archives/edgar/data/1539838/000153983821000015/0001539838-21-000015-index.htm",
    "finalLink": "https://www.sec.gov/Archives/edgar/data/1539838/000153983821000015/fang-20201231.htm"
  },
  {
    "date": "2020-09-30",
    "symbol": "FANG",
    "reportedCurrency": "USD",
    "cik": "0001539838",
    "fillingDate": "2020-11-05",
    "acceptedDate": "2020-11-05 16:29:53",
    "calendarYear": "2020",
    "period": "Q3",
    "revenue": 720000000,
    "costOfRevenue": 502000000,
    "grossProfit": 218000000,
    "grossProfitRatio": 0.3027777778,
    "researchAndDevelopmentExpenses": 0,
    "generalAndAdministrativeExpenses": 20000000,
    "sellingAndMarketingExpenses": 0,
    "sellingGeneralAndAdministrativeExpenses": 20000000,
    "otherExpenses": 1454000000,
    "operatingExpenses": 1474000000,
    "costAndExpenses": 1976000000,
    "interestIncome": 0,
    "interestExpense": 53000000,
    "depreciationAndAmortization": 288000000,
    "ebitda": -1072000000,
    "ebitdaratio": -1.4888888889,
    "operatingIncome": -1256000000,
    "operatingIncomeRatio": -1.7444444444,
    "totalOtherIncomeExpensesNet": -153000000,
    "incomeBeforeTax": -1409000000,
    "incomeBeforeTaxRatio": -1.9569444444,
    "incomeTaxExpense": -304000000,
    "netIncome": -1113000000,
    "netIncomeRatio": -1.5458333333,
    "eps": -7.05,
    "epsdiluted": -7.05,
    "weightedAverageShsOut": 157833000,
    "weightedAverageShsOutDil": 157833000,
    "link": "https://www.sec.gov/Archives/edgar/data/1539838/000153983820000111/0001539838-20-000111-index.htm",
    "finalLink": "https://www.sec.gov/Archives/edgar/data/1539838/000153983820000111/fang-20200930.htm"
  },
  {
    "date": "2020-06-30",
    "symbol": "FANG",
    "reportedCurrency": "USD",
    "cik": "0001539838",
    "fillingDate": "2020-08-10",
    "acceptedDate": "2020-08-10 06:06:34",
    "calendarYear": "2020",
    "period": "Q2",
    "revenue": 425000000,
    "costOfRevenue": 536000000,
    "grossProfit": -111000000,
    "grossProfitRatio": -0.2611764706,
    "researchAndDevelopmentExpenses": 0,
    "generalAndAdministrativeExpenses": 20000000,
    "sellingAndMarketingExpenses": 0,
    "sellingGeneralAndAdministrativeExpenses": 20000000,
    "otherExpenses": 2541000000,
    "operatingExpenses": 2561000000,
    "costAndExpenses": 3097000000,
    "interestIncome": 0,
    "interestExpense": 46000000,
    "depreciationAndAmortization": 344000000,
    "ebitda": -2706000000,
    "ebitdaratio": -6.3670588235,
    "operatingIncome": -2672000000,
    "operatingIncomeRatio": -6.2870588235,
    "totalOtherIncomeExpensesNet": -420000000,
    "incomeBeforeTax": -3092000000,
    "incomeBeforeTaxRatio": -7.2752941176,
    "incomeTaxExpense": -681000000,
    "netIncome": -2393000000,
    "netIncomeRatio": -5.6305882353,
    "eps": -15.16,
    "epsdiluted": -15.16,
    "weightedAverageShsOut": 157829000,
    "weightedAverageShsOutDil": 157829000,
    "link": "https://www.sec.gov/Archives/edgar/data/1539838/000153983820000101/0001539838-20-000101-index.htm",
    "finalLink": "https://www.sec.gov/Archives/edgar/data/1539838/000153983820000101/fang-20200630.htm"
  },
  {
    "date": "2020-03-31",
    "symbol": "FANG",
    "reportedCurrency": "USD",
    "cik": "0001539838",
    "fillingDate": "2020-05-08",
    "acceptedDate": "2020-05-07 20:17:36",
    "calendarYear": "2020",
    "period": "Q1",
    "revenue": 899000000,
    "costOfRevenue": 666000000,
    "grossProfit": 233000000,
    "grossProfitRatio": 0.2591768632,
    "researchAndDevelopmentExpenses": 0,
    "generalAndAdministrativeExpenses": 24000000,
    "sellingAndMarketingExpenses": 0,
    "sellingGeneralAndAdministrativeExpenses": 24000000,
    "otherExpenses": 1011000000,
    "operatingExpenses": 1035000000,
    "costAndExpenses": 1701000000,
    "interestIncome": 0,
    "interestExpense": 48000000,
    "depreciationAndAmortization": 409000000,
    "ebitda": 138000000,
    "ebitdaratio": 0.1535038932,
    "operatingIncome": -802000000,
    "operatingIncomeRatio": -0.8921023359,
    "totalOtherIncomeExpensesNet": 485000000,
    "incomeBeforeTax": -317000000,
    "incomeBeforeTaxRatio": -0.3526140156,
    "incomeTaxExpense": 83000000,
    "netIncome": -272000000,
    "netIncomeRatio": -0.3025583982,
    "eps": -1.72,
    "epsdiluted": -1.72,
    "weightedAverageShsOut": 158291000,
    "weightedAverageShsOutDil": 158494000,
    "link": "https://www.sec.gov/Archives/edgar/data/1539838/000153983820000054/0001539838-20-000054-index.htm",
    "finalLink": "https://www.sec.gov/Archives/edgar/data/1539838/000153983820000054/q12020diamondback10-q.htm"
  },
  {
    "date": "2019-12-31",
    "symbol": "FANG",
    "reportedCurrency": "USD",
    "cik": "0001539838",
    "fillingDate": "2020-02-27",
    "acceptedDate": "2020-02-26 18:38:37",
    "calendarYear": "2019",
    "period": "Q4",
    "revenue": 1104000000,
    "costOfRevenue": 660000000,
    "grossProfit": 444000000,
    "grossProfitRatio": 0.402173913,
    "researchAndDevelopmentExpenses": 0,
    "generalAndAdministrativeExpenses": 36000000,
    "sellingAndMarketingExpenses": 0,
    "sellingGeneralAndAdministrativeExpenses": 36000000,
    "otherExpenses": 792000000,
    "operatingExpenses": 828000000,
    "costAndExpenses": 1488000000,
    "interestIncome": 0,
    "interestExpense": 39000000,
    "depreciationAndAmortization": 401000000,
    "ebitda": -156000000,
    "ebitdaratio": -0.1413043478,
    "operatingIncome": -384000000,
    "operatingIncomeRatio": -0.347826087,
    "totalOtherIncomeExpensesNet": -212000000,
    "incomeBeforeTax": -596000000,
    "incomeBeforeTaxRatio": -0.5398550725,
    "incomeTaxExpense": -124000000,
    "netIncome": -487000000,
    "netIncomeRatio": -0.4411231884,
    "eps": -3.04,
    "epsdiluted": -3.04,
    "weightedAverageShsOut": 159998000,
    "weightedAverageShsOutDil": 160154000,
    "link": "https://www.sec.gov/Archives/edgar/data/1539838/000153983820000021/0001539838-20-000021-index.htm",
    "finalLink": "https://www.sec.gov/Archives/edgar/data/1539838/000153983820000021/diamondback201910-k.htm"
  },
  {
    "date": "2019-09-30",
    "symbol": "FANG",
    "reportedCurrency": "USD",
    "cik": "0001539838",
    "fillingDate": "2019-11-06",
    "acceptedDate": "2019-11-06 16:35:44",
    "calendarYear": "2019",
    "period": "Q3",
    "revenue": 975000000,
    "costOfRevenue": 605000000,
    "grossProfit": 370000000,
    "grossProfitRatio": 0.3794871795,
    "researchAndDevelopmentExpenses": 0,
    "generalAndAdministrativeExpenses": 19000000,
    "sellingAndMarketingExpenses": 0,
    "sellingGeneralAndAdministrativeExpenses": 19000000,
    "otherExpenses": 2000000,
    "operatingExpenses": 21000000,
    "costAndExpenses": 626000000,
    "interestIncome": 0,
    "interestExpense": 38000000,
    "depreciationAndAmortization": 365000000,
    "ebitda": 893000000,
    "ebitdaratio": 0.9158974359,
    "operatingIncome": 349000000,
    "operatingIncomeRatio": 0.3579487179,
    "totalOtherIncomeExpensesNet": 141000000,
    "incomeBeforeTax": 490000000,
    "incomeBeforeTaxRatio": 0.5025641026,
    "incomeTaxExpense": 102000000,
    "netIncome": 368000000,
    "netIncomeRatio": 0.3774358974,
    "eps": 2.27,
    "epsdiluted": 2.26,
    "weightedAverageShsOut": 162543000,
    "weightedAverageShsOutDil": 162780000,
    "link": "https://www.sec.gov/Archives/edgar/data/1539838/000153983819000117/0001539838-19-000117-index.htm",
    "finalLink": "https://www.sec.gov/Archives/edgar/data/1539838/000153983819000117/q32019diamondback10-q.htm"
  },
  {
    "date": "2019-06-30",
    "symbol": "FANG",
    "reportedCurrency": "USD",
    "cik": "0001539838",
    "fillingDate": "2019-08-09",
    "acceptedDate": "2019-08-08 19:22:52",
    "calendarYear": "2019",
    "period": "Q2",
    "revenue": 1021000000,
    "costOfRevenue": 584000000,
    "grossProfit": 437000000,
    "grossProfitRatio": 0.4280117532,
    "researchAndDevelopmentExpenses": 0,
    "generalAndAdministrativeExpenses": 22000000,
    "sellingAndMarketingExpenses": 0,
    "sellingGeneralAndAdministrativeExpenses": 22000000,
    "otherExpenses": 4000000,
    "operatingExpenses": 26000000,
    "costAndExpenses": 610000000,
    "interestIncome": 0,
    "interestExpense": 49000000,
    "depreciationAndAmortization": 359000000,
    "ebitda": 866000000,
    "ebitdaratio": 0.8481880509,
    "operatingIncome": 411000000,
    "operatingIncomeRatio": 0.402546523,
    "totalOtherIncomeExpensesNet": 47000000,
    "incomeBeforeTax": 458000000,
    "incomeBeforeTaxRatio": 0.4485798237,
    "incomeTaxExpense": 102000000,
    "netIncome": 349000000,
    "netIncomeRatio": 0.3418217434,
    "eps": 2.12,
    "epsdiluted": 2.11,
    "weightedAverageShsOut": 164839000,
    "weightedAverageShsOutDil": 165019000,
    "link": "https://www.sec.gov/Archives/edgar/data/1539838/000153983819000095/0001539838-19-000095-index.htm",
    "finalLink": "https://www.sec.gov/Archives/edgar/data/1539838/000153983819000095/q22019diamondback10-q.htm"
  },
  {
    "date": "2019-03-31",
    "symbol": "FANG",
    "reportedCurrency": "USD",
    "cik": "0001539838",
    "fillingDate": "2019-05-10",
    "acceptedDate": "2019-05-09 19:43:23",
    "calendarYear": "2019",
    "period": "Q1",
    "revenue": 864000000,
    "costOfRevenue": 515000000,
    "grossProfit": 349000000,
    "grossProfitRatio": 0.4039351852,
    "researchAndDevelopmentExpenses": 0,
    "generalAndAdministrativeExpenses": 27000000,
    "sellingAndMarketingExpenses": 0,
    "sellingGeneralAndAdministrativeExpenses": 27000000,
    "otherExpenses": 3000000,
    "operatingExpenses": 30000000,
    "costAndExpenses": 545000000,
    "interestIncome": 0,
    "interestExpense": 46000000,
    "depreciationAndAmortization": 322000000,
    "ebitda": 378000000,
    "ebitdaratio": 0.4375,
    "operatingIncome": 319000000,
    "operatingIncomeRatio": 0.369212963,
    "totalOtherIncomeExpensesNet": -309000000,
    "incomeBeforeTax": 10000000,
    "incomeBeforeTaxRatio": 0.0115740741,
    "incomeTaxExpense": -33000000,
    "netIncome": 10000000,
    "netIncomeRatio": 0.0115740741,
    "eps": 0.06,
    "epsdiluted": 0.06,
    "weightedAverageShsOut": 164852000,
    "weightedAverageShsOutDil": 165061000,
    "link": "https://www.sec.gov/Archives/edgar/data/1539838/000153983819000057/0001539838-19-000057-index.htm",
    "finalLink": "https://www.sec.gov/Archives/edgar/data/1539838/000153983819000057/q12019diamondback10-q.htm"
  },
  {
    "date": "2018-12-31",
    "symbol": "FANG",
    "reportedCurrency": "USD",
    "cik": "0001539838",
    "fillingDate": "2019-02-25",
    "acceptedDate": "2019-02-25 06:35:46",
    "calendarYear": "2018",
    "period": "Q4",
    "revenue": 631759000,
    "costOfRevenue": 378531000,
    "grossProfit": 253228000,
    "grossProfitRatio": 0.4008300634,
    "researchAndDevelopmentExpenses": 0,
    "generalAndAdministrativeExpenses": 19515000,
    "sellingAndMarketingExpenses": 0,
    "sellingGeneralAndAdministrativeExpenses": 19515000,
    "otherExpenses": 38725000,
    "operatingExpenses": 58240000,
    "costAndExpenses": 436771000,
    "interestIncome": 0,
    "interestExpense": 37931000,
    "depreciationAndAmortization": 231638000,
    "ebitda": 661341000,
    "ebitdaratio": 1.0468248177,
    "operatingIncome": 194988000,
    "operatingIncomeRatio": 0.308643011,
    "totalOtherIncomeExpensesNet": 196784000,
    "incomeBeforeTax": 391772000,
    "incomeBeforeTaxRatio": 0.6201288783,
    "incomeTaxExpense": 85612000,
    "netIncome": 306660000,
    "netIncomeRatio": 0.4854066187,
    "eps": 2.5,
    "epsdiluted": 2.5,
    "weightedAverageShsOut": 122510000,
    "weightedAverageShsOutDil": 122739000,
    "link": "https://www.sec.gov/Archives/edgar/data/1539838/000153983819000008/0001539838-19-000008-index.htm",
    "finalLink": "https://www.sec.gov/Archives/edgar/data/1539838/000153983819000008/diamondback201810-k.htm"
  },
  {
    "date": "2018-09-30",
    "symbol": "FANG",
    "reportedCurrency": "USD",
    "cik": "0001539838",
    "fillingDate": "2018-11-07",
    "acceptedDate": "2018-11-07 17:32:16",
    "calendarYear": "2018",
    "period": "Q3",
    "revenue": 537000000,
    "costOfRevenue": 254000000,
    "grossProfit": 283000000,
    "grossProfitRatio": 0.5270018622,
    "researchAndDevelopmentExpenses": 0,
    "generalAndAdministrativeExpenses": 14185000,
    "sellingAndMarketingExpenses": 0,
    "sellingGeneralAndAdministrativeExpenses": 14185000,
    "otherExpenses": 1000000,
    "operatingExpenses": 15000000,
    "costAndExpenses": 269000000,
    "interestIncome": 0,
    "interestExpense": 19000000,
    "depreciationAndAmortization": 146000000,
    "ebitda": 368000000,
    "ebitdaratio": 0.6852886406,
    "operatingIncome": 268000000,
    "operatingIncomeRatio": 0.4990689013,
    "totalOtherIncomeExpensesNet": -65000000,
    "incomeBeforeTax": 201693000,
    "incomeBeforeTaxRatio": 0.3755921788,
    "incomeTaxExpense": 42276000,
    "netIncome": 157000000,
    "netIncomeRatio": 0.2923649907,
    "eps": 1.59,
    "epsdiluted": 1.59,
    "weightedAverageShsOut": 98638000,
    "weightedAverageShsOutDil": 98818000,
    "link": "https://www.sec.gov/Archives/edgar/data/1539838/000153983818000117/0001539838-18-000117-index.htm",
    "finalLink": "https://www.sec.gov/Archives/edgar/data/1539838/000153983818000117/q32018diamondback10-q.htm"
  },
  {
    "date": "2018-06-30",
    "symbol": "FANG",
    "reportedCurrency": "USD",
    "cik": "0001539838",
    "fillingDate": "2018-08-09",
    "acceptedDate": "2018-08-09 17:26:36",
    "calendarYear": "2018",
    "period": "Q2",
    "revenue": 527000000,
    "costOfRevenue": 231000000,
    "grossProfit": 296000000,
    "grossProfitRatio": 0.5616698292,
    "researchAndDevelopmentExpenses": 0,
    "generalAndAdministrativeExpenses": 14529000,
    "sellingAndMarketingExpenses": 0,
    "sellingGeneralAndAdministrativeExpenses": 14529000,
    "otherExpenses": 0,
    "operatingExpenses": 15000000,
    "costAndExpenses": 246000000,
    "interestIncome": 0,
    "interestExpense": 16000000,
    "depreciationAndAmortization": 130000000,
    "ebitda": 440000000,
    "ebitdaratio": 0.834914611,
    "operatingIncome": 281000000,
    "operatingIncomeRatio": 0.5332068311,
    "totalOtherIncomeExpensesNet": 13000000,
    "incomeBeforeTax": 294557000,
    "incomeBeforeTaxRatio": 0.5589316888,
    "incomeTaxExpense": -6607000,
    "netIncome": 219000000,
    "netIncomeRatio": 0.4155597723,
    "eps": 2.22,
    "epsdiluted": 2.22,
    "weightedAverageShsOut": 98614000,
    "weightedAverageShsOutDil": 98797000,
    "link": "https://www.sec.gov/Archives/edgar/data/1539838/000153983818000093/0001539838-18-000093-index.htm",
    "finalLink": "https://www.sec.gov/Archives/edgar/data/1539838/000153983818000093/q22018diamondback10-q.htm"
  },
  {
    "date": "2018-03-31",
    "symbol": "FANG",
    "reportedCurrency": "USD",
    "cik": "0001539838",
    "fillingDate": "2018-05-10",
    "acceptedDate": "2018-05-10 17:20:05",
    "calendarYear": "2018",
    "period": "Q1",
    "revenue": 479000000,
    "costOfRevenue": 194000000,
    "grossProfit": 285000000,
    "grossProfitRatio": 0.5949895616,
    "researchAndDevelopmentExpenses": 0,
    "generalAndAdministrativeExpenses": 16325000,
    "sellingAndMarketingExpenses": 0,
    "sellingGeneralAndAdministrativeExpenses": 16325000,
    "otherExpenses": 2000000,
    "operatingExpenses": 18000000,
    "costAndExpenses": 212000000,
    "interestIncome": 0,
    "interestExpense": 14000000,
    "depreciationAndAmortization": 115000000,
    "ebitda": 354000000,
    "ebitdaratio": 0.739039666,
    "operatingIncome": 267000000,
    "operatingIncomeRatio": 0.5574112735,
    "totalOtherIncomeExpensesNet": -42000000,
    "incomeBeforeTax": 225235000,
    "incomeBeforeTaxRatio": 0.4702192067,
    "incomeTaxExpense": 47081000,
    "netIncome": 163000000,
    "netIncomeRatio": 0.3402922756,
    "eps": 1.65,
    "epsdiluted": 1.65,
    "weightedAverageShsOut": 98555000,
    "weightedAverageShsOutDil": 98769000,
    "link": "https://www.sec.gov/Archives/edgar/data/1539838/000153983818000054/0001539838-18-000054-index.htm",
    "finalLink": "https://www.sec.gov/Archives/edgar/data/1539838/000153983818000054/q12018diamondback10-q.htm"
  },
  {
    "date": "2017-12-31",
    "symbol": "FANG",
    "reportedCurrency": "USD",
    "cik": "0001539838",
    "fillingDate": "2018-02-15",
    "acceptedDate": "2018-02-14 21:06:11",
    "calendarYear": "2017",
    "period": "Q4",
    "revenue": 399194000,
    "costOfRevenue": 174025000,
    "grossProfit": 225169000,
    "grossProfitRatio": 0.564059079,
    "researchAndDevelopmentExpenses": 0,
    "generalAndAdministrativeExpenses": 11145000,
    "sellingAndMarketingExpenses": 0,
    "sellingGeneralAndAdministrativeExpenses": 11145000,
    "otherExpenses": 361000,
    "operatingExpenses": 11506000,
    "costAndExpenses": 185531000,
    "interestIncome": 0,
    "interestExpense": 10892000,
    "depreciationAndAmortization": 105078000,
    "ebitda": 221616000,
    "ebitdaratio": 0.5551586447,
    "operatingIncome": 213663000,
    "operatingIncomeRatio": 0.5352360005,
    "totalOtherIncomeExpensesNet": -108017000,
    "incomeBeforeTax": 105646000,
    "incomeBeforeTaxRatio": 0.2646482663,
    "incomeTaxExpense": -23961000,
    "netIncome": 114559000,
    "netIncomeRatio": 0.2869757561,
    "eps": 1.17,
    "epsdiluted": 1.16,
    "weightedAverageShsOut": 98169000,
    "weightedAverageShsOutDil": 98368000,
    "link": "https://www.sec.gov/Archives/edgar/data/1539838/000153983818000014/0001539838-18-000014-index.htm",
    "finalLink": "https://www.sec.gov/Archives/edgar/data/1539838/000153983818000014/diamondback201710-k.htm"
  },
  {
    "date": "2017-09-30",
    "symbol": "FANG",
    "reportedCurrency": "USD",
    "cik": "0001539838",
    "fillingDate": "2017-11-07",
    "acceptedDate": "2017-11-07 16:58:35",
    "calendarYear": "2017",
    "period": "Q3",
    "revenue": 301253000,
    "costOfRevenue": 146369000,
    "grossProfit": 154884000,
    "grossProfitRatio": 0.5141326393,
    "researchAndDevelopmentExpenses": 0,
    "generalAndAdministrativeExpenses": 11888000,
    "sellingAndMarketingExpenses": 0,
    "sellingGeneralAndAdministrativeExpenses": 11888000,
    "otherExpenses": 357000,
    "operatingExpenses": 12245000,
    "costAndExpenses": 158614000,
    "interestIncome": 0,
    "interestExpense": 9192000,
    "depreciationAndAmortization": 87579000,
    "ebitda": 179576000,
    "ebitdaratio": 0.5960969683,
    "operatingIncome": 142639000,
    "operatingIncomeRatio": 0.4734857412,
    "totalOtherIncomeExpensesNet": -59834000,
    "incomeBeforeTax": 82805000,
    "incomeBeforeTaxRatio": 0.274868632,
    "incomeTaxExpense": 857000,
    "netIncome": 73024000,
    "netIncomeRatio": 0.2424009056,
    "eps": 0.74,
    "epsdiluted": 0.74,
    "weightedAverageShsOut": 98144000,
    "weightedAverageShsOutDil": 98369000,
    "link": "https://www.sec.gov/Archives/edgar/data/1539838/000153983817000127/0001539838-17-000127-index.htm",
    "finalLink": "https://www.sec.gov/Archives/edgar/data/1539838/000153983817000127/q32017diamondback10-q.htm"
  },
  {
    "date": "2017-06-30",
    "symbol": "FANG",
    "reportedCurrency": "USD",
    "cik": "0001539838",
    "fillingDate": "2017-08-02",
    "acceptedDate": "2017-08-02 14:45:03",
    "calendarYear": "2017",
    "period": "Q2",
    "revenue": 269434000,
    "costOfRevenue": 124884000,
    "grossProfit": 144550000,
    "grossProfitRatio": 0.5364950229,
    "researchAndDevelopmentExpenses": 0,
    "generalAndAdministrativeExpenses": 11892000,
    "sellingAndMarketingExpenses": 0,
    "sellingGeneralAndAdministrativeExpenses": 11892000,
    "otherExpenses": 350000,
    "operatingExpenses": 12242000,
    "costAndExpenses": 137126000,
    "interestIncome": 0,
    "interestExpense": 8245000,
    "depreciationAndAmortization": 75173000,
    "ebitda": 249125000,
    "ebitdaratio": 0.9246234699,
    "operatingIncome": 132308000,
    "operatingIncomeRatio": 0.4910590349,
    "totalOtherIncomeExpensesNet": 33399000,
    "incomeBeforeTax": 165707000,
    "incomeBeforeTaxRatio": 0.6150188915,
    "incomeTaxExpense": 1579000,
    "netIncome": 158405000,
    "netIncomeRatio": 0.5879176347,
    "eps": 1.61,
    "epsdiluted": 1.61,
    "weightedAverageShsOut": 98142000,
    "weightedAverageShsOutDil": 98354000,
    "link": "https://www.sec.gov/Archives/edgar/data/1539838/000153983817000105/0001539838-17-000105-index.htm",
    "finalLink": "https://www.sec.gov/Archives/edgar/data/1539838/000153983817000105/q22017diamondback10-q.htm"
  },
  {
    "date": "2017-03-31",
    "symbol": "FANG",
    "reportedCurrency": "USD",
    "cik": "0001539838",
    "fillingDate": "2017-05-04",
    "acceptedDate": "2017-05-03 17:53:52",
    "calendarYear": "2017",
    "period": "Q1",
    "revenue": 235230000,
    "costOfRevenue": 104753000,
    "grossProfit": 130477000,
    "grossProfitRatio": 0.5546783999,
    "researchAndDevelopmentExpenses": 0,
    "generalAndAdministrativeExpenses": 13744000,
    "sellingAndMarketingExpenses": 0,
    "sellingGeneralAndAdministrativeExpenses": 13744000,
    "otherExpenses": 323000,
    "operatingExpenses": 14067000,
    "costAndExpenses": 118820000,
    "interestIncome": 0,
    "interestExpense": 12225000,
    "depreciationAndAmortization": 58929000,
    "ebitda": 214185000,
    "ebitdaratio": 0.9105343706,
    "operatingIncome": 116410000,
    "operatingIncomeRatio": 0.4948773541,
    "totalOtherIncomeExpensesNet": 26621000,
    "incomeBeforeTax": 143031000,
    "incomeBeforeTaxRatio": 0.6080474429,
    "incomeTaxExpense": 1957000,
    "netIncome": 136273000,
    "netIncomeRatio": 0.5793181142,
    "eps": 1.46,
    "epsdiluted": 1.46,
    "weightedAverageShsOut": 93161000,
    "weightedAverageShsOutDil": 93364000,
    "link": "https://www.sec.gov/Archives/edgar/data/1539838/000153983817000076/0001539838-17-000076-index.htm",
    "finalLink": "https://www.sec.gov/Archives/edgar/data/1539838/000153983817000076/q12017diamondback10-q.htm"
  },
  {
    "date": "2016-12-31",
    "symbol": "FANG",
    "reportedCurrency": "USD",
    "cik": "0001539838",
    "fillingDate": "2017-02-15",
    "acceptedDate": "2017-02-15 17:26:25",
    "calendarYear": "2016",
    "period": "Q4",
    "revenue": 185012000,
    "costOfRevenue": 87431000,
    "grossProfit": 97581000,
    "grossProfitRatio": 0.5274306531,
    "researchAndDevelopmentExpenses": 0,
    "generalAndAdministrativeExpenses": 10208000,
    "sellingAndMarketingExpenses": 0,
    "sellingGeneralAndAdministrativeExpenses": 10208000,
    "otherExpenses": 294000,
    "operatingExpenses": 10502000,
    "costAndExpenses": 97933000,
    "interestIncome": 0,
    "interestExpense": 10418000,
    "depreciationAndAmortization": 51329000,
    "ebitda": 90011000,
    "ebitdaratio": 0.4865143883,
    "operatingIncome": 87079000,
    "operatingIncomeRatio": 0.4706667676,
    "totalOtherIncomeExpensesNet": -58815000,
    "incomeBeforeTax": 28264000,
    "incomeBeforeTaxRatio": 0.1527684691,
    "incomeTaxExpense": -176000,
    "netIncome": 25598000,
    "netIncomeRatio": 0.138358593,
    "eps": 0.32,
    "epsdiluted": 0.32,
    "weightedAverageShsOut": 80315000,
    "weightedAverageShsOutDil": 80510000,
    "link": "https://www.sec.gov/Archives/edgar/data/1539838/000153983817000009/0001539838-17-000009-index.htm",
    "finalLink": "https://www.sec.gov/Archives/edgar/data/1539838/000153983817000009/diamondback201610-k.htm"
  },
  {
    "date": "2016-09-30",
    "symbol": "FANG",
    "reportedCurrency": "USD",
    "cik": "0001539838",
    "fillingDate": "2016-11-08",
    "acceptedDate": "2016-11-08 17:30:39",
    "calendarYear": "2016",
    "period": "Q3",
    "revenue": 142131000,
    "costOfRevenue": 78892000,
    "grossProfit": 63239000,
    "grossProfitRatio": 0.4449346026,
    "researchAndDevelopmentExpenses": 0,
    "generalAndAdministrativeExpenses": 9908000,
    "sellingAndMarketingExpenses": 0,
    "sellingGeneralAndAdministrativeExpenses": 9908000,
    "otherExpenses": 46638000,
    "operatingExpenses": 56546000,
    "costAndExpenses": 135438000,
    "interestIncome": 0,
    "interestExpense": 10234000,
    "depreciationAndAmortization": 44746000,
    "ebitda": 54380000,
    "ebitdaratio": 0.3826047801,
    "operatingIncome": 6693000,
    "operatingIncomeRatio": 0.0470903603,
    "totalOtherIncomeExpensesNet": -7293000,
    "incomeBeforeTax": -600000,
    "incomeBeforeTaxRatio": -0.0042214577,
    "incomeTaxExpense": 0,
    "netIncome": -2230000,
    "netIncomeRatio": -0.015689751,
    "eps": -0.03,
    "epsdiluted": -0.0289,
    "weightedAverageShsOut": 77167465,
    "weightedAverageShsOutDil": 77167000,
    "link": "https://www.sec.gov/Archives/edgar/data/1539838/000153983816000253/0001539838-16-000253-index.htm",
    "finalLink": "https://www.sec.gov/Archives/edgar/data/1539838/000153983816000253/q32016diamondback10-q.htm"
  },
  {
    "date": "2016-06-30",
    "symbol": "FANG",
    "reportedCurrency": "USD",
    "cik": "0001539838",
    "fillingDate": "2016-08-09",
    "acceptedDate": "2016-08-09 09:44:57",
    "calendarYear": "2016",
    "period": "Q2",
    "revenue": 112483000,
    "costOfRevenue": 69139000,
    "grossProfit": 43344000,
    "grossProfitRatio": 0.3853382289,
    "researchAndDevelopmentExpenses": 0,
    "generalAndAdministrativeExpenses": 9524000,
    "sellingAndMarketingExpenses": 0,
    "sellingGeneralAndAdministrativeExpenses": 9524000,
    "otherExpenses": 168606000,
    "operatingExpenses": 178130000,
    "costAndExpenses": 247269000,
    "interestIncome": 0,
    "interestExpense": 10019000,
    "depreciationAndAmortization": 39871000,
    "ebitda": -106863000,
    "ebitdaratio": -0.9500368945,
    "operatingIncome": -134786000,
    "operatingIncomeRatio": -1.198278851,
    "totalOtherIncomeExpensesNet": -21967000,
    "incomeBeforeTax": -156753000,
    "incomeBeforeTaxRatio": -1.393570584,
    "incomeTaxExpense": 368000,
    "netIncome": -155490000,
    "netIncomeRatio": -1.3823422206,
    "eps": -2.17,
    "epsdiluted": -2.17,
    "weightedAverageShsOut": 71654377,
    "weightedAverageShsOutDil": 71719000,
    "link": "https://www.sec.gov/Archives/edgar/data/1539838/000153983816000209/0001539838-16-000209-index.htm",
    "finalLink": "https://www.sec.gov/Archives/edgar/data/1539838/000153983816000209/q22016diamondback10-q.htm"
  },
  {
    "date": "2016-03-31",
    "symbol": "FANG",
    "reportedCurrency": "USD",
    "cik": "0001539838",
    "fillingDate": "2016-05-05",
    "acceptedDate": "2016-05-05 14:58:07",
    "calendarYear": "2016",
    "period": "Q1",
    "revenue": 87481000,
    "costOfRevenue": 71043000,
    "grossProfit": 16438000,
    "grossProfitRatio": 0.1879036591,
    "researchAndDevelopmentExpenses": 0,
    "generalAndAdministrativeExpenses": 12979000,
    "sellingAndMarketingExpenses": 0,
    "sellingGeneralAndAdministrativeExpenses": 12979000,
    "otherExpenses": 31062000,
    "operatingExpenses": 44041000,
    "costAndExpenses": 115084000,
    "interestIncome": 0,
    "interestExpense": 10013000,
    "depreciationAndAmortization": 42069000,
    "ebitda": 16455000,
    "ebitdaratio": 0.188097987,
    "operatingIncome": -27603000,
    "operatingIncomeRatio": -0.3155313725,
    "totalOtherIncomeExpensesNet": -8024000,
    "incomeBeforeTax": -35627000,
    "incomeBeforeTaxRatio": -0.4072541466,
    "incomeTaxExpense": 0,
    "netIncome": -32912000,
    "netIncomeRatio": -0.3762188361,
    "eps": -0.46,
    "epsdiluted": -0.46,
    "weightedAverageShsOut": 71026000,
    "weightedAverageShsOutDil": 71026000,
    "link": "https://www.sec.gov/Archives/edgar/data/1539838/000153983816000171/0001539838-16-000171-index.htm",
    "finalLink": "https://www.sec.gov/Archives/edgar/data/1539838/000153983816000171/q12016diamondback10-q.htm"
  },
  {
    "date": "2015-12-31",
    "symbol": "FANG",
    "reportedCurrency": "USD",
    "cik": "0001539838",
    "fillingDate": "2016-02-19",
    "acceptedDate": "2016-02-19 16:41:46",
    "calendarYear": "2015",
    "period": "Q4",
    "revenue": 114323000,
    "costOfRevenue": 75759000,
    "grossProfit": 38564000,
    "grossProfitRatio": 0.3373249477,
    "researchAndDevelopmentExpenses": 0,
    "generalAndAdministrativeExpenses": 8522000,
    "sellingAndMarketingExpenses": 0,
    "sellingGeneralAndAdministrativeExpenses": 8522000,
    "otherExpenses": 217855000,
    "operatingExpenses": 226377000,
    "costAndExpenses": 302136000,
    "interestIncome": 0,
    "interestExpense": 10106000,
    "depreciationAndAmortization": 48549000,
    "ebitda": -135956000,
    "ebitdaratio": -1.1892270147,
    "operatingIncome": -187813000,
    "operatingIncomeRatio": -1.6428277774,
    "totalOtherIncomeExpensesNet": -5509000,
    "incomeBeforeTax": -193322000,
    "incomeBeforeTaxRatio": -1.6910158061,
    "incomeTaxExpense": -6487000,
    "netIncome": -187409000,
    "netIncomeRatio": -1.6392939304,
    "eps": -2.81,
    "epsdiluted": -2.8,
    "weightedAverageShsOut": 66699718,
    "weightedAverageShsOutDil": 66850000,
    "link": "https://www.sec.gov/Archives/edgar/data/1539838/000153983816000129/0001539838-16-000129-index.htm",
    "finalLink": "https://www.sec.gov/Archives/edgar/data/1539838/000153983816000129/diamondback201510-k.htm"
  },
  {
    "date": "2015-09-30",
    "symbol": "FANG",
    "reportedCurrency": "USD",
    "cik": "0001539838",
    "fillingDate": "2015-11-06",
    "acceptedDate": "2015-11-05 17:38:53",
    "calendarYear": "2015",
    "period": "Q3",
    "revenue": 111946000,
    "costOfRevenue": 85218000,
    "grossProfit": 26728000,
    "grossProfitRatio": 0.2387579726,
    "researchAndDevelopmentExpenses": 0,
    "generalAndAdministrativeExpenses": 7526000,
    "sellingAndMarketingExpenses": 0,
    "sellingGeneralAndAdministrativeExpenses": 7526000,
    "otherExpenses": 273975000,
    "operatingExpenses": 281501000,
    "costAndExpenses": 366719000,
    "interestIncome": 0,
    "interestExpense": 10633000,
    "depreciationAndAmortization": 52375000,
    "ebitda": -174495000,
    "ebitdaratio": -1.558742608,
    "operatingIncome": -254773000,
    "operatingIncomeRatio": -2.2758562164,
    "totalOtherIncomeExpensesNet": 17270000,
    "incomeBeforeTax": -237503000,
    "incomeBeforeTaxRatio": -2.1215854072,
    "incomeTaxExpense": -81461000,
    "netIncome": -156781000,
    "netIncomeRatio": -1.4005056009,
    "eps": -2.4,
    "epsdiluted": -2.4,
    "weightedAverageShsOut": 65251000,
    "weightedAverageShsOutDil": 65251000,
    "link": "https://www.sec.gov/Archives/edgar/data/1539838/000153983815000071/0001539838-15-000071-index.htm",
    "finalLink": "https://www.sec.gov/Archives/edgar/data/1539838/000153983815000071/q32015diamondback10-q.htm"
  },
  {
    "date": "2015-06-30",
    "symbol": "FANG",
    "reportedCurrency": "USD",
    "cik": "0001539838",
    "fillingDate": "2015-08-10",
    "acceptedDate": "2015-08-10 11:34:18",
    "calendarYear": "2015",
    "period": "Q2",
    "revenue": 119063000,
    "costOfRevenue": 86868000,
    "grossProfit": 32195000,
    "grossProfitRatio": 0.2704030639,
    "researchAndDevelopmentExpenses": 0,
    "generalAndAdministrativeExpenses": 7684000,
    "sellingAndMarketingExpenses": 0,
    "sellingGeneralAndAdministrativeExpenses": 7684000,
    "otherExpenses": 323631000,
    "operatingExpenses": 331315000,
    "costAndExpenses": 418183000,
    "interestIncome": 0,
    "interestExpense": 10274000,
    "depreciationAndAmortization": 57096000,
    "ebitda": -260714000,
    "ebitdaratio": -2.1897146889,
    "operatingIncome": -299120000,
    "operatingIncomeRatio": -2.512283413,
    "totalOtherIncomeExpensesNet": -28964000,
    "incomeBeforeTax": -328084000,
    "incomeBeforeTaxRatio": -2.755549583,
    "incomeTaxExpense": -116732000,
    "netIncome": -212287000,
    "netIncomeRatio": -1.7829804389,
    "eps": -3.45,
    "epsdiluted": -3.45,
    "weightedAverageShsOut": 61469000,
    "weightedAverageShsOutDil": 61469000,
    "link": "https://www.sec.gov/Archives/edgar/data/1539838/000153983815000037/0001539838-15-000037-index.htm",
    "finalLink": "https://www.sec.gov/Archives/edgar/data/1539838/000153983815000037/a6301510-q.htm"
  },
  {
    "date": "2015-03-31",
    "symbol": "FANG",
    "reportedCurrency": "USD",
    "cik": "0001539838",
    "fillingDate": "2015-05-07",
    "acceptedDate": "2015-05-06 20:18:05",
    "calendarYear": "2015",
    "period": "Q1",
    "revenue": 101401000,
    "costOfRevenue": 91558000,
    "grossProfit": 9843000,
    "grossProfitRatio": 0.0970700486,
    "researchAndDevelopmentExpenses": 0,
    "generalAndAdministrativeExpenses": 8236000,
    "sellingAndMarketingExpenses": 0,
    "sellingGeneralAndAdministrativeExpenses": 8236000,
    "otherExpenses": 170000,
    "operatingExpenses": 8406000,
    "costAndExpenses": 99964000,
    "interestIncome": 0,
    "interestExpense": 10497000,
    "depreciationAndAmortization": 59677000,
    "ebitda": 79983000,
    "ebitdaratio": 0.7887792034,
    "operatingIncome": 1437000,
    "operatingIncomeRatio": 0.0141714579,
    "totalOtherIncomeExpensesNet": 8372000,
    "incomeBeforeTax": 9809000,
    "incomeBeforeTaxRatio": 0.0967347462,
    "incomeTaxExpense": 3370000,
    "netIncome": 5849000,
    "netIncomeRatio": 0.0576818769,
    "eps": 0.1,
    "epsdiluted": 0.1,
    "weightedAverageShsOut": 58386000,
    "weightedAverageShsOutDil": 58626000,
    "link": "https://www.sec.gov/Archives/edgar/data/1539838/000153983815000015/0001539838-15-000015-index.htm",
    "finalLink": "https://www.sec.gov/Archives/edgar/data/1539838/000153983815000015/a3311510-q.htm"
  },
  {
    "date": "2014-12-31",
    "symbol": "FANG",
    "reportedCurrency": "USD",
    "cik": "0001539838",
    "fillingDate": "2015-02-20",
    "acceptedDate": "2015-02-19 19:09:53",
    "calendarYear": "2014",
    "period": "Q4",
    "revenue": 131583000,
    "costOfRevenue": 87240000,
    "grossProfit": 44343000,
    "grossProfitRatio": 0.3369964205,
    "researchAndDevelopmentExpenses": 0,
    "generalAndAdministrativeExpenses": 6280000,
    "sellingAndMarketingExpenses": 0,
    "sellingGeneralAndAdministrativeExpenses": 6280000,
    "otherExpenses": 164000,
    "operatingExpenses": 6444000,
    "costAndExpenses": 93684000,
    "interestIncome": 0,
    "interestExpense": 10424000,
    "depreciationAndAmortization": 53641000,
    "ebitda": 217105000,
    "ebitdaratio": 1.6499471816,
    "operatingIncome": 37899000,
    "operatingIncomeRatio": 0.2880235289,
    "totalOtherIncomeExpensesNet": 118261000,
    "incomeBeforeTax": 156160000,
    "incomeBeforeTaxRatio": 1.1867794472,
    "incomeTaxExpense": 56243000,
    "netIncome": 98674000,
    "netIncomeRatio": 0.7498993031,
    "eps": 1.74,
    "epsdiluted": 1.73,
    "weightedAverageShsOut": 56787000,
    "weightedAverageShsOutDil": 57045000,
    "link": "https://www.sec.gov/Archives/edgar/data/1539838/000153983815000005/0001539838-15-000005-index.htm",
    "finalLink": "https://www.sec.gov/Archives/edgar/data/1539838/000153983815000005/a12311410-k.htm"
  },
  {
    "date": "2014-09-30",
    "symbol": "FANG",
    "reportedCurrency": "USD",
    "cik": "0001539838",
    "fillingDate": "2014-11-06",
    "acceptedDate": "2014-11-06 17:02:41",
    "calendarYear": "2014",
    "period": "Q3",
    "revenue": 139127000,
    "costOfRevenue": 68989000,
    "grossProfit": 70138000,
    "grossProfitRatio": 0.5041293207,
    "researchAndDevelopmentExpenses": 0,
    "generalAndAdministrativeExpenses": 6495000,
    "sellingAndMarketingExpenses": 0,
    "sellingGeneralAndAdministrativeExpenses": 6495000,
    "otherExpenses": 127000,
    "operatingExpenses": 6622000,
    "costAndExpenses": 75611000,
    "interestIncome": 0,
    "interestExpense": 9846000,
    "depreciationAndAmortization": 45370000,
    "ebitda": 123835000,
    "ebitdaratio": 0.8900860365,
    "operatingIncome": 63516000,
    "operatingIncomeRatio": 0.4565325206,
    "totalOtherIncomeExpensesNet": 5103000,
    "incomeBeforeTax": 68619000,
    "incomeBeforeTaxRatio": 0.4932112387,
    "incomeTaxExpense": 23978000,
    "netIncome": 43739000,
    "netIncomeRatio": 0.3143818238,
    "eps": 0.79,
    "epsdiluted": 0.79,
    "weightedAverageShsOut": 55152000,
    "weightedAverageShsOutDil": 55442000,
    "link": "https://www.sec.gov/Archives/edgar/data/1539838/000153983814000115/0001539838-14-000115-index.htm",
    "finalLink": "https://www.sec.gov/Archives/edgar/data/1539838/000153983814000115/a9301410-q.htm"
  },
  {
    "date": "2014-06-30",
    "symbol": "FANG",
    "reportedCurrency": "USD",
    "cik": "0001539838",
    "fillingDate": "2014-08-07",
    "acceptedDate": "2014-08-06 21:35:06",
    "calendarYear": "2014",
    "period": "Q2",
    "revenue": 127004000,
    "costOfRevenue": 59774000,
    "grossProfit": 67230000,
    "grossProfitRatio": 0.5293534062,
    "researchAndDevelopmentExpenses": 0,
    "generalAndAdministrativeExpenses": 3934000,
    "sellingAndMarketingExpenses": 0,
    "sellingGeneralAndAdministrativeExpenses": 3934000,
    "otherExpenses": 104000,
    "operatingExpenses": 4038000,
    "costAndExpenses": 63812000,
    "interestIncome": 0,
    "interestExpense": 7739000,
    "depreciationAndAmortization": 40021000,
    "ebitda": 90747000,
    "ebitdaratio": 0.7145208025,
    "operatingIncome": 63192000,
    "operatingIncomeRatio": 0.497559132,
    "totalOtherIncomeExpensesNet": -20205000,
    "incomeBeforeTax": 42987000,
    "incomeBeforeTaxRatio": 0.3384696545,
    "incomeTaxExpense": 15163000,
    "netIncome": 27753000,
    "netIncomeRatio": 0.2185206765,
    "eps": 0.55,
    "epsdiluted": 0.54,
    "weightedAverageShsOut": 50777000,
    "weightedAverageShsOutDil": 51142000,
    "link": "https://www.sec.gov/Archives/edgar/data/1539838/000153983814000081/0001539838-14-000081-index.htm",
    "finalLink": "https://www.sec.gov/Archives/edgar/data/1539838/000153983814000081/a6301410-q.htm"
  },
  {
    "date": "2014-03-31",
    "symbol": "FANG",
    "reportedCurrency": "USD",
    "cik": "0001539838",
    "fillingDate": "2014-05-09",
    "acceptedDate": "2014-05-09 16:31:43",
    "calendarYear": "2014",
    "period": "Q1",
    "revenue": 98004000,
    "costOfRevenue": 45312000,
    "grossProfit": 52692000,
    "grossProfitRatio": 0.5376515244,
    "researchAndDevelopmentExpenses": 0,
    "generalAndAdministrativeExpenses": 4557000,
    "sellingAndMarketingExpenses": 0,
    "sellingGeneralAndAdministrativeExpenses": 4557000,
    "otherExpenses": 72000,
    "operatingExpenses": 4629000,
    "costAndExpenses": 49941000,
    "interestIncome": 0,
    "interestExpense": 6505000,
    "depreciationAndAmortization": 30973000,
    "ebitda": 74668000,
    "ebitdaratio": 0.7618872699,
    "operatingIncome": 48063000,
    "operatingIncomeRatio": 0.4904187584,
    "totalOtherIncomeExpensesNet": -10873000,
    "incomeBeforeTax": 37190000,
    "incomeBeforeTaxRatio": 0.3794743072,
    "incomeTaxExpense": 13601000,
    "netIncome": 23589000,
    "netIncomeRatio": 0.2406942574,
    "eps": 0.49,
    "epsdiluted": 0.48,
    "weightedAverageShsOut": 48446609,
    "weightedAverageShsOutDil": 48866719,
    "link": "https://www.sec.gov/Archives/edgar/data/1539838/000153983814000058/0001539838-14-000058-index.htm",
    "finalLink": "https://www.sec.gov/Archives/edgar/data/1539838/000153983814000058/q12014diamondback10-qa.htm"
  },
  {
    "date": "2013-12-31",
    "symbol": "FANG",
    "reportedCurrency": "USD",
    "cik": "0001539838",
    "fillingDate": "2014-02-19",
    "acceptedDate": "2014-02-19 17:29:30",
    "calendarYear": "2013",
    "period": "Q4",
    "revenue": 75908000,
    "costOfRevenue": 34292000,
    "grossProfit": 41616000,
    "grossProfitRatio": 0.5482426095,
    "researchAndDevelopmentExpenses": 0,
    "generalAndAdministrativeExpenses": 3823000,
    "sellingAndMarketingExpenses": 0,
    "sellingGeneralAndAdministrativeExpenses": 3823000,
    "otherExpenses": 67000,
    "operatingExpenses": 3890000,
    "costAndExpenses": 38182000,
    "interestIncome": -1000,
    "interestExpense": 4932000,
    "depreciationAndAmortization": 23621000,
    "ebitda": 60368000,
    "ebitdaratio": 0.795278495,
    "operatingIncome": 37726000,
    "operatingIncomeRatio": 0.496996364,
    "totalOtherIncomeExpensesNet": -5911000,
    "incomeBeforeTax": 31815000,
    "incomeBeforeTaxRatio": 0.4191257838,
    "incomeTaxExpense": 11691000,
    "netIncome": 20124000,
    "netIncomeRatio": 0.2651103968,
    "eps": 0.43,
    "epsdiluted": 0.42,
    "weightedAverageShsOut": 47076306,
    "weightedAverageShsOutDil": 47411602,
    "link": "https://www.sec.gov/Archives/edgar/data/1539838/000153983814000007/0001539838-14-000007-index.htm",
    "finalLink": "https://www.sec.gov/Archives/edgar/data/1539838/000153983814000007/a12311310-k.htm"
  },
  {
    "date": "2013-09-30",
    "symbol": "FANG",
    "reportedCurrency": "USD",
    "cik": "0001539838",
    "fillingDate": "2013-11-05",
    "acceptedDate": "2013-11-05 16:37:46",
    "calendarYear": "2013",
    "period": "Q3",
    "revenue": 57791000,
    "costOfRevenue": 26201000,
    "grossProfit": 31590000,
    "grossProfitRatio": 0.546624907,
    "researchAndDevelopmentExpenses": 0,
    "generalAndAdministrativeExpenses": 2121000,
    "sellingAndMarketingExpenses": 0,
    "sellingGeneralAndAdministrativeExpenses": 2121000,
    "otherExpenses": 46000,
    "operatingExpenses": 2167000,
    "costAndExpenses": 28368000,
    "interestIncome": 1000,
    "interestExpense": 1089000,
    "depreciationAndAmortization": 17423000,
    "ebitda": 42207000,
    "ebitdaratio": 0.730338634,
    "operatingIncome": 29423000,
    "operatingIncomeRatio": 0.5091277188,
    "totalOtherIncomeExpensesNet": -5728000,
    "incomeBeforeTax": 23695000,
    "incomeBeforeTaxRatio": 0.4100119396,
    "incomeTaxExpense": 9099000,
    "netIncome": 14596000,
    "netIncomeRatio": 0.2525652783,
    "eps": 0.33,
    "epsdiluted": 0.33,
    "weightedAverageShsOut": 44385000,
    "weightedAverageShsOutDil": 44698000,
    "link": "https://www.sec.gov/Archives/edgar/data/1539838/000153983813000093/0001539838-13-000093-index.htm",
    "finalLink": "https://www.sec.gov/Archives/edgar/data/1539838/000153983813000093/a9301310-q.htm"
  },
  {
    "date": "2013-06-30",
    "symbol": "FANG",
    "reportedCurrency": "USD",
    "cik": "0001539838",
    "fillingDate": "2013-08-08",
    "acceptedDate": "2013-08-07 19:53:22",
    "calendarYear": "2013",
    "period": "Q2",
    "revenue": 45394000,
    "costOfRevenue": 23345000,
    "grossProfit": 22049000,
    "grossProfitRatio": 0.4857249857,
    "researchAndDevelopmentExpenses": 0,
    "generalAndAdministrativeExpenses": 2621000,
    "sellingAndMarketingExpenses": 0,
    "sellingGeneralAndAdministrativeExpenses": 2621000,
    "otherExpenses": 45000,
    "operatingExpenses": 2666000,
    "costAndExpenses": 26011000,
    "interestIncome": 0,
    "interestExpense": 535000,
    "depreciationAndAmortization": 14815000,
    "ebitda": 37623000,
    "ebitdaratio": 0.8288099749,
    "operatingIncome": 19383000,
    "operatingIncomeRatio": 0.426994757,
    "totalOtherIncomeExpensesNet": 2890000,
    "incomeBeforeTax": 22273000,
    "incomeBeforeTaxRatio": 0.4906595585,
    "incomeTaxExpense": 7802000,
    "netIncome": 14471000,
    "netIncomeRatio": 0.3187866238,
    "eps": 0.37,
    "epsdiluted": 0.36,
    "weightedAverageShsOut": 39402282,
    "weightedAverageShsOutDil": 39718574,
    "link": "https://www.sec.gov/Archives/edgar/data/1539838/000153983813000053/0001539838-13-000053-index.htm",
    "finalLink": "https://www.sec.gov/Archives/edgar/data/1539838/000153983813000053/a6301310-q.htm"
  },
  {
    "date": "2013-03-31",
    "symbol": "FANG",
    "reportedCurrency": "USD",
    "cik": "0001539838",
    "fillingDate": "2013-05-09",
    "acceptedDate": "2013-05-09 17:10:23",
    "calendarYear": "2013",
    "period": "Q1",
    "revenue": 28909000,
    "costOfRevenue": 17733000,
    "grossProfit": 11176000,
    "grossProfitRatio": 0.3865924107,
    "researchAndDevelopmentExpenses": 0,
    "generalAndAdministrativeExpenses": 2471000,
    "sellingAndMarketingExpenses": 0,
    "sellingGeneralAndAdministrativeExpenses": 2471000,
    "otherExpenses": 43000,
    "operatingExpenses": 2514000,
    "costAndExpenses": 20247000,
    "interestIncome": 0,
    "interestExpense": 485000,
    "depreciationAndAmortization": 10738000,
    "ebitda": 19781000,
    "ebitdaratio": 0.6842505794,
    "operatingIncome": 8662000,
    "operatingIncomeRatio": 0.299629873,
    "totalOtherIncomeExpensesNet": -104000,
    "incomeBeforeTax": 8558000,
    "incomeBeforeTaxRatio": 0.2960323775,
    "incomeTaxExpense": 3162000,
    "netIncome": 5396000,
    "netIncomeRatio": 0.186654675,
    "eps": 0.15,
    "epsdiluted": 0.15,
    "weightedAverageShsOut": 37059071,
    "weightedAverageShsOutDil": 37205690,
    "link": "https://www.sec.gov/Archives/edgar/data/1539838/000153983813000029/0001539838-13-000029-index.htm",
    "finalLink": "https://www.sec.gov/Archives/edgar/data/1539838/000153983813000029/a3311310-q.htm"
  },
  {
    "date": "2012-12-31",
    "symbol": "FANG",
    "reportedCurrency": "USD",
    "cik": "0001539838",
    "fillingDate": "2013-03-01",
    "acceptedDate": "2013-03-01 16:52:42",
    "calendarYear": "2012",
    "period": "Q4",
    "revenue": 26606000,
    "costOfRevenue": 44552000,
    "grossProfit": -17946000,
    "grossProfitRatio": -0.6745095091,
    "researchAndDevelopmentExpenses": 0,
    "generalAndAdministrativeExpenses": 6332000,
    "sellingAndMarketingExpenses": -424000,
    "sellingGeneralAndAdministrativeExpenses": 5908000,
    "otherExpenses": -26283000,
    "operatingExpenses": -20375000,
    "costAndExpenses": 24177000,
    "interestIncome": 0,
    "interestExpense": 426000,
    "depreciationAndAmortization": 9971000,
    "ebitda": 13403000,
    "ebitdaratio": 0.5037585507,
    "operatingIncome": 2429000,
    "operatingIncomeRatio": 0.0912951966,
    "totalOtherIncomeExpensesNet": 577000,
    "incomeBeforeTax": 3006000,
    "incomeBeforeTaxRatio": 0.1129820341,
    "incomeTaxExpense": 54903000000,
    "netIncome": -3547000,
    "netIncomeRatio": -0.1333157934,
    "eps": -0.0959,
    "epsdiluted": -0.0957,
    "weightedAverageShsOut": 36986532,
    "weightedAverageShsOutDil": 0,
    "link": "https://www.sec.gov/Archives/edgar/data/1539838/000153983813000013/0001539838-13-000013-index.htm",
    "finalLink": "https://www.sec.gov/Archives/edgar/data/1539838/000153983813000013/a12311210-ka.htm"
  },
  {
    "date": "2012-09-30",
    "symbol": "FANG",
    "reportedCurrency": "USD",
    "cik": "0001539838",
    "fillingDate": "2012-11-16",
    "acceptedDate": "2012-11-15 20:17:19",
    "calendarYear": "2012",
    "period": "Q3",
    "revenue": 16814000,
    "costOfRevenue": 11056000,
    "grossProfit": 5758000,
    "grossProfitRatio": 0.342452718,
    "researchAndDevelopmentExpenses": 0,
    "generalAndAdministrativeExpenses": 1314000000,
    "sellingAndMarketingExpenses": -1312346000,
    "sellingGeneralAndAdministrativeExpenses": 1654000,
    "otherExpenses": 22000,
    "operatingExpenses": 1672000,
    "costAndExpenses": 12728000,
    "interestIncome": 1000,
    "interestExpense": 1130000,
    "depreciationAndAmortization": 6136000,
    "ebitda": 7718000,
    "ebitdaratio": 0.4590222434,
    "operatingIncome": 4086000,
    "operatingIncomeRatio": 0.2430117759,
    "totalOtherIncomeExpensesNet": -3634000,
    "incomeBeforeTax": 436000,
    "incomeBeforeTaxRatio": 0.025930772,
    "incomeTaxExpense": 1130000,
    "netIncome": 452000,
    "netIncomeRatio": 0.0268823599,
    "eps": 0.0129,
    "epsdiluted": 0.0129,
    "weightedAverageShsOut": 35111532,
    "weightedAverageShsOutDil": 35111532,
    "link": "https://www.sec.gov/Archives/edgar/data/1539838/000153983812000006/0001539838-12-000006-index.htm",
    "finalLink": "https://www.sec.gov/Archives/edgar/data/1539838/000153983812000006/a10-qadiamonbackenergyinc.htm"
  },
  {
    "date": "2012-06-30",
    "symbol": "FANG",
    "reportedCurrency": "USD",
    "cik": "0001539838",
    "fillingDate": "2012-06-30",
    "acceptedDate": "2012-06-29 20:00:00",
    "calendarYear": "2012",
    "period": "Q2",
    "revenue": 16030000,
    "costOfRevenue": 10049000,
    "grossProfit": 5981000,
    "grossProfitRatio": 0.3731129133,
    "researchAndDevelopmentExpenses": 0,
    "generalAndAdministrativeExpenses": 1653000,
    "sellingAndMarketingExpenses": 0,
    "sellingGeneralAndAdministrativeExpenses": 1653000,
    "otherExpenses": 21000,
    "operatingExpenses": 1674000,
    "costAndExpenses": 11723000,
    "interestIncome": 1000,
    "interestExpense": 1173000,
    "depreciationAndAmortization": 5659000,
    "ebitda": 20456000,
    "ebitdaratio": 1.2761072988,
    "operatingIncome": 4307000,
    "operatingIncomeRatio": 0.268683718,
    "totalOtherIncomeExpensesNet": 9317000,
    "incomeBeforeTax": 13624000,
    "incomeBeforeTaxRatio": 0.8499064255,
    "incomeTaxExpense": 0,
    "netIncome": 13624000,
    "netIncomeRatio": 0.8499064255,
    "eps": 0.6,
    "epsdiluted": 0.6,
    "weightedAverageShsOut": 22611532,
    "weightedAverageShsOutDil": 22611532,
    "link": "",
    "finalLink": ""
  },
  {
    "date": "2012-03-31",
    "symbol": "FANG",
    "reportedCurrency": "USD",
    "cik": "0001539838",
    "fillingDate": "2012-03-31",
    "acceptedDate": "2012-03-30 20:00:00",
    "calendarYear": "2012",
    "period": "Q1",
    "revenue": 16351000,
    "costOfRevenue": 8410000,
    "grossProfit": 7941000,
    "grossProfitRatio": 0.4856583695,
    "researchAndDevelopmentExpenses": 0,
    "generalAndAdministrativeExpenses": 1184000,
    "sellingAndMarketingExpenses": 7402,
    "sellingGeneralAndAdministrativeExpenses": 1191402,
    "otherExpenses": 20000,
    "operatingExpenses": 1204000,
    "costAndExpenses": 9614000,
    "interestIncome": 1000,
    "interestExpense": 881000,
    "depreciationAndAmortization": 4757000,
    "ebitda": 7115000,
    "ebitdaratio": 0.4351415816,
    "operatingIncome": 6737000,
    "operatingIncomeRatio": 0.4120237294,
    "totalOtherIncomeExpensesNet": -5260000,
    "incomeBeforeTax": 1359131,
    "incomeBeforeTaxRatio": 0.0831221944,
    "incomeTaxExpense": 868851,
    "netIncome": 1477000,
    "netIncomeRatio": 0.0903308666,
    "eps": 0.0653,
    "epsdiluted": 0.0653,
    "weightedAverageShsOut": 22611532,
    "weightedAverageShsOutDil": 22611532,
    "link": "",
    "finalLink": ""
  },
  {
    "date": "2011-12-31",
    "symbol": "FANG",
    "reportedCurrency": "USD",
    "cik": "0001539838",
    "fillingDate": "2011-12-31",
    "acceptedDate": "2011-12-30 19:00:00",
    "calendarYear": "2011",
    "period": "Q4",
    "revenue": 14171262,
    "costOfRevenue": 768254,
    "grossProfit": 13403008,
    "grossProfitRatio": 0.945787891,
    "researchAndDevelopmentExpenses": 0,
    "generalAndAdministrativeExpenses": 0,
    "sellingAndMarketingExpenses": 0,
    "sellingGeneralAndAdministrativeExpenses": 1427052,
    "otherExpenses": 7241095,
    "operatingExpenses": 8668147,
    "costAndExpenses": 9436401,
    "interestIncome": 2028,
    "interestExpense": 713126,
    "depreciationAndAmortization": 4281341,
    "ebitda": 9016202,
    "ebitdaratio": 0.6362314097,
    "operatingIncome": 4734861,
    "operatingIncomeRatio": 0.3341171026,
    "totalOtherIncomeExpensesNet": -4734861,
    "incomeBeforeTax": -8246146,
    "incomeBeforeTaxRatio": -0.581892142,
    "incomeTaxExpense": 13685088,
    "netIncome": -8957244,
    "netIncomeRatio": -0.6320710181,
    "eps": -0.4,
    "epsdiluted": -0.4,
    "weightedAverageShsOut": 22611532,
    "weightedAverageShsOutDil": 0,
    "link": "",
    "finalLink": ""
  },
  {
    "date": "2011-09-30",
    "symbol": "FANG",
    "reportedCurrency": "USD",
    "cik": "0001539838",
    "fillingDate": "2011-09-30",
    "acceptedDate": "2011-09-29 20:00:00",
    "calendarYear": "2011",
    "period": "Q3",
    "revenue": 10971000,
    "costOfRevenue": 588000,
    "grossProfit": 10383000,
    "grossProfitRatio": 0.9464041564,
    "researchAndDevelopmentExpenses": 0,
    "generalAndAdministrativeExpenses": 0,
    "sellingAndMarketingExpenses": 0,
    "sellingGeneralAndAdministrativeExpenses": 755000,
    "otherExpenses": 6816000,
    "operatingExpenses": 7571000,
    "costAndExpenses": 8159000,
    "interestIncome": 2000,
    "interestExpense": 718000,
    "depreciationAndAmortization": 3680145,
    "ebitda": 6487145,
    "ebitdaratio": 0.5912993346,
    "operatingIncome": 2812000,
    "operatingIncomeRatio": 0.2563120955,
    "totalOtherIncomeExpensesNet": -723000,
    "incomeBeforeTax": 2089000,
    "incomeBeforeTaxRatio": 0.1904110838,
    "incomeTaxExpense": 0,
    "netIncome": 2089000,
    "netIncomeRatio": 0.1904110838,
    "eps": 0.0924,
    "epsdiluted": 0.0924,
    "weightedAverageShsOut": 22611532,
    "weightedAverageShsOutDil": 22611532,
    "link": "",
    "finalLink": ""
  },
  {
    "date": "2011-06-30",
    "symbol": "FANG",
    "reportedCurrency": "USD",
    "cik": "0001539838",
    "fillingDate": "2011-06-30",
    "acceptedDate": "2011-06-29 20:00:00",
    "calendarYear": "2011",
    "period": "Q2",
    "revenue": 11454827,
    "costOfRevenue": 620946,
    "grossProfit": 10833881,
    "grossProfitRatio": 0.945791761,
    "researchAndDevelopmentExpenses": 0,
    "generalAndAdministrativeExpenses": 0,
    "sellingAndMarketingExpenses": 0,
    "sellingGeneralAndAdministrativeExpenses": 820265,
    "otherExpenses": 5926429,
    "operatingExpenses": 6746694,
    "costAndExpenses": 7367640,
    "interestIncome": 2776,
    "interestExpense": 601285,
    "depreciationAndAmortization": 3824672,
    "ebitda": 7898568,
    "ebitdaratio": 0.6895405753,
    "operatingIncome": 4087187,
    "operatingIncomeRatio": 0.3568091426,
    "totalOtherIncomeExpensesNet": -614576,
    "incomeBeforeTax": 3472611,
    "incomeBeforeTaxRatio": 0.303157001,
    "incomeTaxExpense": 0,
    "netIncome": 3472611,
    "netIncomeRatio": 0.303157001,
    "eps": 0.15,
    "epsdiluted": 0.15,
    "weightedAverageShsOut": 22611532,
    "weightedAverageShsOutDil": 0,
    "link": "",
    "finalLink": ""
  },
  {
    "date": "2011-03-31",
    "symbol": "FANG",
    "reportedCurrency": "USD",
    "cik": "0001539838",
    "fillingDate": "2011-03-31",
    "acceptedDate": "2011-03-30 20:00:00",
    "calendarYear": "2011",
    "period": "Q1",
    "revenue": 12074812,
    "costOfRevenue": 2291789,
    "grossProfit": 9783023,
    "grossProfitRatio": 0.8102008545,
    "researchAndDevelopmentExpenses": 0,
    "generalAndAdministrativeExpenses": 0,
    "sellingAndMarketingExpenses": 0,
    "sellingGeneralAndAdministrativeExpenses": 601048,
    "otherExpenses": 5827344,
    "operatingExpenses": 6428392,
    "costAndExpenses": 8720181,
    "interestIncome": 4212,
    "interestExpense": 495768,
    "depreciationAndAmortization": 4119183,
    "ebitda": 7465912,
    "ebitdaratio": 0.6183046163,
    "operatingIncome": 3354631,
    "operatingIncomeRatio": 0.2778205574,
    "totalOtherIncomeExpensesNet": -503670,
    "incomeBeforeTax": 2850961,
    "incomeBeforeTaxRatio": 0.2361081067,
    "incomeTaxExpense": 0,
    "netIncome": 2850961,
    "netIncomeRatio": 0.2361081067,
    "eps": 0.13,
    "epsdiluted": 0.13,
    "weightedAverageShsOut": 22611532,
    "weightedAverageShsOutDil": 22611532,
    "link": "",
    "finalLink": ""
  },
  {
    "date": "2010-12-31",
    "symbol": "FANG",
    "reportedCurrency": "USD",
    "cik": "0001539838",
    "fillingDate": "2010-12-31",
    "acceptedDate": "2010-12-30 19:00:00",
    "calendarYear": "2010",
    "period": "Q4",
    "revenue": 8311575,
    "costOfRevenue": 724237,
    "grossProfit": 7587338,
    "grossProfitRatio": 0.912864048,
    "researchAndDevelopmentExpenses": 0,
    "generalAndAdministrativeExpenses": 0,
    "sellingAndMarketingExpenses": 0,
    "sellingGeneralAndAdministrativeExpenses": 1207691,
    "otherExpenses": 6246673,
    "operatingExpenses": 7454364,
    "costAndExpenses": 8178601,
    "interestIncome": 13180,
    "interestExpense": 486304,
    "depreciationAndAmortization": 4254871,
    "ebitda": 4387845,
    "ebitdaratio": 0.5279197986,
    "operatingIncome": 132974,
    "operatingIncomeRatio": 0.0159986525,
    "totalOtherIncomeExpensesNet": -132974,
    "incomeBeforeTax": 131713,
    "incomeBeforeTaxRatio": 0.0158469364,
    "incomeTaxExpense": 474385,
    "netIncome": -341411,
    "netIncomeRatio": -0.0410765709,
    "eps": -0.0151,
    "epsdiluted": -0.0151,
    "weightedAverageShsOut": 22611532,
    "weightedAverageShsOutDil": 0,
    "link": "",
    "finalLink": ""
  }
]