[
  {
    "date": "2024-12-31",
    "symbol": "FAST",
    "reportedCurrency": "USD",
    "cik": "0000815556",
    "fillingDate": "2025-02-06",
    "acceptedDate": "2025-02-06 12:30:33",
    "calendarYear": "2024",
    "period": "FY",
    "revenue": 7546000000,
    "costOfRevenue": 4144100000,
    "grossProfit": 3401900000,
    "grossProfitRatio": 0.4508216274,
    "researchAndDevelopmentExpenses": 0,
    "generalAndAdministrativeExpenses": 0,
    "sellingAndMarketingExpenses": 0,
    "sellingGeneralAndAdministrativeExpenses": 1891900000,
    "otherExpenses": 0,
    "operatingExpenses": 1891900000,
    "costAndExpenses": 6036000000,
    "interestIncome": 5400000,
    "interestExpense": 7300000,
    "depreciationAndAmortization": 175400000,
    "ebitda": 1690800000,
    "ebitdaratio": 0.2240657302,
    "operatingIncome": 1510000000,
    "operatingIncomeRatio": 0.2001060164,
    "totalOtherIncomeExpensesNet": -1900000,
    "incomeBeforeTax": 1508100000,
    "incomeBeforeTaxRatio": 0.1998542274,
    "incomeTaxExpense": 357500000,
    "netIncome": 1150600000,
    "netIncomeRatio": 0.1524781341,
    "eps": 1,
    "epsdiluted": 1,
    "weightedAverageShsOut": 1145400000,
    "weightedAverageShsOutDil": 1148564000,
    "link": "https://www.sec.gov/Archives/edgar/data/815556/000081555625000065/0000815556-25-000065-index.htm",
    "finalLink": "https://www.sec.gov/Archives/edgar/data/815556/000081555625000065/fast-20241231.htm"
  },
  {
    "date": "2023-12-31",
    "symbol": "FAST",
    "reportedCurrency": "USD",
    "cik": "0000815556",
    "fillingDate": "2024-02-06",
    "acceptedDate": "2024-02-06 12:35:41",
    "calendarYear": "2023",
    "period": "FY",
    "revenue": 7346700000,
    "costOfRevenue": 3992200000,
    "grossProfit": 3354500000,
    "grossProfitRatio": 0.4565995617,
    "researchAndDevelopmentExpenses": 0,
    "generalAndAdministrativeExpenses": 0,
    "sellingAndMarketingExpenses": 0,
    "sellingGeneralAndAdministrativeExpenses": 1825800000,
    "otherExpenses": 0,
    "operatingExpenses": 1825800000,
    "costAndExpenses": 5818000000,
    "interestIncome": 4100000,
    "interestExpense": 10800000,
    "depreciationAndAmortization": 177300000,
    "ebitda": 1706000000,
    "ebitdaratio": 0.2322131025,
    "operatingIncome": 1528700000,
    "operatingIncomeRatio": 0.2080798181,
    "totalOtherIncomeExpensesNet": -6700000,
    "incomeBeforeTax": 1522000000,
    "incomeBeforeTaxRatio": 0.2071678441,
    "incomeTaxExpense": 367000000,
    "netIncome": 1155000000,
    "netIncomeRatio": 0.1572134428,
    "eps": 1.01,
    "epsdiluted": 1.01,
    "weightedAverageShsOut": 1143564000,
    "weightedAverageShsOutDil": 1146018000,
    "link": "https://www.sec.gov/Archives/edgar/data/815556/000081555624000009/0000815556-24-000009-index.htm",
    "finalLink": "https://www.sec.gov/Archives/edgar/data/815556/000081555624000009/fast-20231231.htm"
  },
  {
    "date": "2022-12-31",
    "symbol": "FAST",
    "reportedCurrency": "USD",
    "cik": "0000815556",
    "fillingDate": "2023-02-07",
    "acceptedDate": "2023-02-07 12:15:41",
    "calendarYear": "2022",
    "period": "FY",
    "revenue": 6980600000,
    "costOfRevenue": 3764800000,
    "grossProfit": 3215800000,
    "grossProfitRatio": 0.4606767327,
    "researchAndDevelopmentExpenses": 0,
    "generalAndAdministrativeExpenses": 0,
    "sellingAndMarketingExpenses": 0,
    "sellingGeneralAndAdministrativeExpenses": 1762200000,
    "otherExpenses": 0,
    "operatingExpenses": 1762200000,
    "costAndExpenses": 5527000000,
    "interestIncome": 700000,
    "interestExpense": 14300000,
    "depreciationAndAmortization": 176600000,
    "ebitda": 1630900000,
    "ebitdaratio": 0.233633212,
    "operatingIncome": 1453600000,
    "operatingIncomeRatio": 0.2082342492,
    "totalOtherIncomeExpensesNet": -13600000,
    "incomeBeforeTax": 1440000000,
    "incomeBeforeTaxRatio": 0.2062859926,
    "incomeTaxExpense": 353100000,
    "netIncome": 1086900000,
    "netIncomeRatio": 0.1557029482,
    "eps": 0.95,
    "epsdiluted": 0.94,
    "weightedAverageShsOut": 1150160000,
    "weightedAverageShsOutDil": 1151246000,
    "link": "https://www.sec.gov/Archives/edgar/data/815556/000081555623000009/0000815556-23-000009-index.htm",
    "finalLink": "https://www.sec.gov/Archives/edgar/data/815556/000081555623000009/fast-20221231.htm"
  },
  {
    "date": "2021-12-31",
    "symbol": "FAST",
    "reportedCurrency": "USD",
    "cik": "0000815556",
    "fillingDate": "2022-02-07",
    "acceptedDate": "2022-02-07 13:45:51",
    "calendarYear": "2021",
    "period": "FY",
    "revenue": 6010900000,
    "costOfRevenue": 3233700000,
    "grossProfit": 2777200000,
    "grossProfitRatio": 0.462027317,
    "researchAndDevelopmentExpenses": 0,
    "generalAndAdministrativeExpenses": 0,
    "sellingAndMarketingExpenses": 0,
    "sellingGeneralAndAdministrativeExpenses": 1559800000,
    "otherExpenses": 0,
    "operatingExpenses": 1559800000,
    "costAndExpenses": 4793500000,
    "interestIncome": 100000,
    "interestExpense": 9700000,
    "depreciationAndAmortization": 170700000,
    "ebitda": 1388200000,
    "ebitdaratio": 0.2309471127,
    "operatingIncome": 1217400000,
    "operatingIncomeRatio": 0.2025320667,
    "totalOtherIncomeExpensesNet": -9600000,
    "incomeBeforeTax": 1207800000,
    "incomeBeforeTaxRatio": 0.2009349681,
    "incomeTaxExpense": 282800000,
    "netIncome": 925000000,
    "netIncomeRatio": 0.1538871051,
    "eps": 0.8,
    "epsdiluted": 0.8,
    "weightedAverageShsOut": 1149600000,
    "weightedAverageShsOutDil": 1154234000,
    "link": "https://www.sec.gov/Archives/edgar/data/815556/000081555622000009/0000815556-22-000009-index.htm",
    "finalLink": "https://www.sec.gov/Archives/edgar/data/815556/000081555622000009/fast-20211231.htm"
  },
  {
    "date": "2020-12-31",
    "symbol": "FAST",
    "reportedCurrency": "USD",
    "cik": "0000815556",
    "fillingDate": "2021-02-08",
    "acceptedDate": "2021-02-08 13:18:39",
    "calendarYear": "2020",
    "period": "FY",
    "revenue": 5647300000,
    "costOfRevenue": 3079500000,
    "grossProfit": 2567800000,
    "grossProfitRatio": 0.4546951641,
    "researchAndDevelopmentExpenses": 0,
    "generalAndAdministrativeExpenses": 0,
    "sellingAndMarketingExpenses": 0,
    "sellingGeneralAndAdministrativeExpenses": 1426000000,
    "otherExpenses": 1400000,
    "operatingExpenses": 1427400000,
    "costAndExpenses": 4506900000,
    "interestIncome": 600000,
    "interestExpense": 9700000,
    "depreciationAndAmortization": 162400000,
    "ebitda": 1304800000,
    "ebitdaratio": 0.2310484656,
    "operatingIncome": 1141800000,
    "operatingIncomeRatio": 0.202185115,
    "totalOtherIncomeExpensesNet": -9100000,
    "incomeBeforeTax": 1132700000,
    "incomeBeforeTaxRatio": 0.2005737255,
    "incomeTaxExpense": 273600000,
    "netIncome": 859100000,
    "netIncomeRatio": 0.1521257946,
    "eps": 0.75,
    "epsdiluted": 0.75,
    "weightedAverageShsOut": 1147558000,
    "weightedAverageShsOutDil": 1151344000,
    "link": "https://www.sec.gov/Archives/edgar/data/815556/000081555621000008/0000815556-21-000008-index.htm",
    "finalLink": "https://www.sec.gov/Archives/edgar/data/815556/000081555621000008/fast-20201231.htm"
  },
  {
    "date": "2019-12-31",
    "symbol": "FAST",
    "reportedCurrency": "USD",
    "cik": "0000815556",
    "fillingDate": "2020-02-06",
    "acceptedDate": "2020-02-06 12:52:03",
    "calendarYear": "2019",
    "period": "FY",
    "revenue": 5333700000,
    "costOfRevenue": 2818300000,
    "grossProfit": 2515400000,
    "grossProfitRatio": 0.4716050772,
    "researchAndDevelopmentExpenses": 0,
    "generalAndAdministrativeExpenses": 0,
    "sellingAndMarketingExpenses": 0,
    "sellingGeneralAndAdministrativeExpenses": 1458200000,
    "otherExpenses": 1200000,
    "operatingExpenses": 1459400000,
    "costAndExpenses": 4276500000,
    "interestIncome": 400000,
    "interestExpense": 13900000,
    "depreciationAndAmortization": 148700000,
    "ebitda": 1205900000,
    "ebitdaratio": 0.2260907063,
    "operatingIncome": 1057200000,
    "operatingIncomeRatio": 0.198211373,
    "totalOtherIncomeExpensesNet": -13500000,
    "incomeBeforeTax": 1043700000,
    "incomeBeforeTaxRatio": 0.195680297,
    "incomeTaxExpense": 252800000,
    "netIncome": 790900000,
    "netIncomeRatio": 0.1482835555,
    "eps": 0.69,
    "epsdiluted": 0.69,
    "weightedAverageShsOut": 1146400000,
    "weightedAverageShsOutDil": 1148800000,
    "link": "https://www.sec.gov/Archives/edgar/data/815556/000081555620000011/0000815556-20-000011-index.htm",
    "finalLink": "https://www.sec.gov/Archives/edgar/data/815556/000081555620000011/fast1231201910-k.htm"
  },
  {
    "date": "2018-12-31",
    "symbol": "FAST",
    "reportedCurrency": "USD",
    "cik": "0000815556",
    "fillingDate": "2019-02-06",
    "acceptedDate": "2019-02-06 13:03:30",
    "calendarYear": "2018",
    "period": "FY",
    "revenue": 4965100000,
    "costOfRevenue": 2566200000,
    "grossProfit": 2398900000,
    "grossProfitRatio": 0.4831524038,
    "researchAndDevelopmentExpenses": 0,
    "generalAndAdministrativeExpenses": 1400200000,
    "sellingAndMarketingExpenses": 0,
    "sellingGeneralAndAdministrativeExpenses": 1400200000,
    "otherExpenses": -500000,
    "operatingExpenses": 1400200000,
    "costAndExpenses": 3965900000,
    "interestIncome": 400000,
    "interestExpense": 12600000,
    "depreciationAndAmortization": 138200000,
    "ebitda": 1136900000,
    "ebitdaratio": 0.2289782683,
    "operatingIncome": 999200000,
    "operatingIncomeRatio": 0.2012446879,
    "totalOtherIncomeExpensesNet": -12200000,
    "incomeBeforeTax": 987000000,
    "incomeBeforeTaxRatio": 0.198787537,
    "incomeTaxExpense": 235100000,
    "netIncome": 751900000,
    "netIncomeRatio": 0.1514370305,
    "eps": 0.655,
    "epsdiluted": 0.655,
    "weightedAverageShsOut": 1147938000,
    "weightedAverageShsOutDil": 1148652000,
    "link": "https://www.sec.gov/Archives/edgar/data/815556/000081555619000015/0000815556-19-000015-index.htm",
    "finalLink": "https://www.sec.gov/Archives/edgar/data/815556/000081555619000015/fast1231201810-k.htm"
  },
  {
    "date": "2017-12-31",
    "symbol": "FAST",
    "reportedCurrency": "USD",
    "cik": "0000815556",
    "fillingDate": "2018-02-05",
    "acceptedDate": "2018-02-05 11:48:27",
    "calendarYear": "2017",
    "period": "FY",
    "revenue": 4390500000,
    "costOfRevenue": 2226900000,
    "grossProfit": 2163600000,
    "grossProfitRatio": 0.4927912538,
    "researchAndDevelopmentExpenses": 0,
    "generalAndAdministrativeExpenses": 1282800000,
    "sellingAndMarketingExpenses": 0,
    "sellingGeneralAndAdministrativeExpenses": 1282800000,
    "otherExpenses": -1000000,
    "operatingExpenses": 1282800000,
    "costAndExpenses": 3508700000,
    "interestIncome": 400000,
    "interestExpense": 9100000,
    "depreciationAndAmortization": 127400000,
    "ebitda": 1008200000,
    "ebitdaratio": 0.2296321603,
    "operatingIncome": 881800000,
    "operatingIncomeRatio": 0.2008427286,
    "totalOtherIncomeExpensesNet": -8700000,
    "incomeBeforeTax": 873100000,
    "incomeBeforeTaxRatio": 0.1988611775,
    "incomeTaxExpense": 294500000,
    "netIncome": 578600000,
    "netIncomeRatio": 0.1317845348,
    "eps": 0.5,
    "epsdiluted": 0.5,
    "weightedAverageShsOut": 1153370000,
    "weightedAverageShsOutDil": 1153370000,
    "link": "https://www.sec.gov/Archives/edgar/data/815556/000081555618000010/0000815556-18-000010-index.htm",
    "finalLink": "https://www.sec.gov/Archives/edgar/data/815556/000081555618000010/fast1231201710-k.htm"
  },
  {
    "date": "2016-12-31",
    "symbol": "FAST",
    "reportedCurrency": "USD",
    "cik": "0000815556",
    "fillingDate": "2017-02-06",
    "acceptedDate": "2017-02-06 11:14:53",
    "calendarYear": "2016",
    "period": "FY",
    "revenue": 3962036000,
    "costOfRevenue": 1997200000,
    "grossProfit": 1964836000,
    "grossProfitRatio": 0.4959157363,
    "researchAndDevelopmentExpenses": 0,
    "generalAndAdministrativeExpenses": 1169470000,
    "sellingAndMarketingExpenses": 30000,
    "sellingGeneralAndAdministrativeExpenses": 1169500000,
    "otherExpenses": -500000,
    "operatingExpenses": 1169470000,
    "costAndExpenses": 3166200000,
    "interestIncome": 394000,
    "interestExpense": 6500000,
    "depreciationAndAmortization": 104052000,
    "ebitda": 900285000,
    "ebitdaratio": 0.2272278697,
    "operatingIncome": 795800000,
    "operatingIncomeRatio": 0.2008563274,
    "totalOtherIncomeExpensesNet": -6100000,
    "incomeBeforeTax": 789700000,
    "incomeBeforeTaxRatio": 0.1993167149,
    "incomeTaxExpense": 290300000,
    "netIncome": 499400000,
    "netIncomeRatio": 0.1260463055,
    "eps": 0.435,
    "epsdiluted": 0.435,
    "weightedAverageShsOut": 1155798000,
    "weightedAverageShsOutDil": 1156630000,
    "link": "https://www.sec.gov/Archives/edgar/data/815556/000081555617000009/0000815556-17-000009-index.htm",
    "finalLink": "https://www.sec.gov/Archives/edgar/data/815556/000081555617000009/fast1231201610-k.htm"
  },
  {
    "date": "2015-12-31",
    "symbol": "FAST",
    "reportedCurrency": "USD",
    "cik": "0000815556",
    "fillingDate": "2016-02-05",
    "acceptedDate": "2016-02-05 09:58:57",
    "calendarYear": "2015",
    "period": "FY",
    "revenue": 3869200000,
    "costOfRevenue": 1920253000,
    "grossProfit": 1948947000,
    "grossProfitRatio": 0.5037080017,
    "researchAndDevelopmentExpenses": 0,
    "generalAndAdministrativeExpenses": 1121590000,
    "sellingAndMarketingExpenses": -90000,
    "sellingGeneralAndAdministrativeExpenses": 1121500000,
    "otherExpenses": -1400000,
    "operatingExpenses": 1121590000,
    "costAndExpenses": 3040400000,
    "interestIncome": 373000,
    "interestExpense": 3100000,
    "depreciationAndAmortization": 86600000,
    "ebitda": 915726000,
    "ebitdaratio": 0.2366706296,
    "operatingIncome": 828755000,
    "operatingIncomeRatio": 0.2141928564,
    "totalOtherIncomeExpensesNet": -2655000,
    "incomeBeforeTax": 826100000,
    "incomeBeforeTaxRatio": 0.213506668,
    "incomeTaxExpense": 309700000,
    "netIncome": 516400000,
    "netIncomeRatio": 0.133464282,
    "eps": 0.445,
    "epsdiluted": 0.445,
    "weightedAverageShsOut": 1165812000,
    "weightedAverageShsOutDil": 1168000000,
    "link": "https://www.sec.gov/Archives/edgar/data/815556/000081555616000087/0000815556-16-000087-index.htm",
    "finalLink": "https://www.sec.gov/Archives/edgar/data/815556/000081555616000087/fast1231201510-k.htm"
  },
  {
    "date": "2014-12-31",
    "symbol": "FAST",
    "reportedCurrency": "USD",
    "cik": "0000815556",
    "fillingDate": "2015-02-05",
    "acceptedDate": "2015-02-05 12:42:35",
    "calendarYear": "2014",
    "period": "FY",
    "revenue": 3733507000,
    "costOfRevenue": 1836105000,
    "grossProfit": 1897402000,
    "grossProfitRatio": 0.5082090378,
    "researchAndDevelopmentExpenses": 0,
    "generalAndAdministrativeExpenses": 1110776000,
    "sellingAndMarketingExpenses": 0,
    "sellingGeneralAndAdministrativeExpenses": 1110776000,
    "otherExpenses": -964000,
    "operatingExpenses": 1110776000,
    "costAndExpenses": 2945917000,
    "interestIncome": 759000,
    "interestExpense": 915000,
    "depreciationAndAmortization": 72672000,
    "ebitda": 859298000,
    "ebitdaratio": 0.2301584007,
    "operatingIncome": 787590000,
    "operatingIncomeRatio": 0.2109517941,
    "totalOtherIncomeExpensesNet": -156000,
    "incomeBeforeTax": 787434000,
    "incomeBeforeTaxRatio": 0.2109100103,
    "incomeTaxExpense": 293284000,
    "netIncome": 494150000,
    "netIncomeRatio": 0.1323554503,
    "eps": 0.42,
    "epsdiluted": 0.415,
    "weightedAverageShsOut": 1185960000,
    "weightedAverageShsOutDil": 1189252000,
    "link": "https://www.sec.gov/Archives/edgar/data/815556/000081555615000014/0000815556-15-000014-index.htm",
    "finalLink": "https://www.sec.gov/Archives/edgar/data/815556/000081555615000014/fast1231201410-k.htm"
  },
  {
    "date": "2013-12-31",
    "symbol": "FAST",
    "reportedCurrency": "USD",
    "cik": "0000815556",
    "fillingDate": "2014-02-06",
    "acceptedDate": "2014-02-06 11:22:25",
    "calendarYear": "2013",
    "period": "FY",
    "revenue": 3326106000,
    "costOfRevenue": 1606661000,
    "grossProfit": 1719445000,
    "grossProfitRatio": 0.5169543604,
    "researchAndDevelopmentExpenses": 0,
    "generalAndAdministrativeExpenses": 1007431000,
    "sellingAndMarketingExpenses": 0,
    "sellingGeneralAndAdministrativeExpenses": 1007431000,
    "otherExpenses": -643000,
    "operatingExpenses": 1007431000,
    "costAndExpenses": 2613449000,
    "interestIncome": 924000,
    "interestExpense": 113000,
    "depreciationAndAmortization": 64191000,
    "ebitda": 776205000,
    "ebitdaratio": 0.2333674874,
    "operatingIncome": 712657000,
    "operatingIncomeRatio": 0.2142616621,
    "totalOtherIncomeExpensesNet": 811000,
    "incomeBeforeTax": 713468000,
    "incomeBeforeTaxRatio": 0.2145054908,
    "incomeTaxExpense": 264832000,
    "netIncome": 448636000,
    "netIncomeRatio": 0.1348832539,
    "eps": 0.38,
    "epsdiluted": 0.38,
    "weightedAverageShsOut": 1187016000,
    "weightedAverageShsOutDil": 1190734000,
    "link": "https://www.sec.gov/Archives/edgar/data/815556/000081555614000016/0000815556-14-000016-index.htm",
    "finalLink": "https://www.sec.gov/Archives/edgar/data/815556/000081555614000016/fast1231201310-k.htm"
  },
  {
    "date": "2012-12-31",
    "symbol": "FAST",
    "reportedCurrency": "USD",
    "cik": "0000815556",
    "fillingDate": "2013-02-07",
    "acceptedDate": "2013-02-07 11:35:55",
    "calendarYear": "2012",
    "period": "FY",
    "revenue": 3133577000,
    "costOfRevenue": 1519053000,
    "grossProfit": 1614524000,
    "grossProfitRatio": 0.5152335494,
    "researchAndDevelopmentExpenses": 0,
    "generalAndAdministrativeExpenses": 941236000,
    "sellingAndMarketingExpenses": 0,
    "sellingGeneralAndAdministrativeExpenses": 941236000,
    "otherExpenses": 0,
    "operatingExpenses": 941236000,
    "costAndExpenses": 2459886000,
    "interestIncome": 464000,
    "interestExpense": 0,
    "depreciationAndAmortization": 54052000,
    "ebitda": 728207000,
    "ebitdaratio": 0.2323884175,
    "operatingIncome": 673691000,
    "operatingIncomeRatio": 0.214991047,
    "totalOtherIncomeExpensesNet": 464000,
    "incomeBeforeTax": 674155000,
    "incomeBeforeTaxRatio": 0.2151391206,
    "incomeTaxExpense": 253619000,
    "netIncome": 420536000,
    "netIncomeRatio": 0.1342031806,
    "eps": 0.355,
    "epsdiluted": 0.355,
    "weightedAverageShsOut": 1184356000,
    "weightedAverageShsOutDil": 1188604000,
    "link": "https://www.sec.gov/Archives/edgar/data/815556/000081555613000013/0000815556-13-000013-index.htm",
    "finalLink": "https://www.sec.gov/Archives/edgar/data/815556/000081555613000013/fast1231201210-k.htm"
  },
  {
    "date": "2011-12-31",
    "symbol": "FAST",
    "reportedCurrency": "USD",
    "cik": "0000815556",
    "fillingDate": "2012-02-09",
    "acceptedDate": "2012-02-09 12:41:49",
    "calendarYear": "2011",
    "period": "FY",
    "revenue": 2766859000,
    "costOfRevenue": 1332687000,
    "grossProfit": 1434172000,
    "grossProfitRatio": 0.5183393877,
    "researchAndDevelopmentExpenses": 0,
    "generalAndAdministrativeExpenses": 859369000,
    "sellingAndMarketingExpenses": 0,
    "sellingGeneralAndAdministrativeExpenses": 859369000,
    "otherExpenses": 0,
    "operatingExpenses": 859369000,
    "costAndExpenses": 2192056000,
    "interestIncome": 472000,
    "interestExpense": 0,
    "depreciationAndAmortization": 44706000,
    "ebitda": 619787000,
    "ebitdaratio": 0.2240038253,
    "operatingIncome": 574609000,
    "operatingIncomeRatio": 0.2076755628,
    "totalOtherIncomeExpensesNet": 472000,
    "incomeBeforeTax": 575081000,
    "incomeBeforeTaxRatio": 0.2078461533,
    "incomeTaxExpense": 217152000,
    "netIncome": 357929000,
    "netIncomeRatio": 0.1293629346,
    "eps": 0.305,
    "epsdiluted": 0.305,
    "weightedAverageShsOut": 1180216000,
    "weightedAverageShsOutDil": 1183476000,
    "link": "https://www.sec.gov/Archives/edgar/data/815556/000119312512048575/0001193125-12-048575-index.htm",
    "finalLink": "https://www.sec.gov/Archives/edgar/data/815556/000119312512048575/d260996d10k.htm"
  },
  {
    "date": "2010-12-31",
    "symbol": "FAST",
    "reportedCurrency": "USD",
    "cik": "0000815556",
    "fillingDate": "2011-02-09",
    "acceptedDate": "2011-02-09 16:54:55",
    "calendarYear": "2010",
    "period": "FY",
    "revenue": 2269471000,
    "costOfRevenue": 1094635000,
    "grossProfit": 1174836000,
    "grossProfitRatio": 0.5176695362,
    "researchAndDevelopmentExpenses": 0,
    "generalAndAdministrativeExpenses": 745112000,
    "sellingAndMarketingExpenses": 0,
    "sellingGeneralAndAdministrativeExpenses": 745112000,
    "otherExpenses": 0,
    "operatingExpenses": 745112000,
    "costAndExpenses": 1839747000,
    "interestIncome": 951000,
    "interestExpense": 0,
    "depreciationAndAmortization": 40755000,
    "ebitda": 471395000,
    "ebitdaratio": 0.2077114006,
    "operatingIncome": 429724000,
    "operatingIncomeRatio": 0.1893498529,
    "totalOtherIncomeExpensesNet": 916000,
    "incomeBeforeTax": 430640000,
    "incomeBeforeTaxRatio": 0.1897534712,
    "incomeTaxExpense": 165284000,
    "netIncome": 265356000,
    "netIncomeRatio": 0.1169241643,
    "eps": 0.225,
    "epsdiluted": 0.225,
    "weightedAverageShsOut": 1179448000,
    "weightedAverageShsOutDil": 1179448000,
    "link": "https://www.sec.gov/Archives/edgar/data/815556/000119312511029081/0001193125-11-029081-index.htm",
    "finalLink": "https://www.sec.gov/Archives/edgar/data/815556/000119312511029081/d10k.htm"
  },
  {
    "date": "2009-12-31",
    "symbol": "FAST",
    "reportedCurrency": "USD",
    "cik": "0000815556",
    "fillingDate": "2010-02-09",
    "acceptedDate": "2010-02-09 17:14:25",
    "calendarYear": "2009",
    "period": "FY",
    "revenue": 1930330000,
    "costOfRevenue": 946895000,
    "grossProfit": 983435000,
    "grossProfitRatio": 0.5094647029,
    "researchAndDevelopmentExpenses": 0,
    "generalAndAdministrativeExpenses": 686792000,
    "sellingAndMarketingExpenses": 0,
    "sellingGeneralAndAdministrativeExpenses": 686792000,
    "otherExpenses": 850000,
    "operatingExpenses": 687642000,
    "costAndExpenses": 1634537000,
    "interestIncome": 1697000,
    "interestExpense": 0,
    "depreciationAndAmortization": 40087000,
    "ebitda": 336730000,
    "ebitdaratio": 0.1744416758,
    "operatingIncome": 295793000,
    "operatingIncomeRatio": 0.1532344211,
    "totalOtherIncomeExpensesNet": 1697000,
    "incomeBeforeTax": 297490000,
    "incomeBeforeTaxRatio": 0.1541135454,
    "incomeTaxExpense": 113133000,
    "netIncome": 184357000,
    "netIncomeRatio": 0.0955054317,
    "eps": 0.155,
    "epsdiluted": 0.155,
    "weightedAverageShsOut": 1190648000,
    "weightedAverageShsOutDil": 1190648000,
    "link": "https://www.sec.gov/Archives/edgar/data/815556/000119312510025958/0001193125-10-025958-index.htm",
    "finalLink": "https://www.sec.gov/Archives/edgar/data/815556/000119312510025958/d10k.htm"
  },
  {
    "date": "2008-12-31",
    "symbol": "FAST",
    "reportedCurrency": "USD",
    "cik": "0000815556",
    "fillingDate": "2009-02-20",
    "acceptedDate": "2009-02-20 17:10:31",
    "calendarYear": "2008",
    "period": "FY",
    "revenue": 2340425000,
    "costOfRevenue": 1104333000,
    "grossProfit": 1236092000,
    "grossProfitRatio": 0.52814852,
    "researchAndDevelopmentExpenses": 0,
    "generalAndAdministrativeExpenses": 0,
    "sellingAndMarketingExpenses": 0,
    "sellingGeneralAndAdministrativeExpenses": 785688000,
    "otherExpenses": 167000,
    "operatingExpenses": 785855000,
    "costAndExpenses": 1890188000,
    "interestIncome": 930000,
    "interestExpense": 0,
    "depreciationAndAmortization": 39268000,
    "ebitda": 489605000,
    "ebitdaratio": 0.2091949112,
    "operatingIncome": 450237000,
    "operatingIncomeRatio": 0.1923740346,
    "totalOtherIncomeExpensesNet": 930000,
    "incomeBeforeTax": 451167000,
    "incomeBeforeTaxRatio": 0.1927713984,
    "incomeTaxExpense": 171462000,
    "netIncome": 279705000,
    "netIncomeRatio": 0.1195103453,
    "eps": 0.235,
    "epsdiluted": 0.235,
    "weightedAverageShsOut": 1190648000,
    "weightedAverageShsOutDil": 1190648000,
    "link": "https://www.sec.gov/Archives/edgar/data/815556/000119312509034225/0001193125-09-034225-index.htm",
    "finalLink": "https://www.sec.gov/Archives/edgar/data/815556/000119312509034225/d10k.htm"
  },
  {
    "date": "2007-12-31",
    "symbol": "FAST",
    "reportedCurrency": "USD",
    "cik": "0000815556",
    "fillingDate": "2008-02-21",
    "acceptedDate": "2008-02-21 16:51:48",
    "calendarYear": "2007",
    "period": "FY",
    "revenue": 2061819000,
    "costOfRevenue": 1014245000,
    "grossProfit": 1047574000,
    "grossProfitRatio": 0.5080824262,
    "researchAndDevelopmentExpenses": 0,
    "generalAndAdministrativeExpenses": 671248000,
    "sellingAndMarketingExpenses": 0,
    "sellingGeneralAndAdministrativeExpenses": 671248000,
    "otherExpenses": 0,
    "operatingExpenses": 671248000,
    "costAndExpenses": 1685493000,
    "interestIncome": 0,
    "interestExpense": 0,
    "depreciationAndAmortization": 37399000,
    "ebitda": 415298000,
    "ebitdaratio": 0.2014231123,
    "operatingIncome": 376326000,
    "operatingIncomeRatio": 0.1825213561,
    "totalOtherIncomeExpensesNet": 1573000,
    "incomeBeforeTax": 377899000,
    "incomeBeforeTaxRatio": 0.1832842747,
    "incomeTaxExpense": 145277000,
    "netIncome": 232622000,
    "netIncomeRatio": 0.1128236766,
    "eps": 0.195,
    "epsdiluted": 0.195,
    "weightedAverageShsOut": 1204440000,
    "weightedAverageShsOutDil": 1204440000,
    "link": "https://www.sec.gov/Archives/edgar/data/815556/000119312508035349/0001193125-08-035349-index.htm",
    "finalLink": "https://www.sec.gov/Archives/edgar/data/815556/000119312508035349/d10k.htm"
  },
  {
    "date": "2006-12-31",
    "symbol": "FAST",
    "reportedCurrency": "USD",
    "cik": "0000815556",
    "fillingDate": "2007-02-23",
    "acceptedDate": "2007-02-23 15:40:00",
    "calendarYear": "2006",
    "period": "FY",
    "revenue": 1809337000,
    "costOfRevenue": 901662000,
    "grossProfit": 907675000,
    "grossProfitRatio": 0.5016616584,
    "researchAndDevelopmentExpenses": 0,
    "generalAndAdministrativeExpenses": 587610000,
    "sellingAndMarketingExpenses": 0,
    "sellingGeneralAndAdministrativeExpenses": 587610000,
    "otherExpenses": 0,
    "operatingExpenses": 587610000,
    "costAndExpenses": 1489272000,
    "interestIncome": 0,
    "interestExpense": 0,
    "depreciationAndAmortization": 33597000,
    "ebitda": 354626000,
    "ebitdaratio": 0.1959977605,
    "operatingIncome": 320065000,
    "operatingIncomeRatio": 0.1768962885,
    "totalOtherIncomeExpensesNet": 964000,
    "incomeBeforeTax": 321029000,
    "incomeBeforeTaxRatio": 0.1774290804,
    "incomeTaxExpense": 121991000,
    "netIncome": 199038000,
    "netIncomeRatio": 0.1100060409,
    "eps": 0.165,
    "epsdiluted": 0.165,
    "weightedAverageShsOut": 1208272000,
    "weightedAverageShsOutDil": 1209320000,
    "link": "https://www.sec.gov/Archives/edgar/data/815556/000119312507038320/0001193125-07-038320-index.htm",
    "finalLink": "https://www.sec.gov/Archives/edgar/data/815556/000119312507038320/d10k.htm"
  },
  {
    "date": "2005-12-31",
    "symbol": "FAST",
    "reportedCurrency": "USD",
    "cik": "0000815556",
    "fillingDate": "2006-02-23",
    "acceptedDate": "2006-02-23 15:59:29",
    "calendarYear": "2005",
    "period": "FY",
    "revenue": 1523333000,
    "costOfRevenue": 765230000,
    "grossProfit": 758103000,
    "grossProfitRatio": 0.4976607216,
    "researchAndDevelopmentExpenses": 0,
    "generalAndAdministrativeExpenses": 489792000,
    "sellingAndMarketingExpenses": 0,
    "sellingGeneralAndAdministrativeExpenses": 489792000,
    "otherExpenses": 447000,
    "operatingExpenses": 490239000,
    "costAndExpenses": 1255469000,
    "interestIncome": 0,
    "interestExpense": 0,
    "depreciationAndAmortization": 29073000,
    "ebitda": 298129000,
    "ebitdaratio": 0.1957083579,
    "operatingIncome": 267864000,
    "operatingIncomeRatio": 0.1758407387,
    "totalOtherIncomeExpensesNet": 1192000,
    "incomeBeforeTax": 269056000,
    "incomeBeforeTaxRatio": 0.1766232334,
    "incomeTaxExpense": 102242000,
    "netIncome": 166814000,
    "netIncomeRatio": 0.1095059321,
    "eps": 0.14,
    "epsdiluted": 0.14,
    "weightedAverageShsOut": 1210160000,
    "weightedAverageShsOutDil": 1212064000,
    "link": "https://www.sec.gov/Archives/edgar/data/815556/000119312506037687/0001193125-06-037687-index.htm",
    "finalLink": "https://www.sec.gov/Archives/edgar/data/815556/000119312506037687/d10k.htm"
  },
  {
    "date": "2004-12-31",
    "symbol": "FAST",
    "reportedCurrency": "USD",
    "cik": "0000815556",
    "fillingDate": "2005-03-01",
    "acceptedDate": "2005-03-01 15:01:05",
    "calendarYear": "2004",
    "period": "FY",
    "revenue": 1238492000,
    "costOfRevenue": 614159000,
    "grossProfit": 624333000,
    "grossProfitRatio": 0.5041074145,
    "researchAndDevelopmentExpenses": 0,
    "generalAndAdministrativeExpenses": 416524000,
    "sellingAndMarketingExpenses": 0,
    "sellingGeneralAndAdministrativeExpenses": 416524000,
    "otherExpenses": 652000,
    "operatingExpenses": 417176000,
    "costAndExpenses": 1031335000,
    "interestIncome": 0,
    "interestExpense": 0,
    "depreciationAndAmortization": 23710000,
    "ebitda": 232046000,
    "ebitdaratio": 0.187361727,
    "operatingIncome": 207157000,
    "operatingIncomeRatio": 0.1672655132,
    "totalOtherIncomeExpensesNet": 1179000,
    "incomeBeforeTax": 208336000,
    "incomeBeforeTaxRatio": 0.1682174774,
    "incomeTaxExpense": 77347000,
    "netIncome": 130989000,
    "netIncomeRatio": 0.1057649141,
    "eps": 0.11,
    "epsdiluted": 0.11,
    "weightedAverageShsOut": 1214032000,
    "weightedAverageShsOutDil": 1215776000,
    "link": "https://www.sec.gov/Archives/edgar/data/815556/000119312505039692/0001193125-05-039692-index.htm",
    "finalLink": "https://www.sec.gov/Archives/edgar/data/815556/000119312505039692/d10k.htm"
  },
  {
    "date": "2003-12-31",
    "symbol": "FAST",
    "reportedCurrency": "USD",
    "cik": "0000815556",
    "fillingDate": "2004-02-25",
    "acceptedDate": "2004-02-25 15:13:11",
    "calendarYear": "2003",
    "period": "FY",
    "revenue": 994928000,
    "costOfRevenue": 505861000,
    "grossProfit": 489067000,
    "grossProfitRatio": 0.4915601933,
    "researchAndDevelopmentExpenses": 0,
    "generalAndAdministrativeExpenses": 353613000,
    "sellingAndMarketingExpenses": 0,
    "sellingGeneralAndAdministrativeExpenses": 353613000,
    "otherExpenses": 317000,
    "operatingExpenses": 353930000,
    "costAndExpenses": 859791000,
    "interestIncome": 0,
    "interestExpense": 0,
    "depreciationAndAmortization": 20511000,
    "ebitda": 155648000,
    "ebitdaratio": 0.1564414711,
    "operatingIncome": 135137000,
    "operatingIncomeRatio": 0.135825909,
    "totalOtherIncomeExpensesNet": 1199000,
    "incomeBeforeTax": 136336000,
    "incomeBeforeTaxRatio": 0.1370310213,
    "incomeTaxExpense": 52216000,
    "netIncome": 84120000,
    "netIncomeRatio": 0.0845488317,
    "eps": 0.07,
    "epsdiluted": 0.07,
    "weightedAverageShsOut": 1214040000,
    "weightedAverageShsOutDil": 1214272000,
    "link": "https://www.sec.gov/Archives/edgar/data/815556/000119312504029342/0001193125-04-029342-index.htm",
    "finalLink": "https://www.sec.gov/Archives/edgar/data/815556/000119312504029342/d10k.htm"
  },
  {
    "date": "2002-12-31",
    "symbol": "FAST",
    "reportedCurrency": "USD",
    "cik": "0000815556",
    "fillingDate": "2003-02-26",
    "acceptedDate": "2003-02-26 15:54:22",
    "calendarYear": "2002",
    "period": "FY",
    "revenue": 905438000,
    "costOfRevenue": 456962000,
    "grossProfit": 448476000,
    "grossProfitRatio": 0.4953138702,
    "researchAndDevelopmentExpenses": 0,
    "generalAndAdministrativeExpenses": 334875000,
    "sellingAndMarketingExpenses": 0,
    "sellingGeneralAndAdministrativeExpenses": 334875000,
    "otherExpenses": -5630000,
    "operatingExpenses": 329245000,
    "costAndExpenses": 786207000,
    "interestIncome": 0,
    "interestExpense": 0,
    "depreciationAndAmortization": 17012000,
    "ebitda": 136243000,
    "ebitdaratio": 0.1504719263,
    "operatingIncome": 119231000,
    "operatingIncomeRatio": 0.1316832296,
    "totalOtherIncomeExpensesNet": 1976000,
    "incomeBeforeTax": 121207000,
    "incomeBeforeTaxRatio": 0.1338655987,
    "incomeTaxExpense": 46381000,
    "netIncome": 75542000,
    "netIncomeRatio": 0.0834314442,
    "eps": 0.065,
    "epsdiluted": 0.065,
    "weightedAverageShsOut": 1214032000,
    "weightedAverageShsOutDil": 1214032000,
    "link": "https://www.sec.gov/Archives/edgar/data/815556/000104596903000512/0001045969-03-000512-index.htm",
    "finalLink": "https://www.sec.gov/Archives/edgar/data/815556/000104596903000512/d10k.htm"
  },
  {
    "date": "2001-12-31",
    "symbol": "FAST",
    "reportedCurrency": "USD",
    "cik": "0000815556",
    "fillingDate": "2002-03-04",
    "acceptedDate": "2002-03-04 00:00:00",
    "calendarYear": "2001",
    "period": "FY",
    "revenue": 818283000,
    "costOfRevenue": 405856000,
    "grossProfit": 412427000,
    "grossProfitRatio": 0.5040151146,
    "researchAndDevelopmentExpenses": 0,
    "generalAndAdministrativeExpenses": 300696000,
    "sellingAndMarketingExpenses": 0,
    "sellingGeneralAndAdministrativeExpenses": 300696000,
    "otherExpenses": 0,
    "operatingExpenses": 300696000,
    "costAndExpenses": 706552000,
    "interestIncome": 0,
    "interestExpense": 0,
    "depreciationAndAmortization": 14967000,
    "ebitda": 126698000,
    "ebitdaratio": 0.1548339633,
    "operatingIncome": 111731000,
    "operatingIncomeRatio": 0.1365432253,
    "totalOtherIncomeExpensesNet": 1903000,
    "incomeBeforeTax": 113634000,
    "incomeBeforeTaxRatio": 0.1388688266,
    "incomeTaxExpense": 43522000,
    "netIncome": 70112000,
    "netIncomeRatio": 0.0856818485,
    "eps": 0.06,
    "epsdiluted": 0.06,
    "weightedAverageShsOut": 1214040000,
    "weightedAverageShsOutDil": 1214040000,
    "link": "https://www.sec.gov/Archives/edgar/data/815556/000104596902000357/0001045969-02-000357-index.htm",
    "finalLink": "https://www.sec.gov/Archives/edgar/data/815556/000104596902000357/d10k.txt"
  },
  {
    "date": "2000-12-31",
    "symbol": "FAST",
    "reportedCurrency": "USD",
    "cik": "0000815556",
    "fillingDate": "2001-03-05",
    "acceptedDate": "2001-03-05 00:00:00",
    "calendarYear": "2000",
    "period": "FY",
    "revenue": 745740000,
    "costOfRevenue": 345203000,
    "grossProfit": 400537000,
    "grossProfitRatio": 0.5371000617,
    "researchAndDevelopmentExpenses": 0,
    "generalAndAdministrativeExpenses": 259003000,
    "sellingAndMarketingExpenses": 0,
    "sellingGeneralAndAdministrativeExpenses": 259003000,
    "otherExpenses": 11977000,
    "operatingExpenses": 270980000,
    "costAndExpenses": 616183000,
    "interestIncome": 0,
    "interestExpense": 0,
    "depreciationAndAmortization": 11977000,
    "ebitda": 141534000,
    "ebitdaratio": 0.1897900072,
    "operatingIncome": 129557000,
    "operatingIncomeRatio": 0.1737294499,
    "totalOtherIncomeExpensesNet": 1873000,
    "incomeBeforeTax": 131430000,
    "incomeBeforeTaxRatio": 0.1762410492,
    "incomeTaxExpense": 50700000,
    "netIncome": 80730000,
    "netIncomeRatio": 0.1082548878,
    "eps": 0.065,
    "epsdiluted": 0.065,
    "weightedAverageShsOut": 1214048000,
    "weightedAverageShsOutDil": 1214048000,
    "link": "https://www.sec.gov/Archives/edgar/data/815556/000104596901000283/0001045969-01-000283-index.htm",
    "finalLink": "https://www.sec.gov/Archives/edgar/data/815556/000104596901000283/0001045969-01-000283-0001.txt"
  },
  {
    "date": "1999-12-31",
    "symbol": "FAST",
    "reportedCurrency": "USD",
    "cik": "0000815556",
    "fillingDate": "2000-03-13",
    "acceptedDate": "2000-03-13 00:00:00",
    "calendarYear": "1999",
    "period": "FY",
    "revenue": 609200000,
    "costOfRevenue": 277900000,
    "grossProfit": 331300000,
    "grossProfitRatio": 0.5438279711,
    "researchAndDevelopmentExpenses": 0,
    "generalAndAdministrativeExpenses": 213600000,
    "sellingAndMarketingExpenses": 0,
    "sellingGeneralAndAdministrativeExpenses": 213600000,
    "otherExpenses": 12000000,
    "operatingExpenses": 225600000,
    "costAndExpenses": 503500000,
    "interestIncome": 0,
    "interestExpense": 0,
    "depreciationAndAmortization": 12000000,
    "ebitda": 117700000,
    "ebitdaratio": 0.1932042022,
    "operatingIncome": 105700000,
    "operatingIncomeRatio": 0.1735062377,
    "totalOtherIncomeExpensesNet": 800000,
    "incomeBeforeTax": 106500000,
    "incomeBeforeTaxRatio": 0.1748194353,
    "incomeTaxExpense": 41000000,
    "netIncome": 65500000,
    "netIncomeRatio": 0.1075180565,
    "eps": 0.055,
    "epsdiluted": 0.055,
    "weightedAverageShsOut": 1214048000,
    "weightedAverageShsOutDil": 1214048000,
    "link": "https://www.sec.gov/Archives/edgar/data/815556/000095013100001703/0000950131-00-001703-index.html",
    "finalLink": "https://www.sec.gov/Archives/edgar/data/815556/000095013100001703/"
  },
  {
    "date": "1998-12-31",
    "symbol": "FAST",
    "reportedCurrency": "USD",
    "cik": "0000815556",
    "fillingDate": "1999-03-15",
    "acceptedDate": "1999-03-15 00:00:00",
    "calendarYear": "1998",
    "period": "FY",
    "revenue": 503100000,
    "costOfRevenue": 227600000,
    "grossProfit": 275500000,
    "grossProfitRatio": 0.5476048499,
    "researchAndDevelopmentExpenses": 0,
    "generalAndAdministrativeExpenses": 177200000,
    "sellingAndMarketingExpenses": 0,
    "sellingGeneralAndAdministrativeExpenses": 177200000,
    "otherExpenses": 11200000,
    "operatingExpenses": 188400000,
    "costAndExpenses": 416000000,
    "interestIncome": 0,
    "interestExpense": 0,
    "depreciationAndAmortization": 11200000,
    "ebitda": 98300000,
    "ebitdaratio": 0.1953885907,
    "operatingIncome": 87100000,
    "operatingIncomeRatio": 0.173126615,
    "totalOtherIncomeExpensesNet": -900000,
    "incomeBeforeTax": 86200000,
    "incomeBeforeTaxRatio": 0.1713377062,
    "incomeTaxExpense": 33200000,
    "netIncome": 53000000,
    "netIncomeRatio": 0.1053468495,
    "eps": 0.04375,
    "epsdiluted": 0.04375,
    "weightedAverageShsOut": 1214038000,
    "weightedAverageShsOutDil": 1214038000,
    "link": "https://www.sec.gov/Archives/edgar/data/815556/000104596999000167/0001045969-99-000167-index.html",
    "finalLink": "https://www.sec.gov/Archives/edgar/data/815556/"
  },
  {
    "date": "1997-12-31",
    "symbol": "FAST",
    "reportedCurrency": "USD",
    "cik": "0000815556",
    "fillingDate": "1998-03-16",
    "acceptedDate": "1998-03-16 00:00:00",
    "calendarYear": "1997",
    "period": "FY",
    "revenue": 398000000,
    "costOfRevenue": 179600000,
    "grossProfit": 218400000,
    "grossProfitRatio": 0.5487437186,
    "researchAndDevelopmentExpenses": 0,
    "generalAndAdministrativeExpenses": 141700000,
    "sellingAndMarketingExpenses": 0,
    "sellingGeneralAndAdministrativeExpenses": 141700000,
    "otherExpenses": 9500000,
    "operatingExpenses": 151200000,
    "costAndExpenses": 330800000,
    "interestIncome": 0,
    "interestExpense": 0,
    "depreciationAndAmortization": 9500000,
    "ebitda": 76700000,
    "ebitdaratio": 0.1927135678,
    "operatingIncome": 67200000,
    "operatingIncomeRatio": 0.1688442211,
    "totalOtherIncomeExpensesNet": 100000,
    "incomeBeforeTax": 67300000,
    "incomeBeforeTaxRatio": 0.1690954774,
    "incomeTaxExpense": 26500000,
    "netIncome": 40800000,
    "netIncomeRatio": 0.1025125628,
    "eps": 0.03375,
    "epsdiluted": 0.03375,
    "weightedAverageShsOut": 1214038000,
    "weightedAverageShsOutDil": 1214038000,
    "link": "https://www.sec.gov/Archives/edgar/data/815556/000104596998000274/0001045969-98-000274-index.html",
    "finalLink": "https://www.sec.gov/Archives/edgar/data/815556/"
  },
  {
    "date": "1996-12-31",
    "symbol": "FAST",
    "reportedCurrency": "USD",
    "cik": "0000815556",
    "fillingDate": "1997-03-17",
    "acceptedDate": "1997-03-17 00:00:00",
    "calendarYear": "1996",
    "period": "FY",
    "revenue": 287700000,
    "costOfRevenue": 127300000,
    "grossProfit": 160400000,
    "grossProfitRatio": 0.5575251999,
    "researchAndDevelopmentExpenses": 0,
    "generalAndAdministrativeExpenses": 99500000,
    "sellingAndMarketingExpenses": 0,
    "sellingGeneralAndAdministrativeExpenses": 99500000,
    "otherExpenses": 7500000,
    "operatingExpenses": 107000000,
    "costAndExpenses": 234300000,
    "interestIncome": 0,
    "interestExpense": 0,
    "depreciationAndAmortization": 7500000,
    "ebitda": 60900000,
    "ebitdaratio": 0.2116788321,
    "operatingIncome": 53400000,
    "operatingIncomeRatio": 0.1856100104,
    "totalOtherIncomeExpensesNet": 1000000,
    "incomeBeforeTax": 54400000,
    "incomeBeforeTaxRatio": 0.1890858533,
    "incomeTaxExpense": 21900000,
    "netIncome": 32500000,
    "netIncomeRatio": 0.112964894,
    "eps": 0.0269,
    "epsdiluted": 0.0269,
    "weightedAverageShsOut": 1214038000,
    "weightedAverageShsOutDil": 1214038000,
    "link": "https://www.sec.gov/Archives/edgar/data/815556/000095013197001844/0000950131-97-001844-index.html",
    "finalLink": "https://www.sec.gov/Archives/edgar/data/815556/"
  },
  {
    "date": "1995-12-31",
    "symbol": "FAST",
    "reportedCurrency": "USD",
    "cik": "0000815556",
    "fillingDate": "1996-03-18",
    "acceptedDate": "1996-03-18 00:00:00",
    "calendarYear": "1995",
    "period": "FY",
    "revenue": 222600000,
    "costOfRevenue": 98200000,
    "grossProfit": 124400000,
    "grossProfitRatio": 0.5588499551,
    "researchAndDevelopmentExpenses": 0,
    "generalAndAdministrativeExpenses": 73400000,
    "sellingAndMarketingExpenses": 0,
    "sellingGeneralAndAdministrativeExpenses": 73400000,
    "otherExpenses": 5400000,
    "operatingExpenses": 78800000,
    "costAndExpenses": 177000000,
    "interestIncome": 0,
    "interestExpense": 0,
    "depreciationAndAmortization": 5400000,
    "ebitda": 51000000,
    "ebitdaratio": 0.2291105121,
    "operatingIncome": 45600000,
    "operatingIncomeRatio": 0.204851752,
    "totalOtherIncomeExpensesNet": 600000,
    "incomeBeforeTax": 46200000,
    "incomeBeforeTaxRatio": 0.2075471698,
    "incomeTaxExpense": 18800000,
    "netIncome": 27400000,
    "netIncomeRatio": 0.1230907457,
    "eps": 0.0225,
    "epsdiluted": 0.0225,
    "weightedAverageShsOut": 1214038000,
    "weightedAverageShsOutDil": 1219622000,
    "link": "https://www.sec.gov/Archives/edgar/data/815556/000095013196001114/0000950131-96-001114-index.html",
    "finalLink": "https://www.sec.gov/Archives/edgar/data/815556/"
  },
  {
    "date": "1994-12-31",
    "symbol": "FAST",
    "reportedCurrency": "USD",
    "cik": "0000815556",
    "fillingDate": "1995-03-20",
    "acceptedDate": "1995-03-20 00:00:00",
    "calendarYear": "1994",
    "period": "FY",
    "revenue": 161900000,
    "costOfRevenue": 72300000,
    "grossProfit": 89600000,
    "grossProfitRatio": 0.553428042,
    "researchAndDevelopmentExpenses": 0,
    "generalAndAdministrativeExpenses": 0,
    "sellingAndMarketingExpenses": 0,
    "sellingGeneralAndAdministrativeExpenses": 55000000,
    "otherExpenses": 3700000,
    "operatingExpenses": 58700000,
    "costAndExpenses": 131000000,
    "interestIncome": 0,
    "interestExpense": 0,
    "depreciationAndAmortization": 3700000,
    "ebitda": 34600000,
    "ebitdaratio": 0.213712168,
    "operatingIncome": 30900000,
    "operatingIncomeRatio": 0.1908585547,
    "totalOtherIncomeExpensesNet": 500000,
    "incomeBeforeTax": 31400000,
    "incomeBeforeTaxRatio": 0.1939468808,
    "incomeTaxExpense": 12700000,
    "netIncome": 18700000,
    "netIncomeRatio": 0.1155033972,
    "eps": 0.0153,
    "epsdiluted": 0.0153,
    "weightedAverageShsOut": 1214038000,
    "weightedAverageShsOutDil": 1214038000,
    "link": "https://www.sec.gov/Archives/edgar/data/815556/000095013195000632/0000950131-95-000632-index.html",
    "finalLink": "https://www.sec.gov/Archives/edgar/data/815556/"
  },
  {
    "date": "1993-12-31",
    "symbol": "FAST",
    "reportedCurrency": "USD",
    "cik": "0000815556",
    "fillingDate": "1993-12-31",
    "acceptedDate": "1993-12-31 00:00:00",
    "calendarYear": "1993",
    "period": "FY",
    "revenue": 110300000,
    "costOfRevenue": 49200000,
    "grossProfit": 61100000,
    "grossProfitRatio": 0.5539437897,
    "researchAndDevelopmentExpenses": 0,
    "generalAndAdministrativeExpenses": 0,
    "sellingAndMarketingExpenses": 0,
    "sellingGeneralAndAdministrativeExpenses": 38700000,
    "otherExpenses": 2600000,
    "operatingExpenses": 41300000,
    "costAndExpenses": 90500000,
    "interestIncome": 0,
    "interestExpense": 0,
    "depreciationAndAmortization": 2600000,
    "ebitda": 22400000,
    "ebitdaratio": 0.2030825023,
    "operatingIncome": 19800000,
    "operatingIncomeRatio": 0.1795104261,
    "totalOtherIncomeExpensesNet": 300000,
    "incomeBeforeTax": 20100000,
    "incomeBeforeTaxRatio": 0.1822302811,
    "incomeTaxExpense": 8200000,
    "netIncome": 11900000,
    "netIncomeRatio": 0.1078875793,
    "eps": 0.01,
    "epsdiluted": 0.01,
    "weightedAverageShsOut": 1190000000,
    "weightedAverageShsOutDil": 1190000000,
    "link": null,
    "finalLink": null
  },
  {
    "date": "1992-12-31",
    "symbol": "FAST",
    "reportedCurrency": "USD",
    "cik": "0000815556",
    "fillingDate": "1992-12-31",
    "acceptedDate": "1992-12-31 00:00:00",
    "calendarYear": "1992",
    "period": "FY",
    "revenue": 81300000,
    "costOfRevenue": 35700000,
    "grossProfit": 45600000,
    "grossProfitRatio": 0.5608856089,
    "researchAndDevelopmentExpenses": 0,
    "generalAndAdministrativeExpenses": 0,
    "sellingAndMarketingExpenses": 0,
    "sellingGeneralAndAdministrativeExpenses": 29300000,
    "otherExpenses": 1900000,
    "operatingExpenses": 31200000,
    "costAndExpenses": 66900000,
    "interestIncome": 0,
    "interestExpense": 0,
    "depreciationAndAmortization": 1900000,
    "ebitda": 16300000,
    "ebitdaratio": 0.2004920049,
    "operatingIncome": 14400000,
    "operatingIncomeRatio": 0.1771217712,
    "totalOtherIncomeExpensesNet": 300000,
    "incomeBeforeTax": 14700000,
    "incomeBeforeTaxRatio": 0.1808118081,
    "incomeTaxExpense": 5900000,
    "netIncome": 8800000,
    "netIncomeRatio": 0.1082410824,
    "eps": 0.0075,
    "epsdiluted": 0.0075,
    "weightedAverageShsOut": 1173333334,
    "weightedAverageShsOutDil": 1173333334,
    "link": null,
    "finalLink": null
  },
  {
    "date": "1991-12-31",
    "symbol": "FAST",
    "reportedCurrency": "USD",
    "cik": "0000815556",
    "fillingDate": "1991-12-31",
    "acceptedDate": "1991-12-31 00:00:00",
    "calendarYear": "1991",
    "period": "FY",
    "revenue": 62300000,
    "costOfRevenue": 28100000,
    "grossProfit": 34200000,
    "grossProfitRatio": 0.5489566613,
    "researchAndDevelopmentExpenses": 0,
    "generalAndAdministrativeExpenses": 0,
    "sellingAndMarketingExpenses": 0,
    "sellingGeneralAndAdministrativeExpenses": 22700000,
    "otherExpenses": 1300000,
    "operatingExpenses": 24000000,
    "costAndExpenses": 52100000,
    "interestIncome": 0,
    "interestExpense": 0,
    "depreciationAndAmortization": 1300000,
    "ebitda": 11500000,
    "ebitdaratio": 0.1845906902,
    "operatingIncome": 10200000,
    "operatingIncomeRatio": 0.1637239165,
    "totalOtherIncomeExpensesNet": 500000,
    "incomeBeforeTax": 10700000,
    "incomeBeforeTaxRatio": 0.1717495987,
    "incomeTaxExpense": 4100000,
    "netIncome": 6600000,
    "netIncomeRatio": 0.1059390048,
    "eps": 0.00565,
    "epsdiluted": 0.00565,
    "weightedAverageShsOut": 1173333334,
    "weightedAverageShsOutDil": 1173333334,
    "link": null,
    "finalLink": null
  },
  {
    "date": "1990-12-31",
    "symbol": "FAST",
    "reportedCurrency": "USD",
    "cik": "0000815556",
    "fillingDate": "1990-12-31",
    "acceptedDate": "1990-12-31 00:00:00",
    "calendarYear": "1990",
    "period": "FY",
    "revenue": 52300000,
    "costOfRevenue": 23200000,
    "grossProfit": 29100000,
    "grossProfitRatio": 0.5564053537,
    "researchAndDevelopmentExpenses": 0,
    "generalAndAdministrativeExpenses": 0,
    "sellingAndMarketingExpenses": 0,
    "sellingGeneralAndAdministrativeExpenses": 18500000,
    "otherExpenses": 800000,
    "operatingExpenses": 19300000,
    "costAndExpenses": 42500000,
    "interestIncome": 0,
    "interestExpense": 0,
    "depreciationAndAmortization": 800000,
    "ebitda": 10600000,
    "ebitdaratio": 0.2026768642,
    "operatingIncome": 9800000,
    "operatingIncomeRatio": 0.1873804971,
    "totalOtherIncomeExpensesNet": 500000,
    "incomeBeforeTax": 10300000,
    "incomeBeforeTaxRatio": 0.1969407266,
    "incomeTaxExpense": 4000000,
    "netIncome": 6300000,
    "netIncomeRatio": 0.120458891,
    "eps": 0.0053,
    "epsdiluted": 0.0053,
    "weightedAverageShsOut": 1185882352,
    "weightedAverageShsOutDil": 1185882352,
    "link": null,
    "finalLink": null
  },
  {
    "date": "1989-12-31",
    "symbol": "FAST",
    "reportedCurrency": "USD",
    "cik": "0000815556",
    "fillingDate": "1989-12-31",
    "acceptedDate": "1989-12-31 00:00:00",
    "calendarYear": "1989",
    "period": "FY",
    "revenue": 41200000,
    "costOfRevenue": 18800000,
    "grossProfit": 22400000,
    "grossProfitRatio": 0.5436893204,
    "researchAndDevelopmentExpenses": 0,
    "generalAndAdministrativeExpenses": 0,
    "sellingAndMarketingExpenses": 0,
    "sellingGeneralAndAdministrativeExpenses": 15100000,
    "otherExpenses": 600000,
    "operatingExpenses": 15700000,
    "costAndExpenses": 34500000,
    "interestIncome": 0,
    "interestExpense": 0,
    "depreciationAndAmortization": 600000,
    "ebitda": 7300000,
    "ebitdaratio": 0.177184466,
    "operatingIncome": 6700000,
    "operatingIncomeRatio": 0.1626213592,
    "totalOtherIncomeExpensesNet": 300000,
    "incomeBeforeTax": 7000000,
    "incomeBeforeTaxRatio": 0.1699029126,
    "incomeTaxExpense": 2700000,
    "netIncome": 4300000,
    "netIncomeRatio": 0.104368932,
    "eps": 0.00375,
    "epsdiluted": 0.00375,
    "weightedAverageShsOut": 1146666666,
    "weightedAverageShsOutDil": 1146666666,
    "link": null,
    "finalLink": null
  },
  {
    "date": "1988-12-31",
    "symbol": "FAST",
    "reportedCurrency": "USD",
    "cik": "0000815556",
    "fillingDate": "1988-12-31",
    "acceptedDate": "1988-12-30 19:00:00",
    "calendarYear": "1988",
    "period": "FY",
    "revenue": 30400000,
    "costOfRevenue": 14000000,
    "grossProfit": 16400000,
    "grossProfitRatio": 0.5394736842,
    "researchAndDevelopmentExpenses": 0,
    "generalAndAdministrativeExpenses": 0,
    "sellingAndMarketingExpenses": 0,
    "sellingGeneralAndAdministrativeExpenses": 11100000,
    "otherExpenses": 400000,
    "operatingExpenses": 11500000,
    "costAndExpenses": 25500000,
    "interestIncome": 0,
    "interestExpense": 0,
    "depreciationAndAmortization": 400000,
    "ebitda": 5300000,
    "ebitdaratio": 0.1743421053,
    "operatingIncome": 4900000,
    "operatingIncomeRatio": 0.1611842105,
    "totalOtherIncomeExpensesNet": 300000,
    "incomeBeforeTax": 5200000,
    "incomeBeforeTaxRatio": 0.1710526316,
    "incomeTaxExpense": 2000000,
    "netIncome": 3200000,
    "netIncomeRatio": 0.1052631579,
    "eps": 0.0028,
    "epsdiluted": 0.0028,
    "weightedAverageShsOut": 1137777778,
    "weightedAverageShsOutDil": 1137777778,
    "link": "",
    "finalLink": ""
  },
  {
    "date": "1987-12-31",
    "symbol": "FAST",
    "reportedCurrency": "USD",
    "cik": "0000815556",
    "fillingDate": "1987-12-31",
    "acceptedDate": "1987-12-30 19:00:00",
    "calendarYear": "1987",
    "period": "FY",
    "revenue": 20300000,
    "costOfRevenue": 9200000,
    "grossProfit": 11100000,
    "grossProfitRatio": 0.5467980296,
    "researchAndDevelopmentExpenses": 0,
    "generalAndAdministrativeExpenses": 0,
    "sellingAndMarketingExpenses": 0,
    "sellingGeneralAndAdministrativeExpenses": 7700000,
    "otherExpenses": 200000,
    "operatingExpenses": 7900000,
    "costAndExpenses": 17100000,
    "interestIncome": 0,
    "interestExpense": 0,
    "depreciationAndAmortization": 200000,
    "ebitda": 3400000,
    "ebitdaratio": 0.1674876847,
    "operatingIncome": 3200000,
    "operatingIncomeRatio": 0.157635468,
    "totalOtherIncomeExpensesNet": -100000,
    "incomeBeforeTax": 3100000,
    "incomeBeforeTaxRatio": 0.1527093596,
    "incomeTaxExpense": 1400000,
    "netIncome": 1700000,
    "netIncomeRatio": 0.0837438424,
    "eps": 0.0019,
    "epsdiluted": 0.0019,
    "weightedAverageShsOut": 906666666,
    "weightedAverageShsOutDil": 906666666,
    "link": "",
    "finalLink": ""
  }
]