[
  {
    "date": "2025-06-30",
    "symbol": "FCX",
    "reportedCurrency": "USD",
    "cik": "0000831259",
    "fillingDate": "2025-08-08",
    "acceptedDate": "2025-08-08 14:29:34",
    "calendarYear": "2025",
    "period": "Q2",
    "revenue": 7582000000,
    "costOfRevenue": 4996000000,
    "grossProfit": 2586000000,
    "grossProfitRatio": 0.3410709575,
    "researchAndDevelopmentExpenses": 0,
    "generalAndAdministrativeExpenses": 0,
    "sellingAndMarketingExpenses": 0,
    "sellingGeneralAndAdministrativeExpenses": 127000000,
    "otherExpenses": 27000000,
    "operatingExpenses": 154000000,
    "costAndExpenses": 5150000000,
    "interestIncome": 0,
    "interestExpense": 82000000,
    "depreciationAndAmortization": 668000000,
    "ebitda": 3141000000,
    "ebitdaratio": 0.414270641,
    "operatingIncome": 2432000000,
    "operatingIncomeRatio": 0.320759694,
    "totalOtherIncomeExpensesNet": -35000000,
    "incomeBeforeTax": 2397000000,
    "incomeBeforeTaxRatio": 0.3161434978,
    "incomeTaxExpense": 850000000,
    "netIncome": 772000000,
    "netIncomeRatio": 0.1018201002,
    "eps": 0.53,
    "epsdiluted": 0.54,
    "weightedAverageShsOut": 1444000000,
    "weightedAverageShsOutDil": 1444000000,
    "link": "https://www.sec.gov/Archives/edgar/data/831259/000083125925000031/0000831259-25-000031-index.htm",
    "finalLink": "https://www.sec.gov/Archives/edgar/data/831259/000083125925000031/fcx-20250630.htm"
  },
  {
    "date": "2025-03-31",
    "symbol": "FCX",
    "reportedCurrency": "USD",
    "cik": "0000831259",
    "fillingDate": "2025-05-08",
    "acceptedDate": "2025-05-08 16:52:41",
    "calendarYear": "2025",
    "period": "Q1",
    "revenue": 5554000000,
    "costOfRevenue": 4299000000,
    "grossProfit": 1255000000,
    "grossProfitRatio": 0.2259632697,
    "researchAndDevelopmentExpenses": 0,
    "generalAndAdministrativeExpenses": 0,
    "sellingAndMarketingExpenses": 0,
    "sellingGeneralAndAdministrativeExpenses": 154000000,
    "otherExpenses": 10000000,
    "operatingExpenses": 164000000,
    "costAndExpenses": 4463000000,
    "interestIncome": 0,
    "interestExpense": 70000000,
    "depreciationAndAmortization": 466000000,
    "ebitda": 1827000000,
    "ebitdaratio": 0.3289521066,
    "operatingIncome": 1091000000,
    "operatingIncomeRatio": 0.1964350018,
    "totalOtherIncomeExpensesNet": 202000000,
    "incomeBeforeTax": 1293000000,
    "incomeBeforeTaxRatio": 0.2328051855,
    "incomeTaxExpense": 500000000,
    "netIncome": 346000000,
    "netIncomeRatio": 0.0622974433,
    "eps": 0.2406,
    "epsdiluted": 0.2396,
    "weightedAverageShsOut": 1444000000,
    "weightedAverageShsOutDil": 1444000000,
    "link": "https://www.sec.gov/Archives/edgar/data/831259/000083125925000018/0000831259-25-000018-index.htm",
    "finalLink": "https://www.sec.gov/Archives/edgar/data/831259/000083125925000018/fcx-20250331.htm"
  },
  {
    "date": "2024-12-31",
    "symbol": "FCX",
    "reportedCurrency": "USD",
    "cik": "0000831259",
    "fillingDate": "2025-02-14",
    "acceptedDate": "2025-02-14 17:00:48",
    "calendarYear": "2024",
    "period": "Q4",
    "revenue": 5880000000,
    "costOfRevenue": 4382000000,
    "grossProfit": 1498000000,
    "grossProfitRatio": 0.2547619048,
    "researchAndDevelopmentExpenses": 0,
    "generalAndAdministrativeExpenses": 0,
    "sellingAndMarketingExpenses": 0,
    "sellingGeneralAndAdministrativeExpenses": 129000000,
    "otherExpenses": 12000000,
    "operatingExpenses": 141000000,
    "costAndExpenses": 4523000000,
    "interestIncome": 0,
    "interestExpense": 70000000,
    "depreciationAndAmortization": 537000000,
    "ebitda": 1847000000,
    "ebitdaratio": 0.3141156463,
    "operatingIncome": 1357000000,
    "operatingIncomeRatio": 0.2307823129,
    "totalOtherIncomeExpensesNet": -116000000,
    "incomeBeforeTax": 1241000000,
    "incomeBeforeTaxRatio": 0.2110544218,
    "incomeTaxExpense": 520000000,
    "netIncome": 274000000,
    "netIncomeRatio": 0.0465986395,
    "eps": 0.1907,
    "epsdiluted": 0.1896,
    "weightedAverageShsOut": 1437000000,
    "weightedAverageShsOutDil": 1445000000,
    "link": "https://www.sec.gov/Archives/edgar/data/831259/000083125925000006/0000831259-25-000006-index.htm",
    "finalLink": "https://www.sec.gov/Archives/edgar/data/831259/000083125925000006/fcx-20241231.htm"
  },
  {
    "date": "2024-09-30",
    "symbol": "FCX",
    "reportedCurrency": "USD",
    "cik": "0000831259",
    "fillingDate": "2024-11-08",
    "acceptedDate": "2024-11-08 16:04:34",
    "calendarYear": "2024",
    "period": "Q3",
    "revenue": 6680000000,
    "costOfRevenue": 4696000000,
    "grossProfit": 1984000000,
    "grossProfitRatio": 0.297005988,
    "researchAndDevelopmentExpenses": 0,
    "generalAndAdministrativeExpenses": 0,
    "sellingAndMarketingExpenses": 0,
    "sellingGeneralAndAdministrativeExpenses": 117000000,
    "otherExpenses": 20000000,
    "operatingExpenses": 137000000,
    "costAndExpenses": 4833000000,
    "interestIncome": 0,
    "interestExpense": 72000000,
    "depreciationAndAmortization": 600000000,
    "ebitda": 2635000000,
    "ebitdaratio": 0.3944610778,
    "operatingIncome": 1847000000,
    "operatingIncomeRatio": 0.276497006,
    "totalOtherIncomeExpensesNet": 126000000,
    "incomeBeforeTax": 1973000000,
    "incomeBeforeTaxRatio": 0.2953592814,
    "incomeTaxExpense": 737000000,
    "netIncome": 520000000,
    "netIncomeRatio": 0.0778443114,
    "eps": 0.3616,
    "epsdiluted": 0.3601,
    "weightedAverageShsOut": 1444000000,
    "weightedAverageShsOutDil": 1444000000,
    "link": "https://www.sec.gov/Archives/edgar/data/831259/000083125924000039/0000831259-24-000039-index.htm",
    "finalLink": "https://www.sec.gov/Archives/edgar/data/831259/000083125924000039/fcx-20240930.htm"
  },
  {
    "date": "2024-06-30",
    "symbol": "FCX",
    "reportedCurrency": "USD",
    "cik": "0000831259",
    "fillingDate": "2024-08-07",
    "acceptedDate": "2024-08-07 15:57:20",
    "calendarYear": "2024",
    "period": "Q2",
    "revenue": 6370000000,
    "costOfRevenue": 4407000000,
    "grossProfit": 1963000000,
    "grossProfitRatio": 0.3081632653,
    "researchAndDevelopmentExpenses": 0,
    "generalAndAdministrativeExpenses": 0,
    "sellingAndMarketingExpenses": 0,
    "sellingGeneralAndAdministrativeExpenses": 123000000,
    "otherExpenses": 28000000,
    "operatingExpenses": 151000000,
    "costAndExpenses": 4558000000,
    "interestIncome": 0,
    "interestExpense": 88000000,
    "depreciationAndAmortization": 509000000,
    "ebitda": 2627000000,
    "ebitdaratio": 0.4124018838,
    "operatingIncome": 1812000000,
    "operatingIncomeRatio": 0.2844583987,
    "totalOtherIncomeExpensesNet": 222000000,
    "incomeBeforeTax": 2034000000,
    "incomeBeforeTaxRatio": 0.3193092622,
    "incomeTaxExpense": 754000000,
    "netIncome": 610000000,
    "netIncomeRatio": 0.0957613815,
    "eps": 0.4242,
    "epsdiluted": 0.4222,
    "weightedAverageShsOut": 1436000000,
    "weightedAverageShsOutDil": 1445000000,
    "link": "https://www.sec.gov/Archives/edgar/data/831259/000083125924000031/0000831259-24-000031-index.htm",
    "finalLink": "https://www.sec.gov/Archives/edgar/data/831259/000083125924000031/fcx-20240630.htm"
  },
  {
    "date": "2024-03-31",
    "symbol": "FCX",
    "reportedCurrency": "USD",
    "cik": "0000831259",
    "fillingDate": "2024-05-08",
    "acceptedDate": "2024-05-08 16:39:31",
    "calendarYear": "2024",
    "period": "Q1",
    "revenue": 6210000000,
    "costOfRevenue": 4467000000,
    "grossProfit": 1743000000,
    "grossProfitRatio": 0.2806763285,
    "researchAndDevelopmentExpenses": 0,
    "generalAndAdministrativeExpenses": 0,
    "sellingAndMarketingExpenses": 0,
    "sellingGeneralAndAdministrativeExpenses": 144000000,
    "otherExpenses": 67000000,
    "operatingExpenses": 211000000,
    "costAndExpenses": 4678000000,
    "interestIncome": 0,
    "interestExpense": 89000000,
    "depreciationAndAmortization": 595000000,
    "ebitda": 2358000000,
    "ebitdaratio": 0.3797101449,
    "operatingIncome": 1532000000,
    "operatingIncomeRatio": 0.2466988728,
    "totalOtherIncomeExpensesNet": 142000000,
    "incomeBeforeTax": 1674000000,
    "incomeBeforeTaxRatio": 0.2695652174,
    "incomeTaxExpense": 512000000,
    "netIncome": 468000000,
    "netIncomeRatio": 0.0753623188,
    "eps": 0.3259,
    "epsdiluted": 0.3241,
    "weightedAverageShsOut": 1436000000,
    "weightedAverageShsOutDil": 1444000000,
    "link": "https://www.sec.gov/Archives/edgar/data/831259/000083125924000019/0000831259-24-000019-index.htm",
    "finalLink": "https://www.sec.gov/Archives/edgar/data/831259/000083125924000019/fcx-20240331.htm"
  },
  {
    "date": "2023-12-31",
    "symbol": "FCX",
    "reportedCurrency": "USD",
    "cik": "0000831259",
    "fillingDate": "2024-02-16",
    "acceptedDate": "2024-02-15 18:00:31",
    "calendarYear": "2023",
    "period": "Q4",
    "revenue": 5799000000,
    "costOfRevenue": 3980000000,
    "grossProfit": 1819000000,
    "grossProfitRatio": 0.3136747715,
    "researchAndDevelopmentExpenses": 0,
    "generalAndAdministrativeExpenses": 0,
    "sellingAndMarketingExpenses": 0,
    "sellingGeneralAndAdministrativeExpenses": 120000000,
    "otherExpenses": 80000000,
    "operatingExpenses": 200000000,
    "costAndExpenses": 4180000000,
    "interestIncome": 0,
    "interestExpense": 97000000,
    "depreciationAndAmortization": 589000000,
    "ebitda": 2414000000,
    "ebitdaratio": 0.4162786687,
    "operatingIncome": 1619000000,
    "operatingIncomeRatio": 0.2791860666,
    "totalOtherIncomeExpensesNet": 112000000,
    "incomeBeforeTax": 1731000000,
    "incomeBeforeTaxRatio": 0.2984997413,
    "incomeTaxExpense": 724000000,
    "netIncome": 387000000,
    "netIncomeRatio": 0.0667356441,
    "eps": 0.2699,
    "epsdiluted": 0.268,
    "weightedAverageShsOut": 1434000000,
    "weightedAverageShsOutDil": 1444000000,
    "link": "https://www.sec.gov/Archives/edgar/data/831259/000083125924000011/0000831259-24-000011-index.htm",
    "finalLink": "https://www.sec.gov/Archives/edgar/data/831259/000083125924000011/fcx-20231231.htm"
  },
  {
    "date": "2023-09-30",
    "symbol": "FCX",
    "reportedCurrency": "USD",
    "cik": "0000831259",
    "fillingDate": "2023-11-03",
    "acceptedDate": "2023-11-03 14:46:56",
    "calendarYear": "2023",
    "period": "Q3",
    "revenue": 5868000000,
    "costOfRevenue": 4115000000,
    "grossProfit": 1753000000,
    "grossProfitRatio": 0.298738923,
    "researchAndDevelopmentExpenses": 0,
    "generalAndAdministrativeExpenses": 0,
    "sellingAndMarketingExpenses": 0,
    "sellingGeneralAndAdministrativeExpenses": 118000000,
    "otherExpenses": 98000000,
    "operatingExpenses": 216000000,
    "costAndExpenses": 4331000000,
    "interestIncome": 0,
    "interestExpense": 96000000,
    "depreciationAndAmortization": 533000000,
    "ebitda": 2101000000,
    "ebitdaratio": 0.3580436264,
    "operatingIncome": 1537000000,
    "operatingIncomeRatio": 0.261929107,
    "totalOtherIncomeExpensesNet": -65000000,
    "incomeBeforeTax": 1472000000,
    "incomeBeforeTaxRatio": 0.2508520791,
    "incomeTaxExpense": 508000000,
    "netIncome": 449000000,
    "netIncomeRatio": 0.0765167007,
    "eps": 0.3129,
    "epsdiluted": 0.3112,
    "weightedAverageShsOut": 1435000000,
    "weightedAverageShsOutDil": 1443000000,
    "link": "https://www.sec.gov/Archives/edgar/data/831259/000083125923000037/0000831259-23-000037-index.htm",
    "finalLink": "https://www.sec.gov/Archives/edgar/data/831259/000083125923000037/fcx-20230930.htm"
  },
  {
    "date": "2023-06-30",
    "symbol": "FCX",
    "reportedCurrency": "USD",
    "cik": "0000831259",
    "fillingDate": "2023-08-03",
    "acceptedDate": "2023-08-03 16:35:55",
    "calendarYear": "2023",
    "period": "Q2",
    "revenue": 5932000000,
    "costOfRevenue": 4139000000,
    "grossProfit": 1793000000,
    "grossProfitRatio": 0.3022589346,
    "researchAndDevelopmentExpenses": 0,
    "generalAndAdministrativeExpenses": 0,
    "sellingAndMarketingExpenses": 0,
    "sellingGeneralAndAdministrativeExpenses": 115000000,
    "otherExpenses": 74000000,
    "operatingExpenses": 189000000,
    "costAndExpenses": 4328000000,
    "interestIncome": 0,
    "interestExpense": 171000000,
    "depreciationAndAmortization": 547000000,
    "ebitda": 1986000000,
    "ebitdaratio": 0.3347943358,
    "operatingIncome": 1604000000,
    "operatingIncomeRatio": 0.2703978422,
    "totalOtherIncomeExpensesNet": -334000000,
    "incomeBeforeTax": 1270000000,
    "incomeBeforeTaxRatio": 0.2140930546,
    "incomeTaxExpense": 539000000,
    "netIncome": 338000000,
    "netIncomeRatio": 0.0569790964,
    "eps": 0.2357,
    "epsdiluted": 0.2344,
    "weightedAverageShsOut": 1434000000,
    "weightedAverageShsOutDil": 1442000000,
    "link": "https://www.sec.gov/Archives/edgar/data/831259/000083125923000032/0000831259-23-000032-index.htm",
    "finalLink": "https://www.sec.gov/Archives/edgar/data/831259/000083125923000032/fcx-20230630.htm"
  },
  {
    "date": "2023-03-31",
    "symbol": "FCX",
    "reportedCurrency": "USD",
    "cik": "0000831259",
    "fillingDate": "2023-05-04",
    "acceptedDate": "2023-05-04 17:20:34",
    "calendarYear": "2023",
    "period": "Q1",
    "revenue": 5108000000,
    "costOfRevenue": 3593000000,
    "grossProfit": 1515000000,
    "grossProfitRatio": 0.2965935787,
    "researchAndDevelopmentExpenses": 0,
    "generalAndAdministrativeExpenses": 0,
    "sellingAndMarketingExpenses": 0,
    "sellingGeneralAndAdministrativeExpenses": 126000000,
    "otherExpenses": 67000000,
    "operatingExpenses": 193000000,
    "costAndExpenses": 3786000000,
    "interestIncome": 0,
    "interestExpense": 151000000,
    "depreciationAndAmortization": 399000000,
    "ebitda": 2088000000,
    "ebitdaratio": 0.408770556,
    "operatingIncome": 1322000000,
    "operatingIncomeRatio": 0.2588097103,
    "totalOtherIncomeExpensesNet": 226000000,
    "incomeBeforeTax": 1548000000,
    "incomeBeforeTaxRatio": 0.3030540329,
    "incomeTaxExpense": 499000000,
    "netIncome": 658000000,
    "netIncomeRatio": 0.1288175411,
    "eps": 0.4592,
    "epsdiluted": 0.456,
    "weightedAverageShsOut": 1433000000,
    "weightedAverageShsOutDil": 1443000000,
    "link": "https://www.sec.gov/Archives/edgar/data/831259/000083125923000023/0000831259-23-000023-index.htm",
    "finalLink": "https://www.sec.gov/Archives/edgar/data/831259/000083125923000023/fcx-20230331.htm"
  },
  {
    "date": "2022-12-31",
    "symbol": "FCX",
    "reportedCurrency": "USD",
    "cik": "0000831259",
    "fillingDate": "2023-02-15",
    "acceptedDate": "2023-02-15 17:00:47",
    "calendarYear": "2022",
    "period": "Q4",
    "revenue": 5445000000,
    "costOfRevenue": 4057000000,
    "grossProfit": 1388000000,
    "grossProfitRatio": 0.254912764,
    "researchAndDevelopmentExpenses": 0,
    "generalAndAdministrativeExpenses": 0,
    "sellingAndMarketingExpenses": 0,
    "sellingGeneralAndAdministrativeExpenses": 107000000,
    "otherExpenses": 70000000,
    "operatingExpenses": 177000000,
    "costAndExpenses": 4234000000,
    "interestIncome": 0,
    "interestExpense": 137000000,
    "depreciationAndAmortization": 515000000,
    "ebitda": 2188000000,
    "ebitdaratio": 0.4018365473,
    "operatingIncome": 1211000000,
    "operatingIncomeRatio": 0.222405877,
    "totalOtherIncomeExpensesNet": 323000000,
    "incomeBeforeTax": 1534000000,
    "incomeBeforeTaxRatio": 0.2817263545,
    "incomeTaxExpense": 557000000,
    "netIncome": 696000000,
    "netIncomeRatio": 0.1278236915,
    "eps": 0.4867,
    "epsdiluted": 0.4833,
    "weightedAverageShsOut": 1430000000,
    "weightedAverageShsOutDil": 1440000000,
    "link": "https://www.sec.gov/Archives/edgar/data/831259/000083125923000013/0000831259-23-000013-index.htm",
    "finalLink": "https://www.sec.gov/Archives/edgar/data/831259/000083125923000013/fcx-20221231.htm"
  },
  {
    "date": "2022-09-30",
    "symbol": "FCX",
    "reportedCurrency": "USD",
    "cik": "0000831259",
    "fillingDate": "2022-11-04",
    "acceptedDate": "2022-11-04 15:13:35",
    "calendarYear": "2022",
    "period": "Q3",
    "revenue": 5359000000,
    "costOfRevenue": 3942000000,
    "grossProfit": 1417000000,
    "grossProfitRatio": 0.2644150028,
    "researchAndDevelopmentExpenses": 0,
    "generalAndAdministrativeExpenses": 0,
    "sellingAndMarketingExpenses": 0,
    "sellingGeneralAndAdministrativeExpenses": 98000000,
    "otherExpenses": 6000000,
    "operatingExpenses": 104000000,
    "costAndExpenses": 4046000000,
    "interestIncome": 0,
    "interestExpense": 140000000,
    "depreciationAndAmortization": 508000000,
    "ebitda": 1515000000,
    "ebitdaratio": 0.2827019966,
    "operatingIncome": 1313000000,
    "operatingIncomeRatio": 0.2450083971,
    "totalOtherIncomeExpensesNet": -438000000,
    "incomeBeforeTax": 875000000,
    "incomeBeforeTaxRatio": 0.1632767307,
    "incomeTaxExpense": 315000000,
    "netIncome": 399000000,
    "netIncomeRatio": 0.0744541892,
    "eps": 0.2788,
    "epsdiluted": 0.2773,
    "weightedAverageShsOut": 1431000000,
    "weightedAverageShsOutDil": 1439000000,
    "link": "https://www.sec.gov/Archives/edgar/data/831259/000083125922000049/0000831259-22-000049-index.htm",
    "finalLink": "https://www.sec.gov/Archives/edgar/data/831259/000083125922000049/fcx-20220930.htm"
  },
  {
    "date": "2022-06-30",
    "symbol": "FCX",
    "reportedCurrency": "USD",
    "cik": "0000831259",
    "fillingDate": "2022-08-05",
    "acceptedDate": "2022-08-05 15:11:09",
    "calendarYear": "2022",
    "period": "Q2",
    "revenue": 6181000000,
    "costOfRevenue": 3575000000,
    "grossProfit": 2606000000,
    "grossProfitRatio": 0.4216146255,
    "researchAndDevelopmentExpenses": 0,
    "generalAndAdministrativeExpenses": 0,
    "sellingAndMarketingExpenses": 0,
    "sellingGeneralAndAdministrativeExpenses": 100000000,
    "otherExpenses": 29000000,
    "operatingExpenses": 129000000,
    "costAndExpenses": 3704000000,
    "interestIncome": 0,
    "interestExpense": 156000000,
    "depreciationAndAmortization": 507000000,
    "ebitda": 2262000000,
    "ebitdaratio": 0.3659602006,
    "operatingIncome": 2477000000,
    "operatingIncomeRatio": 0.4007442161,
    "totalOtherIncomeExpensesNet": -868000000,
    "incomeBeforeTax": 1609000000,
    "incomeBeforeTaxRatio": 0.2603138651,
    "incomeTaxExpense": 571000000,
    "netIncome": 836000000,
    "netIncomeRatio": 0.1352531953,
    "eps": 0.5778,
    "epsdiluted": 0.5765,
    "weightedAverageShsOut": 1447000000,
    "weightedAverageShsOutDil": 1457000000,
    "link": "https://www.sec.gov/Archives/edgar/data/831259/000083125922000043/0000831259-22-000043-index.htm",
    "finalLink": "https://www.sec.gov/Archives/edgar/data/831259/000083125922000043/fcx-20220630.htm"
  },
  {
    "date": "2022-03-31",
    "symbol": "FCX",
    "reportedCurrency": "USD",
    "cik": "0000831259",
    "fillingDate": "2022-05-05",
    "acceptedDate": "2022-05-05 16:37:43",
    "calendarYear": "2022",
    "period": "Q1",
    "revenue": 6367000000,
    "costOfRevenue": 3624000000,
    "grossProfit": 2743000000,
    "grossProfitRatio": 0.4308151406,
    "researchAndDevelopmentExpenses": 0,
    "generalAndAdministrativeExpenses": 0,
    "sellingAndMarketingExpenses": 0,
    "sellingGeneralAndAdministrativeExpenses": 115000000,
    "otherExpenses": 16000000,
    "operatingExpenses": 131000000,
    "costAndExpenses": 3755000000,
    "interestIncome": 0,
    "interestExpense": 127000000,
    "depreciationAndAmortization": 489000000,
    "ebitda": 3329000000,
    "ebitdaratio": 0.5228522067,
    "operatingIncome": 2612000000,
    "operatingIncomeRatio": 0.4102403016,
    "totalOtherIncomeExpensesNet": 116000000,
    "incomeBeforeTax": 2728000000,
    "incomeBeforeTaxRatio": 0.428459243,
    "incomeTaxExpense": 824000000,
    "netIncome": 1522000000,
    "netIncomeRatio": 0.2390450762,
    "eps": 1.046,
    "epsdiluted": 1.0361,
    "weightedAverageShsOut": 1455000000,
    "weightedAverageShsOutDil": 1469000000,
    "link": "https://www.sec.gov/Archives/edgar/data/831259/000083125922000028/0000831259-22-000028-index.htm",
    "finalLink": "https://www.sec.gov/Archives/edgar/data/831259/000083125922000028/fcx-20220331.htm"
  },
  {
    "date": "2021-12-31",
    "symbol": "FCX",
    "reportedCurrency": "USD",
    "cik": "0000831259",
    "fillingDate": "2022-02-18",
    "acceptedDate": "2022-02-18 16:06:34",
    "calendarYear": "2021",
    "period": "Q4",
    "revenue": 5934000000,
    "costOfRevenue": 3739000000,
    "grossProfit": 2195000000,
    "grossProfitRatio": 0.3699022582,
    "researchAndDevelopmentExpenses": 0,
    "generalAndAdministrativeExpenses": 0,
    "sellingAndMarketingExpenses": 0,
    "sellingGeneralAndAdministrativeExpenses": 94000000,
    "otherExpenses": 40000000,
    "operatingExpenses": 134000000,
    "costAndExpenses": 3873000000,
    "interestIncome": 0,
    "interestExpense": 171000000,
    "depreciationAndAmortization": 568000000,
    "ebitda": 2712000000,
    "ebitdaratio": 0.4570273003,
    "operatingIncome": 2061000000,
    "operatingIncomeRatio": 0.3473205258,
    "totalOtherIncomeExpensesNet": -78000000,
    "incomeBeforeTax": 1983000000,
    "incomeBeforeTaxRatio": 0.3341759353,
    "incomeTaxExpense": 625000000,
    "netIncome": 1105000000,
    "netIncomeRatio": 0.186215032,
    "eps": 0.7538,
    "epsdiluted": 0.7463,
    "weightedAverageShsOut": 1457000000,
    "weightedAverageShsOutDil": 1482000000,
    "link": "https://www.sec.gov/Archives/edgar/data/831259/000083125922000012/0000831259-22-000012-index.htm",
    "finalLink": "https://www.sec.gov/Archives/edgar/data/831259/000083125922000012/fcx-20211231.htm"
  },
  {
    "date": "2021-09-30",
    "symbol": "FCX",
    "reportedCurrency": "USD",
    "cik": "0000831259",
    "fillingDate": "2021-11-05",
    "acceptedDate": "2021-11-04 20:46:30",
    "calendarYear": "2021",
    "period": "Q3",
    "revenue": 6189000000,
    "costOfRevenue": 3567000000,
    "grossProfit": 2622000000,
    "grossProfitRatio": 0.4236548715,
    "researchAndDevelopmentExpenses": 0,
    "generalAndAdministrativeExpenses": 0,
    "sellingAndMarketingExpenses": 0,
    "sellingGeneralAndAdministrativeExpenses": 102000000,
    "otherExpenses": 13000000,
    "operatingExpenses": 115000000,
    "costAndExpenses": 3682000000,
    "interestIncome": 0,
    "interestExpense": 138000000,
    "depreciationAndAmortization": 528000000,
    "ebitda": 3026000000,
    "ebitdaratio": 0.4889319761,
    "operatingIncome": 2507000000,
    "operatingIncomeRatio": 0.4050735175,
    "totalOtherIncomeExpensesNet": -156000000,
    "incomeBeforeTax": 2351000000,
    "incomeBeforeTaxRatio": 0.3798675069,
    "incomeTaxExpense": 628000000,
    "netIncome": 1395000000,
    "netIncomeRatio": 0.2253999031,
    "eps": 0.9496,
    "epsdiluted": 0.94,
    "weightedAverageShsOut": 1468000000,
    "weightedAverageShsOutDil": 1484000000,
    "link": "https://www.sec.gov/Archives/edgar/data/831259/000083125921000038/0000831259-21-000038-index.htm",
    "finalLink": "https://www.sec.gov/Archives/edgar/data/831259/000083125921000038/fcx-20210930.htm"
  },
  {
    "date": "2021-06-30",
    "symbol": "FCX",
    "reportedCurrency": "USD",
    "cik": "0000831259",
    "fillingDate": "2021-08-05",
    "acceptedDate": "2021-08-05 14:22:32",
    "calendarYear": "2021",
    "period": "Q2",
    "revenue": 5587000000,
    "costOfRevenue": 3542000000,
    "grossProfit": 2045000000,
    "grossProfitRatio": 0.3660282799,
    "researchAndDevelopmentExpenses": 0,
    "generalAndAdministrativeExpenses": 0,
    "sellingAndMarketingExpenses": 0,
    "sellingGeneralAndAdministrativeExpenses": 87000000,
    "otherExpenses": 33000000,
    "operatingExpenses": 120000000,
    "costAndExpenses": 3662000000,
    "interestIncome": 0,
    "interestExpense": 144000000,
    "depreciationAndAmortization": 483000000,
    "ebitda": 2555000000,
    "ebitdaratio": 0.4573116163,
    "operatingIncome": 1925000000,
    "operatingIncomeRatio": 0.3445498479,
    "totalOtherIncomeExpensesNet": 9000000,
    "incomeBeforeTax": 1934000000,
    "incomeBeforeTaxRatio": 0.3461607303,
    "incomeTaxExpense": 603000000,
    "netIncome": 1079000000,
    "netIncomeRatio": 0.1931269017,
    "eps": 0.7355,
    "epsdiluted": 0.7276,
    "weightedAverageShsOut": 1468000000,
    "weightedAverageShsOutDil": 1483000000,
    "link": "https://www.sec.gov/Archives/edgar/data/831259/000083125921000029/0000831259-21-000029-index.htm",
    "finalLink": "https://www.sec.gov/Archives/edgar/data/831259/000083125921000029/fcx-20210630.htm"
  },
  {
    "date": "2021-03-31",
    "symbol": "FCX",
    "reportedCurrency": "USD",
    "cik": "0000831259",
    "fillingDate": "2021-05-05",
    "acceptedDate": "2021-05-05 15:39:09",
    "calendarYear": "2021",
    "period": "Q1",
    "revenue": 4647000000,
    "costOfRevenue": 3192000000,
    "grossProfit": 1455000000,
    "grossProfitRatio": 0.3131052292,
    "researchAndDevelopmentExpenses": 0,
    "generalAndAdministrativeExpenses": 0,
    "sellingAndMarketingExpenses": 0,
    "sellingGeneralAndAdministrativeExpenses": 100000000,
    "otherExpenses": 5000000,
    "operatingExpenses": 105000000,
    "costAndExpenses": 3297000000,
    "interestIncome": 0,
    "interestExpense": 141000000,
    "depreciationAndAmortization": 419000000,
    "ebitda": 1958000000,
    "ebitdaratio": 0.4213471057,
    "operatingIncome": 1350000000,
    "operatingIncomeRatio": 0.2905100065,
    "totalOtherIncomeExpensesNet": 46000000,
    "incomeBeforeTax": 1396000000,
    "incomeBeforeTaxRatio": 0.3004088659,
    "incomeTaxExpense": 443000000,
    "netIncome": 714000000,
    "netIncomeRatio": 0.1536475145,
    "eps": 0.4884,
    "epsdiluted": 0.4834,
    "weightedAverageShsOut": 1464000000,
    "weightedAverageShsOutDil": 1477000000,
    "link": "https://www.sec.gov/Archives/edgar/data/831259/000083125921000017/0000831259-21-000017-index.htm",
    "finalLink": "https://www.sec.gov/Archives/edgar/data/831259/000083125921000017/fcx-20210331.htm"
  },
  {
    "date": "2020-12-31",
    "symbol": "FCX",
    "reportedCurrency": "USD",
    "cik": "0000831259",
    "fillingDate": "2021-02-16",
    "acceptedDate": "2021-02-16 15:38:33",
    "calendarYear": "2020",
    "period": "Q4",
    "revenue": 4225000000,
    "costOfRevenue": 3065000000,
    "grossProfit": 1160000000,
    "grossProfitRatio": 0.274556213,
    "researchAndDevelopmentExpenses": 0,
    "generalAndAdministrativeExpenses": 0,
    "sellingAndMarketingExpenses": 0,
    "sellingGeneralAndAdministrativeExpenses": 97000000,
    "otherExpenses": 101000000,
    "operatingExpenses": 198000000,
    "costAndExpenses": 3263000000,
    "interestIncome": 0,
    "interestExpense": 236000000,
    "depreciationAndAmortization": 435000000,
    "ebitda": 2140000000,
    "ebitdaratio": 0.5065088757,
    "operatingIncome": 962000000,
    "operatingIncomeRatio": 0.2276923077,
    "totalOtherIncomeExpensesNet": 507000000,
    "incomeBeforeTax": 1469000000,
    "incomeBeforeTaxRatio": 0.3476923077,
    "incomeTaxExpense": 611000000,
    "netIncome": 708000000,
    "netIncomeRatio": 0.1675739645,
    "eps": 0.49,
    "epsdiluted": 0.482,
    "weightedAverageShsOut": 1458000000,
    "weightedAverageShsOutDil": 1469000000,
    "link": "https://www.sec.gov/Archives/edgar/data/831259/000083125921000009/0000831259-21-000009-index.htm",
    "finalLink": "https://www.sec.gov/Archives/edgar/data/831259/000083125921000009/fcx-20201231.htm"
  },
  {
    "date": "2020-09-30",
    "symbol": "FCX",
    "reportedCurrency": "USD",
    "cik": "0000831259",
    "fillingDate": "2020-11-06",
    "acceptedDate": "2020-11-06 11:29:55",
    "calendarYear": "2020",
    "period": "Q3",
    "revenue": 3727000000,
    "costOfRevenue": 2836000000,
    "grossProfit": 891000000,
    "grossProfitRatio": 0.2390662731,
    "researchAndDevelopmentExpenses": 0,
    "generalAndAdministrativeExpenses": 0,
    "sellingAndMarketingExpenses": 0,
    "sellingGeneralAndAdministrativeExpenses": 72000000,
    "otherExpenses": 21000000,
    "operatingExpenses": 93000000,
    "costAndExpenses": 2929000000,
    "interestIncome": 0,
    "interestExpense": 120000000,
    "depreciationAndAmortization": 394000000,
    "ebitda": 1237000000,
    "ebitdaratio": 0.3319023343,
    "operatingIncome": 798000000,
    "operatingIncomeRatio": 0.2141132278,
    "totalOtherIncomeExpensesNet": -69000000,
    "incomeBeforeTax": 729000000,
    "incomeBeforeTaxRatio": 0.195599678,
    "incomeTaxExpense": 297000000,
    "netIncome": 326000000,
    "netIncomeRatio": 0.0874698149,
    "eps": 0.2244,
    "epsdiluted": 0.2231,
    "weightedAverageShsOut": 1453000000,
    "weightedAverageShsOutDil": 1461000000,
    "link": "https://www.sec.gov/Archives/edgar/data/831259/000083125920000040/0000831259-20-000040-index.htm",
    "finalLink": "https://www.sec.gov/Archives/edgar/data/831259/000083125920000040/fcx-20200930.htm"
  },
  {
    "date": "2020-06-30",
    "symbol": "FCX",
    "reportedCurrency": "USD",
    "cik": "0000831259",
    "fillingDate": "2020-08-07",
    "acceptedDate": "2020-08-07 15:01:48",
    "calendarYear": "2020",
    "period": "Q2",
    "revenue": 2883000000,
    "costOfRevenue": 2446000000,
    "grossProfit": 437000000,
    "grossProfitRatio": 0.1515782171,
    "researchAndDevelopmentExpenses": 0,
    "generalAndAdministrativeExpenses": 0,
    "sellingAndMarketingExpenses": 0,
    "sellingGeneralAndAdministrativeExpenses": 76000000,
    "otherExpenses": 11000000,
    "operatingExpenses": 87000000,
    "costAndExpenses": 2533000000,
    "interestIncome": 0,
    "interestExpense": 115000000,
    "depreciationAndAmortization": 337000000,
    "ebitda": 669000000,
    "ebitdaratio": 0.232049948,
    "operatingIncome": 350000000,
    "operatingIncomeRatio": 0.1214013181,
    "totalOtherIncomeExpensesNet": -130000000,
    "incomeBeforeTax": 220000000,
    "incomeBeforeTaxRatio": 0.0763093999,
    "incomeTaxExpense": 96000000,
    "netIncome": 50000000,
    "netIncomeRatio": 0.0173430454,
    "eps": 0.0344,
    "epsdiluted": 0.0343,
    "weightedAverageShsOut": 1453000000,
    "weightedAverageShsOutDil": 1458000000,
    "link": "https://www.sec.gov/Archives/edgar/data/831259/000083125920000032/0000831259-20-000032-index.htm",
    "finalLink": "https://www.sec.gov/Archives/edgar/data/831259/000083125920000032/fcx2q202010-q.htm"
  },
  {
    "date": "2020-03-31",
    "symbol": "FCX",
    "reportedCurrency": "USD",
    "cik": "0000831259",
    "fillingDate": "2020-05-07",
    "acceptedDate": "2020-05-07 16:50:25",
    "calendarYear": "2020",
    "period": "Q1",
    "revenue": 3038000000,
    "costOfRevenue": 3115000000,
    "grossProfit": -77000000,
    "grossProfitRatio": -0.0253456221,
    "researchAndDevelopmentExpenses": 0,
    "generalAndAdministrativeExpenses": 0,
    "sellingAndMarketingExpenses": 0,
    "sellingGeneralAndAdministrativeExpenses": 110000000,
    "otherExpenses": 26000000,
    "operatingExpenses": 136000000,
    "costAndExpenses": 3251000000,
    "interestIncome": 0,
    "interestExpense": 120000000,
    "depreciationAndAmortization": 333000000,
    "ebitda": -159000000,
    "ebitdaratio": -0.0523370639,
    "operatingIncome": -213000000,
    "operatingIncomeRatio": -0.0701119157,
    "totalOtherIncomeExpensesNet": -396000000,
    "incomeBeforeTax": -609000000,
    "incomeBeforeTaxRatio": -0.2004608295,
    "incomeTaxExpense": -60000000,
    "netIncome": -494000000,
    "netIncomeRatio": -0.1626069783,
    "eps": -0.3402,
    "epsdiluted": -0.3402,
    "weightedAverageShsOut": 1452000000,
    "weightedAverageShsOutDil": 1452000000,
    "link": "https://www.sec.gov/Archives/edgar/data/831259/000083125920000020/0000831259-20-000020-index.htm",
    "finalLink": "https://www.sec.gov/Archives/edgar/data/831259/000083125920000020/fcxq12010-q.htm"
  },
  {
    "date": "2019-12-31",
    "symbol": "FCX",
    "reportedCurrency": "USD",
    "cik": "0000831259",
    "fillingDate": "2020-02-14",
    "acceptedDate": "2020-02-14 15:59:58",
    "calendarYear": "2019",
    "period": "Q4",
    "revenue": 3816000000,
    "costOfRevenue": 3417000000,
    "grossProfit": 399000000,
    "grossProfitRatio": 0.1045597484,
    "researchAndDevelopmentExpenses": 0,
    "generalAndAdministrativeExpenses": 0,
    "sellingAndMarketingExpenses": 0,
    "sellingGeneralAndAdministrativeExpenses": 99000000,
    "otherExpenses": 20000000,
    "operatingExpenses": 119000000,
    "costAndExpenses": 3536000000,
    "interestIncome": 0,
    "interestExpense": 141000000,
    "depreciationAndAmortization": 391000000,
    "ebitda": 898000000,
    "ebitdaratio": 0.2353249476,
    "operatingIncome": 280000000,
    "operatingIncomeRatio": 0.0733752621,
    "totalOtherIncomeExpensesNet": 91000000,
    "incomeBeforeTax": 371000000,
    "incomeBeforeTaxRatio": 0.0972222222,
    "incomeTaxExpense": 329000000,
    "netIncome": 8000000,
    "netIncomeRatio": 0.0020964361,
    "eps": 0.0055,
    "epsdiluted": 0.0055,
    "weightedAverageShsOut": 1452000000,
    "weightedAverageShsOutDil": 1457000000,
    "link": "https://www.sec.gov/Archives/edgar/data/831259/000083125920000004/0000831259-20-000004-index.htm",
    "finalLink": "https://www.sec.gov/Archives/edgar/data/831259/000083125920000004/a2019form10-k.htm"
  },
  {
    "date": "2019-09-30",
    "symbol": "FCX",
    "reportedCurrency": "USD",
    "cik": "0000831259",
    "fillingDate": "2019-11-06",
    "acceptedDate": "2019-11-06 17:26:01",
    "calendarYear": "2019",
    "period": "Q3",
    "revenue": 3212000000,
    "costOfRevenue": 3053000000,
    "grossProfit": 159000000,
    "grossProfitRatio": 0.049501868,
    "researchAndDevelopmentExpenses": 0,
    "generalAndAdministrativeExpenses": 0,
    "sellingAndMarketingExpenses": 0,
    "sellingGeneralAndAdministrativeExpenses": 106000000,
    "otherExpenses": 20000000,
    "operatingExpenses": 126000000,
    "costAndExpenses": 3179000000,
    "interestIncome": 0,
    "interestExpense": 123000000,
    "depreciationAndAmortization": 322000000,
    "ebitda": 296000000,
    "ebitdaratio": 0.0921544209,
    "operatingIncome": 33000000,
    "operatingIncomeRatio": 0.0102739726,
    "totalOtherIncomeExpensesNet": -177000000,
    "incomeBeforeTax": -144000000,
    "incomeBeforeTaxRatio": -0.0448318804,
    "incomeTaxExpense": 91000000,
    "netIncome": -211000000,
    "netIncomeRatio": -0.0656911582,
    "eps": -0.1453,
    "epsdiluted": -0.1453,
    "weightedAverageShsOut": 1406666666,
    "weightedAverageShsOutDil": 1452000000,
    "link": "https://www.sec.gov/Archives/edgar/data/831259/000083125919000039/0000831259-19-000039-index.htm",
    "finalLink": "https://www.sec.gov/Archives/edgar/data/831259/000083125919000039/fcxq31910-q.htm"
  },
  {
    "date": "2019-06-30",
    "symbol": "FCX",
    "reportedCurrency": "USD",
    "cik": "0000831259",
    "fillingDate": "2019-08-06",
    "acceptedDate": "2019-08-06 17:07:55",
    "calendarYear": "2019",
    "period": "Q2",
    "revenue": 3658000000,
    "costOfRevenue": 3381000000,
    "grossProfit": 277000000,
    "grossProfitRatio": 0.0757244396,
    "researchAndDevelopmentExpenses": 0,
    "generalAndAdministrativeExpenses": 0,
    "sellingAndMarketingExpenses": 0,
    "sellingGeneralAndAdministrativeExpenses": 97000000,
    "otherExpenses": 23000000,
    "operatingExpenses": 120000000,
    "costAndExpenses": 3501000000,
    "interestIncome": 0,
    "interestExpense": 132000000,
    "depreciationAndAmortization": 352000000,
    "ebitda": 390000000,
    "ebitdaratio": 0.106615637,
    "operatingIncome": 157000000,
    "operatingIncomeRatio": 0.0429196282,
    "totalOtherIncomeExpensesNet": -246000000,
    "incomeBeforeTax": -89000000,
    "incomeBeforeTaxRatio": -0.0243302351,
    "incomeTaxExpense": -15000000,
    "netIncome": -75000000,
    "netIncomeRatio": -0.0205030071,
    "eps": -0.0517,
    "epsdiluted": -0.0517,
    "weightedAverageShsOut": 1451000000,
    "weightedAverageShsOutDil": 1451000000,
    "link": "https://www.sec.gov/Archives/edgar/data/831259/000083125919000033/0000831259-19-000033-index.htm",
    "finalLink": "https://www.sec.gov/Archives/edgar/data/831259/000083125919000033/fcxq21910-q.htm"
  },
  {
    "date": "2019-03-31",
    "symbol": "FCX",
    "reportedCurrency": "USD",
    "cik": "0000831259",
    "fillingDate": "2019-05-07",
    "acceptedDate": "2019-05-07 17:26:20",
    "calendarYear": "2019",
    "period": "Q1",
    "revenue": 3670000000,
    "costOfRevenue": 3351000000,
    "grossProfit": 319000000,
    "grossProfitRatio": 0.0869209809,
    "researchAndDevelopmentExpenses": 0,
    "generalAndAdministrativeExpenses": 0,
    "sellingAndMarketingExpenses": 0,
    "sellingGeneralAndAdministrativeExpenses": 112000000,
    "otherExpenses": 42000000,
    "operatingExpenses": 154000000,
    "costAndExpenses": 3505000000,
    "interestIncome": 0,
    "interestExpense": 146000000,
    "depreciationAndAmortization": 347000000,
    "ebitda": 676000000,
    "ebitdaratio": 0.1841961853,
    "operatingIncome": 165000000,
    "operatingIncomeRatio": 0.0449591281,
    "totalOtherIncomeExpensesNet": 15000000,
    "incomeBeforeTax": 180000000,
    "incomeBeforeTaxRatio": 0.0490463215,
    "incomeTaxExpense": 105000000,
    "netIncome": 27000000,
    "netIncomeRatio": 0.0073569482,
    "eps": 0.0186,
    "epsdiluted": 0.0185,
    "weightedAverageShsOut": 1451000000,
    "weightedAverageShsOutDil": 1457000000,
    "link": "https://www.sec.gov/Archives/edgar/data/831259/000083125919000020/0000831259-19-000020-index.htm",
    "finalLink": "https://www.sec.gov/Archives/edgar/data/831259/000083125919000020/fcxq11910-q.htm"
  },
  {
    "date": "2018-12-31",
    "symbol": "FCX",
    "reportedCurrency": "USD",
    "cik": "0000831259",
    "fillingDate": "2019-02-15",
    "acceptedDate": "2019-02-15 14:25:42",
    "calendarYear": "2018",
    "period": "Q4",
    "revenue": 3727000000,
    "costOfRevenue": 3300000000,
    "grossProfit": 427000000,
    "grossProfitRatio": 0.1145693587,
    "researchAndDevelopmentExpenses": 0,
    "generalAndAdministrativeExpenses": 0,
    "sellingAndMarketingExpenses": 0,
    "sellingGeneralAndAdministrativeExpenses": 102000000,
    "otherExpenses": 13000000,
    "operatingExpenses": 115000000,
    "costAndExpenses": 3415000000,
    "interestIncome": 0,
    "interestExpense": 509000000,
    "depreciationAndAmortization": 403000000,
    "ebitda": 731000000,
    "ebitdaratio": 0.1961363027,
    "operatingIncome": 312000000,
    "operatingIncomeRatio": 0.0837134424,
    "totalOtherIncomeExpensesNet": -490000000,
    "incomeBeforeTax": -178000000,
    "incomeBeforeTaxRatio": -0.0477595922,
    "incomeTaxExpense": -169000000,
    "netIncome": 137000000,
    "netIncomeRatio": 0.0367587872,
    "eps": 0.0945,
    "epsdiluted": 0.094,
    "weightedAverageShsOut": 1450000000,
    "weightedAverageShsOutDil": 1457000000,
    "link": "https://www.sec.gov/Archives/edgar/data/831259/000083125919000009/0000831259-19-000009-index.htm",
    "finalLink": "https://www.sec.gov/Archives/edgar/data/831259/000083125919000009/a2018form10-k.htm"
  },
  {
    "date": "2018-09-30",
    "symbol": "FCX",
    "reportedCurrency": "USD",
    "cik": "0000831259",
    "fillingDate": "2018-11-09",
    "acceptedDate": "2018-11-09 13:23:12",
    "calendarYear": "2018",
    "period": "Q3",
    "revenue": 5045000000,
    "costOfRevenue": 3563000000,
    "grossProfit": 1482000000,
    "grossProfitRatio": 0.2937561943,
    "researchAndDevelopmentExpenses": 0,
    "generalAndAdministrativeExpenses": 0,
    "sellingAndMarketingExpenses": 0,
    "sellingGeneralAndAdministrativeExpenses": 101000000,
    "otherExpenses": 8000000,
    "operatingExpenses": 109000000,
    "costAndExpenses": 3672000000,
    "interestIncome": 0,
    "interestExpense": 143000000,
    "depreciationAndAmortization": 458000000,
    "ebitda": 1787000000,
    "ebitdaratio": 0.3542120912,
    "operatingIncome": 1373000000,
    "operatingIncomeRatio": 0.2721506442,
    "totalOtherIncomeExpensesNet": -183000000,
    "incomeBeforeTax": 1190000000,
    "incomeBeforeTaxRatio": 0.235877106,
    "incomeTaxExpense": 522000000,
    "netIncome": 556000000,
    "netIncomeRatio": 0.1102081269,
    "eps": 0.3834,
    "epsdiluted": 0.3813,
    "weightedAverageShsOut": 1450000000,
    "weightedAverageShsOutDil": 1458000000,
    "link": "https://www.sec.gov/Archives/edgar/data/831259/000083125918000036/0000831259-18-000036-index.htm",
    "finalLink": "https://www.sec.gov/Archives/edgar/data/831259/000083125918000036/fcxq31810-q.htm"
  },
  {
    "date": "2018-06-30",
    "symbol": "FCX",
    "reportedCurrency": "USD",
    "cik": "0000831259",
    "fillingDate": "2018-08-08",
    "acceptedDate": "2018-08-08 15:15:21",
    "calendarYear": "2018",
    "period": "Q2",
    "revenue": 5212000000,
    "costOfRevenue": 3387000000,
    "grossProfit": 1825000000,
    "grossProfitRatio": 0.3501534919,
    "researchAndDevelopmentExpenses": 0,
    "generalAndAdministrativeExpenses": 0,
    "sellingAndMarketingExpenses": 0,
    "sellingGeneralAndAdministrativeExpenses": 109000000,
    "otherExpenses": 59000000,
    "operatingExpenses": 168000000,
    "costAndExpenses": 3555000000,
    "interestIncome": 0,
    "interestExpense": 142000000,
    "depreciationAndAmortization": 442000000,
    "ebitda": 2135000000,
    "ebitdaratio": 0.4096316193,
    "operatingIncome": 1657000000,
    "operatingIncomeRatio": 0.3179201842,
    "totalOtherIncomeExpensesNet": -103000000,
    "incomeBeforeTax": 1554000000,
    "incomeBeforeTaxRatio": 0.2981580967,
    "incomeTaxExpense": 515000000,
    "netIncome": 870000000,
    "netIncomeRatio": 0.1669224866,
    "eps": 0.6004,
    "epsdiluted": 0.5967,
    "weightedAverageShsOut": 1449000000,
    "weightedAverageShsOutDil": 1458000000,
    "link": "https://www.sec.gov/Archives/edgar/data/831259/000083125918000030/0000831259-18-000030-index.htm",
    "finalLink": "https://www.sec.gov/Archives/edgar/data/831259/000083125918000030/fcxq21810-q.htm"
  },
  {
    "date": "2018-03-31",
    "symbol": "FCX",
    "reportedCurrency": "USD",
    "cik": "0000831259",
    "fillingDate": "2018-05-04",
    "acceptedDate": "2018-05-04 14:10:02",
    "calendarYear": "2018",
    "period": "Q1",
    "revenue": 4983000000,
    "costOfRevenue": 3282000000,
    "grossProfit": 1701000000,
    "grossProfitRatio": 0.3413606261,
    "researchAndDevelopmentExpenses": 0,
    "generalAndAdministrativeExpenses": 0,
    "sellingAndMarketingExpenses": 0,
    "sellingGeneralAndAdministrativeExpenses": 131000000,
    "otherExpenses": 9000000,
    "operatingExpenses": 140000000,
    "costAndExpenses": 3422000000,
    "interestIncome": 0,
    "interestExpense": 151000000,
    "depreciationAndAmortization": 451000000,
    "ebitda": 1938000000,
    "ebitdaratio": 0.3889223359,
    "operatingIncome": 1561000000,
    "operatingIncomeRatio": 0.3132651013,
    "totalOtherIncomeExpensesNet": -227000000,
    "incomeBeforeTax": 1334000000,
    "incomeBeforeTaxRatio": 0.2677102147,
    "incomeTaxExpense": 506000000,
    "netIncome": 699000000,
    "netIncomeRatio": 0.1402769416,
    "eps": 0.4824,
    "epsdiluted": 0.4794,
    "weightedAverageShsOut": 1449000000,
    "weightedAverageShsOutDil": 1458000000,
    "link": "https://www.sec.gov/Archives/edgar/data/831259/000083125918000016/0000831259-18-000016-index.htm",
    "finalLink": "https://www.sec.gov/Archives/edgar/data/831259/000083125918000016/fcxq11810-q.htm"
  },
  {
    "date": "2017-12-31",
    "symbol": "FCX",
    "reportedCurrency": "USD",
    "cik": "0000831259",
    "fillingDate": "2018-02-20",
    "acceptedDate": "2018-02-20 17:05:25",
    "calendarYear": "2017",
    "period": "Q4",
    "revenue": 4814000000,
    "costOfRevenue": 3324000000,
    "grossProfit": 1490000000,
    "grossProfitRatio": 0.3095139177,
    "researchAndDevelopmentExpenses": 0,
    "generalAndAdministrativeExpenses": 0,
    "sellingAndMarketingExpenses": 0,
    "sellingGeneralAndAdministrativeExpenses": 115000000,
    "otherExpenses": 168000000,
    "operatingExpenses": 283000000,
    "costAndExpenses": 3607000000,
    "interestIncome": 0,
    "interestExpense": 164000000,
    "depreciationAndAmortization": 457000000,
    "ebitda": 1946000000,
    "ebitdaratio": 0.4042376402,
    "operatingIncome": 1207000000,
    "operatingIncomeRatio": 0.2507270461,
    "totalOtherIncomeExpensesNet": 122000000,
    "incomeBeforeTax": 1329000000,
    "incomeBeforeTaxRatio": 0.2760697964,
    "incomeTaxExpense": 136000000,
    "netIncome": 1024000000,
    "netIncomeRatio": 0.2127129206,
    "eps": 0.7072,
    "epsdiluted": 0.7038,
    "weightedAverageShsOut": 1448000000,
    "weightedAverageShsOutDil": 1455000000,
    "link": "https://www.sec.gov/Archives/edgar/data/831259/000083125918000008/0000831259-18-000008-index.htm",
    "finalLink": "https://www.sec.gov/Archives/edgar/data/831259/000083125918000008/a2017form10-k.htm"
  },
  {
    "date": "2017-09-30",
    "symbol": "FCX",
    "reportedCurrency": "USD",
    "cik": "0000831259",
    "fillingDate": "2017-11-07",
    "acceptedDate": "2017-11-07 14:10:42",
    "calendarYear": "2017",
    "period": "Q3",
    "revenue": 4161000000,
    "costOfRevenue": 3014000000,
    "grossProfit": 1147000000,
    "grossProfitRatio": 0.2756548907,
    "researchAndDevelopmentExpenses": 0,
    "generalAndAdministrativeExpenses": 0,
    "sellingAndMarketingExpenses": 0,
    "sellingGeneralAndAdministrativeExpenses": 104000000,
    "otherExpenses": 72000000,
    "operatingExpenses": 176000000,
    "costAndExpenses": 3190000000,
    "interestIncome": 0,
    "interestExpense": 163000000,
    "depreciationAndAmortization": 418000000,
    "ebitda": 1207000000,
    "ebitdaratio": 0.2900745013,
    "operatingIncome": 971000000,
    "operatingIncomeRatio": 0.233357366,
    "totalOtherIncomeExpensesNet": -342000000,
    "incomeBeforeTax": 629000000,
    "incomeBeforeTaxRatio": 0.1511655852,
    "incomeTaxExpense": 387000000,
    "netIncome": 274000000,
    "netIncomeRatio": 0.0658495554,
    "eps": 0.1892,
    "epsdiluted": 0.1884,
    "weightedAverageShsOut": 1448000000,
    "weightedAverageShsOutDil": 1454000000,
    "link": "https://www.sec.gov/Archives/edgar/data/831259/000083125917000032/0000831259-17-000032-index.htm",
    "finalLink": "https://www.sec.gov/Archives/edgar/data/831259/000083125917000032/fcxq31710-q.htm"
  },
  {
    "date": "2017-06-30",
    "symbol": "FCX",
    "reportedCurrency": "USD",
    "cik": "0000831259",
    "fillingDate": "2017-08-04",
    "acceptedDate": "2017-08-04 14:12:24",
    "calendarYear": "2017",
    "period": "Q2",
    "revenue": 3676000000,
    "costOfRevenue": 2945000000,
    "grossProfit": 731000000,
    "grossProfitRatio": 0.1988574538,
    "researchAndDevelopmentExpenses": 0,
    "generalAndAdministrativeExpenses": 0,
    "sellingAndMarketingExpenses": 0,
    "sellingGeneralAndAdministrativeExpenses": 107000000,
    "otherExpenses": -21000000,
    "operatingExpenses": 86000000,
    "costAndExpenses": 3031000000,
    "interestIncome": 0,
    "interestExpense": 162000000,
    "depreciationAndAmortization": 450000000,
    "ebitda": 1125000000,
    "ebitdaratio": 0.306039173,
    "operatingIncome": 645000000,
    "operatingIncomeRatio": 0.1754624592,
    "totalOtherIncomeExpensesNet": -133000000,
    "incomeBeforeTax": 512000000,
    "incomeBeforeTaxRatio": 0.1392818281,
    "incomeTaxExpense": 186000000,
    "netIncome": 259000000,
    "netIncomeRatio": 0.0704570185,
    "eps": 0.179,
    "epsdiluted": 0.1782,
    "weightedAverageShsOut": 1447000000,
    "weightedAverageShsOutDil": 1453000000,
    "link": "https://www.sec.gov/Archives/edgar/data/831259/000083125917000026/0000831259-17-000026-index.htm",
    "finalLink": "https://www.sec.gov/Archives/edgar/data/831259/000083125917000026/fcxq21710-q.htm"
  },
  {
    "date": "2017-03-31",
    "symbol": "FCX",
    "reportedCurrency": "USD",
    "cik": "0000831259",
    "fillingDate": "2017-05-05",
    "acceptedDate": "2017-05-05 15:39:56",
    "calendarYear": "2017",
    "period": "Q1",
    "revenue": 3207000000,
    "costOfRevenue": 2603000000,
    "grossProfit": 604000000,
    "grossProfitRatio": 0.1883380106,
    "researchAndDevelopmentExpenses": 0,
    "generalAndAdministrativeExpenses": 0,
    "sellingAndMarketingExpenses": 0,
    "sellingGeneralAndAdministrativeExpenses": 132000000,
    "otherExpenses": 27000000,
    "operatingExpenses": 159000000,
    "costAndExpenses": 2762000000,
    "interestIncome": 0,
    "interestExpense": 167000000,
    "depreciationAndAmortization": 389000000,
    "ebitda": 994000000,
    "ebitdaratio": 0.309946991,
    "operatingIncome": 445000000,
    "operatingIncomeRatio": 0.1387589648,
    "totalOtherIncomeExpensesNet": -7000000,
    "incomeBeforeTax": 438000000,
    "incomeBeforeTaxRatio": 0.1365762395,
    "incomeTaxExpense": 174000000,
    "netIncome": 193000000,
    "netIncomeRatio": 0.0601808544,
    "eps": 0.1335,
    "epsdiluted": 0.1327,
    "weightedAverageShsOut": 1446000000,
    "weightedAverageShsOutDil": 1454000000,
    "link": "https://www.sec.gov/Archives/edgar/data/831259/000083125917000018/0000831259-17-000018-index.htm",
    "finalLink": "https://www.sec.gov/Archives/edgar/data/831259/000083125917000018/fcxq11710-q.htm"
  },
  {
    "date": "2016-12-31",
    "symbol": "FCX",
    "reportedCurrency": "USD",
    "cik": "0000831259",
    "fillingDate": "2017-02-24",
    "acceptedDate": "2017-02-24 13:07:11",
    "calendarYear": "2016",
    "period": "Q4",
    "revenue": 4225000000,
    "costOfRevenue": 3345000000,
    "grossProfit": 880000000,
    "grossProfitRatio": 0.2082840237,
    "researchAndDevelopmentExpenses": 0,
    "generalAndAdministrativeExpenses": 0,
    "sellingAndMarketingExpenses": 0,
    "sellingGeneralAndAdministrativeExpenses": 152000000,
    "otherExpenses": 2000000,
    "operatingExpenses": 154000000,
    "costAndExpenses": 3499000000,
    "interestIncome": 0,
    "interestExpense": 181000000,
    "depreciationAndAmortization": 593000000,
    "ebitda": 1266000000,
    "ebitdaratio": 0.2996449704,
    "operatingIncome": 726000000,
    "operatingIncomeRatio": 0.1718343195,
    "totalOtherIncomeExpensesNet": -234000000,
    "incomeBeforeTax": 492000000,
    "incomeBeforeTaxRatio": 0.1164497041,
    "incomeTaxExpense": 292000000,
    "netIncome": 308000000,
    "netIncomeRatio": 0.0728994083,
    "eps": 0.2195,
    "epsdiluted": 0.2184,
    "weightedAverageShsOut": 1403000000,
    "weightedAverageShsOutDil": 1410000000,
    "link": "https://www.sec.gov/Archives/edgar/data/831259/000083125917000012/0000831259-17-000012-index.htm",
    "finalLink": "https://www.sec.gov/Archives/edgar/data/831259/000083125917000012/a2016form10-k.htm"
  },
  {
    "date": "2016-09-30",
    "symbol": "FCX",
    "reportedCurrency": "USD",
    "cik": "0000831259",
    "fillingDate": "2016-11-09",
    "acceptedDate": "2016-11-09 17:04:21",
    "calendarYear": "2016",
    "period": "Q3",
    "revenue": 3865000000,
    "costOfRevenue": 3184000000,
    "grossProfit": 681000000,
    "grossProfitRatio": 0.1761966365,
    "researchAndDevelopmentExpenses": 0,
    "generalAndAdministrativeExpenses": 0,
    "sellingAndMarketingExpenses": 0,
    "sellingGeneralAndAdministrativeExpenses": 111000000,
    "otherExpenses": -3000000,
    "operatingExpenses": 108000000,
    "costAndExpenses": 3292000000,
    "interestIncome": 0,
    "interestExpense": 187000000,
    "depreciationAndAmortization": 643000000,
    "ebitda": 1007000000,
    "ebitdaratio": 0.2605433376,
    "operatingIncome": 573000000,
    "operatingIncomeRatio": 0.1482535576,
    "totalOtherIncomeExpensesNet": -396000000,
    "incomeBeforeTax": 177000000,
    "incomeBeforeTaxRatio": 0.0457956016,
    "incomeTaxExpense": -114000000,
    "netIncome": 219000000,
    "netIncomeRatio": 0.0566623545,
    "eps": 0.1627,
    "epsdiluted": 0.1621,
    "weightedAverageShsOut": 1346000000,
    "weightedAverageShsOutDil": 1351000000,
    "link": "https://www.sec.gov/Archives/edgar/data/831259/000083125916000105/0000831259-16-000105-index.htm",
    "finalLink": "https://www.sec.gov/Archives/edgar/data/831259/000083125916000105/fcxq31610-q.htm"
  },
  {
    "date": "2016-06-30",
    "symbol": "FCX",
    "reportedCurrency": "USD",
    "cik": "0000831259",
    "fillingDate": "2016-08-05",
    "acceptedDate": "2016-08-05 16:11:07",
    "calendarYear": "2016",
    "period": "Q2",
    "revenue": 3334000000,
    "costOfRevenue": 3879000000,
    "grossProfit": -545000000,
    "grossProfitRatio": -0.1634673065,
    "researchAndDevelopmentExpenses": 0,
    "generalAndAdministrativeExpenses": 0,
    "sellingAndMarketingExpenses": 0,
    "sellingGeneralAndAdministrativeExpenses": 160000000,
    "otherExpenses": -723000000,
    "operatingExpenses": 186000000,
    "costAndExpenses": 4065000000,
    "interestIncome": 0,
    "interestExpense": 196000000,
    "depreciationAndAmortization": 652000000,
    "ebitda": 734000000,
    "ebitdaratio": 0.2201559688,
    "operatingIncome": 18000000,
    "operatingIncomeRatio": 0.0053989202,
    "totalOtherIncomeExpensesNet": -132000000,
    "incomeBeforeTax": -114000000,
    "incomeBeforeTaxRatio": -0.0341931614,
    "incomeTaxExpense": 116000000,
    "netIncome": -469000000,
    "netIncomeRatio": -0.1406718656,
    "eps": -0.37,
    "epsdiluted": -0.37,
    "weightedAverageShsOut": 1252880310,
    "weightedAverageShsOutDil": 1269000000,
    "link": "https://www.sec.gov/Archives/edgar/data/831259/000083125916000089/0000831259-16-000089-index.htm",
    "finalLink": "https://www.sec.gov/Archives/edgar/data/831259/000083125916000089/fcxq21610-q.htm"
  },
  {
    "date": "2016-03-31",
    "symbol": "FCX",
    "reportedCurrency": "USD",
    "cik": "0000831259",
    "fillingDate": "2016-05-10",
    "acceptedDate": "2016-05-10 08:58:08",
    "calendarYear": "2016",
    "period": "Q1",
    "revenue": 3242000000,
    "costOfRevenue": 6948000000,
    "grossProfit": -3706000000,
    "grossProfitRatio": -1.1431215299,
    "researchAndDevelopmentExpenses": 0,
    "generalAndAdministrativeExpenses": 0,
    "sellingAndMarketingExpenses": 0,
    "sellingGeneralAndAdministrativeExpenses": 138000000,
    "otherExpenses": 28000000,
    "operatingExpenses": 166000000,
    "costAndExpenses": 7114000000,
    "interestIncome": 0,
    "interestExpense": 191000000,
    "depreciationAndAmortization": 722000000,
    "ebitda": -3732000000,
    "ebitdaratio": -1.1511412708,
    "operatingIncome": -3872000000,
    "operatingIncomeRatio": -1.1943244911,
    "totalOtherIncomeExpensesNet": -155000000,
    "incomeBeforeTax": -4027000000,
    "incomeBeforeTaxRatio": -1.2421344849,
    "incomeTaxExpense": 77000000,
    "netIncome": -4173000000,
    "netIncomeRatio": -1.2871684146,
    "eps": -3.34,
    "epsdiluted": -3.34,
    "weightedAverageShsOut": 1251000000,
    "weightedAverageShsOutDil": 1251000000,
    "link": "https://www.sec.gov/Archives/edgar/data/831259/000083125916000071/0000831259-16-000071-index.htm",
    "finalLink": "https://www.sec.gov/Archives/edgar/data/831259/000083125916000071/fcxq11610-q.htm"
  },
  {
    "date": "2015-12-31",
    "symbol": "FCX",
    "reportedCurrency": "USD",
    "cik": "0000831259",
    "fillingDate": "2016-02-26",
    "acceptedDate": "2016-02-26 17:35:06",
    "calendarYear": "2015",
    "period": "Q4",
    "revenue": 3795000000,
    "costOfRevenue": 7712000000,
    "grossProfit": -3917000000,
    "grossProfitRatio": -1.0321475626,
    "researchAndDevelopmentExpenses": 0,
    "generalAndAdministrativeExpenses": 0,
    "sellingAndMarketingExpenses": 0,
    "sellingGeneralAndAdministrativeExpenses": 140000000,
    "otherExpenses": 43000000,
    "operatingExpenses": 183000000,
    "costAndExpenses": 7895000000,
    "interestIncome": 0,
    "interestExpense": 187000000,
    "depreciationAndAmortization": 780000000,
    "ebitda": -1891000000,
    "ebitdaratio": -0.49828722,
    "operatingIncome": -4100000000,
    "operatingIncomeRatio": -1.0803689065,
    "totalOtherIncomeExpensesNet": -185000000,
    "incomeBeforeTax": -4285000000,
    "incomeBeforeTaxRatio": -1.1291172596,
    "incomeTaxExpense": -193000000,
    "netIncome": -4071000000,
    "netIncomeRatio": -1.0727272727,
    "eps": -3.46,
    "epsdiluted": -3.46,
    "weightedAverageShsOut": 1177000000,
    "weightedAverageShsOutDil": 1177000000,
    "link": "https://www.sec.gov/Archives/edgar/data/831259/000083125916000062/0000831259-16-000062-index.htm",
    "finalLink": "https://www.sec.gov/Archives/edgar/data/831259/000083125916000062/a2015form10-k.htm"
  },
  {
    "date": "2015-09-30",
    "symbol": "FCX",
    "reportedCurrency": "USD",
    "cik": "0000831259",
    "fillingDate": "2015-11-06",
    "acceptedDate": "2015-11-06 15:33:04",
    "calendarYear": "2015",
    "period": "Q3",
    "revenue": 3681000000,
    "costOfRevenue": 7433000000,
    "grossProfit": -3752000000,
    "grossProfitRatio": -1.0192882369,
    "researchAndDevelopmentExpenses": 0,
    "generalAndAdministrativeExpenses": 0,
    "sellingAndMarketingExpenses": 0,
    "sellingGeneralAndAdministrativeExpenses": 124000000,
    "otherExpenses": 69000000,
    "operatingExpenses": 193000000,
    "costAndExpenses": 7626000000,
    "interestIncome": 0,
    "interestExpense": 163000000,
    "depreciationAndAmortization": 888000000,
    "ebitda": -2745000000,
    "ebitdaratio": -0.7457212714,
    "operatingIncome": -3945000000,
    "operatingIncomeRatio": -1.0717196414,
    "totalOtherIncomeExpensesNet": -217000000,
    "incomeBeforeTax": -4148000000,
    "incomeBeforeTaxRatio": -1.126867699,
    "incomeTaxExpense": -360000000,
    "netIncome": -3819000000,
    "netIncomeRatio": -1.0374898126,
    "eps": -3.57,
    "epsdiluted": -3.57,
    "weightedAverageShsOut": 1070194986,
    "weightedAverageShsOutDil": 1071000000,
    "link": "https://www.sec.gov/Archives/edgar/data/831259/000083125915000055/0000831259-15-000055-index.htm",
    "finalLink": "https://www.sec.gov/Archives/edgar/data/831259/000083125915000055/fcxq31510-q.htm"
  },
  {
    "date": "2015-06-30",
    "symbol": "FCX",
    "reportedCurrency": "USD",
    "cik": "0000831259",
    "fillingDate": "2015-08-10",
    "acceptedDate": "2015-08-10 06:03:33",
    "calendarYear": "2015",
    "period": "Q2",
    "revenue": 4248000000,
    "costOfRevenue": 6424000000,
    "grossProfit": -2176000000,
    "grossProfitRatio": -0.5122410546,
    "researchAndDevelopmentExpenses": 0,
    "generalAndAdministrativeExpenses": 0,
    "sellingAndMarketingExpenses": 0,
    "sellingGeneralAndAdministrativeExpenses": 151000000,
    "otherExpenses": 47000000,
    "operatingExpenses": 198000000,
    "costAndExpenses": 6622000000,
    "interestIncome": 0,
    "interestExpense": 149000000,
    "depreciationAndAmortization": 890000000,
    "ebitda": -1495000000,
    "ebitdaratio": -0.3519303202,
    "operatingIncome": -2374000000,
    "operatingIncomeRatio": -0.5588512241,
    "totalOtherIncomeExpensesNet": -153000000,
    "incomeBeforeTax": -2486000000,
    "incomeBeforeTaxRatio": -0.5852165725,
    "incomeTaxExpense": -687000000,
    "netIncome": -1841000000,
    "netIncomeRatio": -0.4333804143,
    "eps": -1.77,
    "epsdiluted": -1.77,
    "weightedAverageShsOut": 1039887597,
    "weightedAverageShsOutDil": 1040000000,
    "link": "https://www.sec.gov/Archives/edgar/data/831259/000083125915000043/0000831259-15-000043-index.htm",
    "finalLink": "https://www.sec.gov/Archives/edgar/data/831259/000083125915000043/fcxq21510-q.htm"
  },
  {
    "date": "2015-03-31",
    "symbol": "FCX",
    "reportedCurrency": "USD",
    "cik": "0000831259",
    "fillingDate": "2015-05-08",
    "acceptedDate": "2015-05-08 14:15:38",
    "calendarYear": "2015",
    "period": "Q1",
    "revenue": 4153000000,
    "costOfRevenue": 6955000000,
    "grossProfit": -2802000000,
    "grossProfitRatio": -0.674692993,
    "researchAndDevelopmentExpenses": 0,
    "generalAndAdministrativeExpenses": 0,
    "sellingAndMarketingExpenses": 0,
    "sellingGeneralAndAdministrativeExpenses": 154000000,
    "otherExpenses": 7000000,
    "operatingExpenses": 200000000,
    "costAndExpenses": 7155000000,
    "interestIncome": 0,
    "interestExpense": 146000000,
    "depreciationAndAmortization": 939000000,
    "ebitda": -986000000,
    "ebitdaratio": -0.2374187334,
    "operatingIncome": -2963000000,
    "operatingIncomeRatio": -0.7134601493,
    "totalOtherIncomeExpensesNet": -139000000,
    "incomeBeforeTax": -3102000000,
    "incomeBeforeTaxRatio": -0.7469299302,
    "incomeTaxExpense": -695000000,
    "netIncome": -2464000000,
    "netIncomeRatio": -0.5933060438,
    "eps": -2.37,
    "epsdiluted": -2.37,
    "weightedAverageShsOut": 1038331494,
    "weightedAverageShsOutDil": 1040000000,
    "link": "https://www.sec.gov/Archives/edgar/data/831259/000083125915000027/0000831259-15-000027-index.htm",
    "finalLink": "https://www.sec.gov/Archives/edgar/data/831259/000083125915000027/fcxq11510-q.htm"
  },
  {
    "date": "2014-12-31",
    "symbol": "FCX",
    "reportedCurrency": "USD",
    "cik": "0000831259",
    "fillingDate": "2015-06-12",
    "acceptedDate": "2015-06-12 16:09:20",
    "calendarYear": "2014",
    "period": "Q4",
    "revenue": 5235000000,
    "costOfRevenue": 7301000000,
    "grossProfit": -2066000000,
    "grossProfitRatio": -0.3946513849,
    "researchAndDevelopmentExpenses": 0,
    "generalAndAdministrativeExpenses": 0,
    "sellingAndMarketingExpenses": 0,
    "sellingGeneralAndAdministrativeExpenses": 135000000,
    "otherExpenses": 1098000000,
    "operatingExpenses": 187000000,
    "costAndExpenses": 7488000000,
    "interestIncome": 0,
    "interestExpense": 147000000,
    "depreciationAndAmortization": 939000000,
    "ebitda": -927000000,
    "ebitdaratio": -0.1770773639,
    "operatingIncome": -3299000000,
    "operatingIncomeRatio": -0.6301814709,
    "totalOtherIncomeExpensesNet": -149000000,
    "incomeBeforeTax": -3448000000,
    "incomeBeforeTaxRatio": -0.658643744,
    "incomeTaxExpense": -710000000,
    "netIncome": -2842000000,
    "netIncomeRatio": -0.5428844317,
    "eps": -2.74,
    "epsdiluted": -2.74,
    "weightedAverageShsOut": 1039000000,
    "weightedAverageShsOutDil": 1039000000,
    "link": "https://www.sec.gov/Archives/edgar/data/831259/000083125915000033/0000831259-15-000033-index.htm",
    "finalLink": "https://www.sec.gov/Archives/edgar/data/831259/000083125915000033/form10-kxa.htm"
  },
  {
    "date": "2014-09-30",
    "symbol": "FCX",
    "reportedCurrency": "USD",
    "cik": "0000831259",
    "fillingDate": "2014-11-07",
    "acceptedDate": "2014-11-07 15:47:07",
    "calendarYear": "2014",
    "period": "Q3",
    "revenue": 5696000000,
    "costOfRevenue": 4405000000,
    "grossProfit": 1291000000,
    "grossProfitRatio": 0.2266502809,
    "researchAndDevelopmentExpenses": 0,
    "generalAndAdministrativeExpenses": 0,
    "sellingAndMarketingExpenses": 0,
    "sellingGeneralAndAdministrativeExpenses": 158000000,
    "otherExpenses": 1254000000,
    "operatingExpenses": 205000000,
    "costAndExpenses": 4610000000,
    "interestIncome": 0,
    "interestExpense": 158000000,
    "depreciationAndAmortization": 945000000,
    "ebitda": 2054000000,
    "ebitdaratio": 0.3606039326,
    "operatingIncome": 1132000000,
    "operatingIncomeRatio": 0.1987359551,
    "totalOtherIncomeExpensesNet": -77000000,
    "incomeBeforeTax": 1055000000,
    "incomeBeforeTaxRatio": 0.1852176966,
    "incomeTaxExpense": 349000000,
    "netIncome": 562000000,
    "netIncomeRatio": 0.0986657303,
    "eps": 0.53,
    "epsdiluted": 0.53,
    "weightedAverageShsOut": 1039000000,
    "weightedAverageShsOutDil": 1046000000,
    "link": "https://www.sec.gov/Archives/edgar/data/831259/000083125914000051/0000831259-14-000051-index.htm",
    "finalLink": "https://www.sec.gov/Archives/edgar/data/831259/000083125914000051/fcxq31410-q.htm"
  },
  {
    "date": "2014-06-30",
    "symbol": "FCX",
    "reportedCurrency": "USD",
    "cik": "0000831259",
    "fillingDate": "2014-08-11",
    "acceptedDate": "2014-08-08 18:52:42",
    "calendarYear": "2014",
    "period": "Q2",
    "revenue": 5522000000,
    "costOfRevenue": 4095000000,
    "grossProfit": 1427000000,
    "grossProfitRatio": 0.258420862,
    "researchAndDevelopmentExpenses": 0,
    "generalAndAdministrativeExpenses": 0,
    "sellingAndMarketingExpenses": 0,
    "sellingGeneralAndAdministrativeExpenses": 164000000,
    "otherExpenses": 110000000,
    "operatingExpenses": 274000000,
    "costAndExpenses": 4369000000,
    "interestIncome": 0,
    "interestExpense": 164000000,
    "depreciationAndAmortization": 1013000000,
    "ebitda": 2163000000,
    "ebitdaratio": 0.3917059037,
    "operatingIncome": 1153000000,
    "operatingIncomeRatio": 0.208801159,
    "totalOtherIncomeExpensesNet": -167000000,
    "incomeBeforeTax": 986000000,
    "incomeBeforeTaxRatio": 0.1785584933,
    "incomeTaxExpense": 328000000,
    "netIncome": 492000000,
    "netIncomeRatio": 0.0890981528,
    "eps": 0.46,
    "epsdiluted": 0.46,
    "weightedAverageShsOut": 1039000000,
    "weightedAverageShsOutDil": 1045000000,
    "link": "https://www.sec.gov/Archives/edgar/data/831259/000083125914000042/0000831259-14-000042-index.htm",
    "finalLink": "https://www.sec.gov/Archives/edgar/data/831259/000083125914000042/fcxq21410-q.htm"
  },
  {
    "date": "2014-03-31",
    "symbol": "FCX",
    "reportedCurrency": "USD",
    "cik": "0000831259",
    "fillingDate": "2014-05-09",
    "acceptedDate": "2014-05-09 16:37:08",
    "calendarYear": "2014",
    "period": "Q1",
    "revenue": 4985000000,
    "costOfRevenue": 3703000000,
    "grossProfit": 1282000000,
    "grossProfitRatio": 0.2571715145,
    "researchAndDevelopmentExpenses": 0,
    "generalAndAdministrativeExpenses": 0,
    "sellingAndMarketingExpenses": 0,
    "sellingGeneralAndAdministrativeExpenses": 135000000,
    "otherExpenses": 36000000,
    "operatingExpenses": 171000000,
    "costAndExpenses": 3874000000,
    "interestIncome": 0,
    "interestExpense": 161000000,
    "depreciationAndAmortization": 966000000,
    "ebitda": 2110000000,
    "ebitdaratio": 0.4232698094,
    "operatingIncome": 1111000000,
    "operatingIncomeRatio": 0.2228686058,
    "totalOtherIncomeExpensesNet": -128000000,
    "incomeBeforeTax": 983000000,
    "incomeBeforeTaxRatio": 0.1971915747,
    "incomeTaxExpense": 357000000,
    "netIncome": 510000000,
    "netIncomeRatio": 0.1023069208,
    "eps": 0.49,
    "epsdiluted": 0.49,
    "weightedAverageShsOut": 1038000000,
    "weightedAverageShsOutDil": 1044000000,
    "link": "https://www.sec.gov/Archives/edgar/data/831259/000083125914000022/0000831259-14-000022-index.htm",
    "finalLink": "https://www.sec.gov/Archives/edgar/data/831259/000083125914000022/fcxq11410-q.htm"
  },
  {
    "date": "2013-12-31",
    "symbol": "FCX",
    "reportedCurrency": "USD",
    "cik": "0000831259",
    "fillingDate": "2014-02-27",
    "acceptedDate": "2014-02-27 16:35:39",
    "calendarYear": "2013",
    "period": "Q4",
    "revenue": 5885000000,
    "costOfRevenue": 3955000000,
    "grossProfit": 1930000000,
    "grossProfitRatio": 0.3279524214,
    "researchAndDevelopmentExpenses": 0,
    "generalAndAdministrativeExpenses": 0,
    "sellingAndMarketingExpenses": 0,
    "sellingGeneralAndAdministrativeExpenses": 200000000,
    "otherExpenses": 80000000,
    "operatingExpenses": 280000000,
    "costAndExpenses": 4235000000,
    "interestIncome": 0,
    "interestExpense": 167000000,
    "depreciationAndAmortization": 1019000000,
    "ebitda": 2653000000,
    "ebitdaratio": 0.4508071368,
    "operatingIncome": 1650000000,
    "operatingIncomeRatio": 0.2803738318,
    "totalOtherIncomeExpensesNet": -183000000,
    "incomeBeforeTax": 1467000000,
    "incomeBeforeTaxRatio": 0.249277825,
    "incomeTaxExpense": 508000000,
    "netIncome": 707000000,
    "netIncomeRatio": 0.1201359388,
    "eps": 0.68,
    "epsdiluted": 0.68,
    "weightedAverageShsOut": 1038000000,
    "weightedAverageShsOutDil": 1044000000,
    "link": "https://www.sec.gov/Archives/edgar/data/831259/000083125914000006/0000831259-14-000006-index.htm",
    "finalLink": "https://www.sec.gov/Archives/edgar/data/831259/000083125914000006/a2013form10-k.htm"
  },
  {
    "date": "2013-09-30",
    "symbol": "FCX",
    "reportedCurrency": "USD",
    "cik": "0000831259",
    "fillingDate": "2013-11-06",
    "acceptedDate": "2013-11-06 16:30:16",
    "calendarYear": "2013",
    "period": "Q3",
    "revenue": 6165000000,
    "costOfRevenue": 4251000000,
    "grossProfit": 1914000000,
    "grossProfitRatio": 0.3104622871,
    "researchAndDevelopmentExpenses": 0,
    "generalAndAdministrativeExpenses": 0,
    "sellingAndMarketingExpenses": 0,
    "sellingGeneralAndAdministrativeExpenses": 158000000,
    "otherExpenses": 49000000,
    "operatingExpenses": 207000000,
    "costAndExpenses": 4458000000,
    "interestIncome": 0,
    "interestExpense": 162000000,
    "depreciationAndAmortization": 919000000,
    "ebitda": 2629000000,
    "ebitdaratio": 0.4264395783,
    "operatingIncome": 1707000000,
    "operatingIncomeRatio": 0.2768856448,
    "totalOtherIncomeExpensesNet": -159000000,
    "incomeBeforeTax": 1548000000,
    "incomeBeforeTaxRatio": 0.2510948905,
    "incomeTaxExpense": 499000000,
    "netIncome": 821000000,
    "netIncomeRatio": 0.1331711273,
    "eps": 0.79,
    "epsdiluted": 0.79,
    "weightedAverageShsOut": 1038000000,
    "weightedAverageShsOutDil": 1043000000,
    "link": "https://www.sec.gov/Archives/edgar/data/831259/000083125913000071/0000831259-13-000071-index.htm",
    "finalLink": "https://www.sec.gov/Archives/edgar/data/831259/000083125913000071/fcxq31310-q.htm"
  },
  {
    "date": "2013-06-30",
    "symbol": "FCX",
    "reportedCurrency": "USD",
    "cik": "0000831259",
    "fillingDate": "2013-08-09",
    "acceptedDate": "2013-08-08 17:39:22",
    "calendarYear": "2013",
    "period": "Q2",
    "revenue": 4288000000,
    "costOfRevenue": 3383000000,
    "grossProfit": 905000000,
    "grossProfitRatio": 0.2110541045,
    "researchAndDevelopmentExpenses": 0,
    "generalAndAdministrativeExpenses": 0,
    "sellingAndMarketingExpenses": 0,
    "sellingGeneralAndAdministrativeExpenses": 186000000,
    "otherExpenses": 80000000,
    "operatingExpenses": 266000000,
    "costAndExpenses": 3649000000,
    "interestIncome": 0,
    "interestExpense": 132000000,
    "depreciationAndAmortization": 530000000,
    "ebitda": 1310000000,
    "ebitdaratio": 0.3055037313,
    "operatingIncome": 639000000,
    "operatingIncomeRatio": 0.1490205224,
    "totalOtherIncomeExpensesNet": 11000000,
    "incomeBeforeTax": 648000000,
    "incomeBeforeTaxRatio": 0.151119403,
    "incomeTaxExpense": 40000000,
    "netIncome": 482000000,
    "netIncomeRatio": 0.1124067164,
    "eps": 0.49,
    "epsdiluted": 0.49,
    "weightedAverageShsOut": 980000000,
    "weightedAverageShsOutDil": 984000000,
    "link": "https://www.sec.gov/Archives/edgar/data/831259/000083125913000057/0000831259-13-000057-index.htm",
    "finalLink": "https://www.sec.gov/Archives/edgar/data/831259/000083125913000057/fcxq21310-q.htm"
  },
  {
    "date": "2013-03-31",
    "symbol": "FCX",
    "reportedCurrency": "USD",
    "cik": "0000831259",
    "fillingDate": "2013-05-06",
    "acceptedDate": "2013-05-06 14:00:56",
    "calendarYear": "2013",
    "period": "Q1",
    "revenue": 4583000000,
    "costOfRevenue": 3048000000,
    "grossProfit": 1535000000,
    "grossProfitRatio": 0.3349334497,
    "researchAndDevelopmentExpenses": 0,
    "generalAndAdministrativeExpenses": 0,
    "sellingAndMarketingExpenses": 0,
    "sellingGeneralAndAdministrativeExpenses": 113000000,
    "otherExpenses": 67000000,
    "operatingExpenses": 180000000,
    "costAndExpenses": 3228000000,
    "interestIncome": 0,
    "interestExpense": 57000000,
    "depreciationAndAmortization": 329000000,
    "ebitda": 1636000000,
    "ebitdaratio": 0.3569714161,
    "operatingIncome": 1355000000,
    "operatingIncomeRatio": 0.295657866,
    "totalOtherIncomeExpensesNet": -105000000,
    "incomeBeforeTax": 1250000000,
    "incomeBeforeTaxRatio": 0.2727471089,
    "incomeTaxExpense": 428000000,
    "netIncome": 648000000,
    "netIncomeRatio": 0.1413921012,
    "eps": 0.68,
    "epsdiluted": 0.68,
    "weightedAverageShsOut": 950000000,
    "weightedAverageShsOutDil": 953000000,
    "link": "https://www.sec.gov/Archives/edgar/data/831259/000083125913000039/0000831259-13-000039-index.htm",
    "finalLink": "https://www.sec.gov/Archives/edgar/data/831259/000083125913000039/fcxq11310-q.htm"
  },
  {
    "date": "2012-12-31",
    "symbol": "FCX",
    "reportedCurrency": "USD",
    "cik": "0000831259",
    "fillingDate": "2013-04-23",
    "acceptedDate": "2013-04-23 16:46:14",
    "calendarYear": "2012",
    "period": "Q4",
    "revenue": 4513000000,
    "costOfRevenue": 3063000000,
    "grossProfit": 1450000000,
    "grossProfitRatio": 0.3212940394,
    "researchAndDevelopmentExpenses": -214000000,
    "generalAndAdministrativeExpenses": 0,
    "sellingAndMarketingExpenses": 0,
    "sellingGeneralAndAdministrativeExpenses": 120000000,
    "otherExpenses": 124000000,
    "operatingExpenses": 151000000,
    "costAndExpenses": 3214000000,
    "interestIncome": 0,
    "interestExpense": 38000000,
    "depreciationAndAmortization": 323000000,
    "ebitda": 1685000000,
    "ebitdaratio": 0.373365832,
    "operatingIncome": 1358000000,
    "operatingIncomeRatio": 0.3009084866,
    "totalOtherIncomeExpensesNet": -31000000,
    "incomeBeforeTax": 1324000000,
    "incomeBeforeTaxRatio": 0.2933746953,
    "incomeTaxExpense": 382000000,
    "netIncome": 743000000,
    "netIncomeRatio": 0.1646354975,
    "eps": 0.78,
    "epsdiluted": 0.78,
    "weightedAverageShsOut": 949000000,
    "weightedAverageShsOutDil": 954000000,
    "link": "https://www.sec.gov/Archives/edgar/data/831259/000119312513167531/0001193125-13-167531-index.htm",
    "finalLink": "https://www.sec.gov/Archives/edgar/data/831259/000119312513167531/d523624d10ka.htm"
  },
  {
    "date": "2012-09-30",
    "symbol": "FCX",
    "reportedCurrency": "USD",
    "cik": "0000831259",
    "fillingDate": "2012-11-02",
    "acceptedDate": "2012-11-02 15:28:32",
    "calendarYear": "2012",
    "period": "Q3",
    "revenue": 4417000000,
    "costOfRevenue": 2592000000,
    "grossProfit": 1825000000,
    "grossProfitRatio": 0.413176364,
    "researchAndDevelopmentExpenses": 79000000,
    "generalAndAdministrativeExpenses": 0,
    "sellingAndMarketingExpenses": 0,
    "sellingGeneralAndAdministrativeExpenses": 110000000,
    "otherExpenses": 225000000,
    "operatingExpenses": 414000000,
    "costAndExpenses": 3006000000,
    "interestIncome": 0,
    "interestExpense": 42000000,
    "depreciationAndAmortization": 298000000,
    "ebitda": 1694000000,
    "ebitdaratio": 0.383518225,
    "operatingIncome": 1411000000,
    "operatingIncomeRatio": 0.3194475889,
    "totalOtherIncomeExpensesNet": -57000000,
    "incomeBeforeTax": 1354000000,
    "incomeBeforeTaxRatio": 0.3065429024,
    "incomeTaxExpense": 215000000,
    "netIncome": 824000000,
    "netIncomeRatio": 0.1865519583,
    "eps": 0.87,
    "epsdiluted": 0.86,
    "weightedAverageShsOut": 949000000,
    "weightedAverageShsOutDil": 953000000,
    "link": "https://www.sec.gov/Archives/edgar/data/831259/000083125912000040/0000831259-12-000040-index.htm",
    "finalLink": "https://www.sec.gov/Archives/edgar/data/831259/000083125912000040/fcxq31210-q.htm"
  },
  {
    "date": "2012-06-30",
    "symbol": "FCX",
    "reportedCurrency": "USD",
    "cik": "0000831259",
    "fillingDate": "2012-08-03",
    "acceptedDate": "2012-08-03 15:01:44",
    "calendarYear": "2012",
    "period": "Q2",
    "revenue": 4475000000,
    "costOfRevenue": 2913000000,
    "grossProfit": 1562000000,
    "grossProfitRatio": 0.3490502793,
    "researchAndDevelopmentExpenses": 73000000,
    "generalAndAdministrativeExpenses": 0,
    "sellingAndMarketingExpenses": 0,
    "sellingGeneralAndAdministrativeExpenses": 97000000,
    "otherExpenses": 81000000,
    "operatingExpenses": 170000000,
    "costAndExpenses": 3083000000,
    "interestIncome": 0,
    "interestExpense": 43000000,
    "depreciationAndAmortization": 291000000,
    "ebitda": 1653000000,
    "ebitdaratio": 0.3693854749,
    "operatingIncome": 1311000000,
    "operatingIncomeRatio": 0.2929608939,
    "totalOtherIncomeExpensesNet": 8000000,
    "incomeBeforeTax": 1319000000,
    "incomeBeforeTaxRatio": 0.2947486034,
    "incomeTaxExpense": 422000000,
    "netIncome": 710000000,
    "netIncomeRatio": 0.1586592179,
    "eps": 0.75,
    "epsdiluted": 0.74,
    "weightedAverageShsOut": 949000000,
    "weightedAverageShsOutDil": 953000000,
    "link": "https://www.sec.gov/Archives/edgar/data/831259/000083125912000036/0000831259-12-000036-index.htm",
    "finalLink": "https://www.sec.gov/Archives/edgar/data/831259/000083125912000036/fcxq21210-q.htm"
  },
  {
    "date": "2012-03-31",
    "symbol": "FCX",
    "reportedCurrency": "USD",
    "cik": "0000831259",
    "fillingDate": "2012-05-07",
    "acceptedDate": "2012-05-04 17:46:16",
    "calendarYear": "2012",
    "period": "Q1",
    "revenue": 4605000000,
    "costOfRevenue": 2695000000,
    "grossProfit": 1910000000,
    "grossProfitRatio": 0.4147665581,
    "researchAndDevelopmentExpenses": 62000000,
    "generalAndAdministrativeExpenses": 0,
    "sellingAndMarketingExpenses": 0,
    "sellingGeneralAndAdministrativeExpenses": 104000000,
    "otherExpenses": 10000000,
    "operatingExpenses": 166000000,
    "costAndExpenses": 2861000000,
    "interestIncome": 0,
    "interestExpense": 63000000,
    "depreciationAndAmortization": 267000000,
    "ebitda": 1820000000,
    "ebitdaratio": 0.3952225841,
    "operatingIncome": 1734000000,
    "operatingIncomeRatio": 0.3765472313,
    "totalOtherIncomeExpensesNet": -244000000,
    "incomeBeforeTax": 1490000000,
    "incomeBeforeTaxRatio": 0.3235613464,
    "incomeTaxExpense": 491000000,
    "netIncome": 764000000,
    "netIncomeRatio": 0.1659066232,
    "eps": 0.81,
    "epsdiluted": 0.8,
    "weightedAverageShsOut": 949000000,
    "weightedAverageShsOutDil": 955000000,
    "link": "https://www.sec.gov/Archives/edgar/data/831259/000083125912000024/0000831259-12-000024-index.htm",
    "finalLink": "https://www.sec.gov/Archives/edgar/data/831259/000083125912000024/fcxq11210-q.htm"
  },
  {
    "date": "2011-12-31",
    "symbol": "FCX",
    "reportedCurrency": "USD",
    "cik": "0000831259",
    "fillingDate": "2012-02-27",
    "acceptedDate": "2012-02-27 17:16:26",
    "calendarYear": "2011",
    "period": "Q4",
    "revenue": 4162000000,
    "costOfRevenue": 2660000000,
    "grossProfit": 1502000000,
    "grossProfitRatio": 0.3608841903,
    "researchAndDevelopmentExpenses": 77000000,
    "generalAndAdministrativeExpenses": 0,
    "sellingAndMarketingExpenses": 0,
    "sellingGeneralAndAdministrativeExpenses": 92000000,
    "otherExpenses": 36000000,
    "operatingExpenses": 169000000,
    "costAndExpenses": 2829000000,
    "interestIncome": 0,
    "interestExpense": 62000000,
    "depreciationAndAmortization": 266000000,
    "ebitda": 1581000000,
    "ebitdaratio": 0.3798654493,
    "operatingIncome": 1297000000,
    "operatingIncomeRatio": 0.3116290245,
    "totalOtherIncomeExpensesNet": -44000000,
    "incomeBeforeTax": 1253000000,
    "incomeBeforeTaxRatio": 0.301057184,
    "incomeTaxExpense": 389000000,
    "netIncome": 640000000,
    "netIncomeRatio": 0.1537722249,
    "eps": 0.67,
    "epsdiluted": 0.67,
    "weightedAverageShsOut": 947000000,
    "weightedAverageShsOutDil": 949000000,
    "link": "https://www.sec.gov/Archives/edgar/data/831259/000083125912000014/0000831259-12-000014-index.htm",
    "finalLink": "https://www.sec.gov/Archives/edgar/data/831259/000083125912000014/a2011form10-k.htm"
  },
  {
    "date": "2011-09-30",
    "symbol": "FCX",
    "reportedCurrency": "USD",
    "cik": "0000831259",
    "fillingDate": "2011-11-04",
    "acceptedDate": "2011-11-04 15:49:38",
    "calendarYear": "2011",
    "period": "Q3",
    "revenue": 5195000000,
    "costOfRevenue": 2827000000,
    "grossProfit": 2368000000,
    "grossProfitRatio": 0.4558229066,
    "researchAndDevelopmentExpenses": 78000000,
    "generalAndAdministrativeExpenses": 0,
    "sellingAndMarketingExpenses": 0,
    "sellingGeneralAndAdministrativeExpenses": 102000000,
    "otherExpenses": 38000000,
    "operatingExpenses": 180000000,
    "costAndExpenses": 3007000000,
    "interestIncome": 0,
    "interestExpense": 78000000,
    "depreciationAndAmortization": 257000000,
    "ebitda": 2435000000,
    "ebitdaratio": 0.468719923,
    "operatingIncome": 2150000000,
    "operatingIncomeRatio": 0.4138594803,
    "totalOtherIncomeExpensesNet": -50000000,
    "incomeBeforeTax": 2100000000,
    "incomeBeforeTaxRatio": 0.4042348412,
    "incomeTaxExpense": 808000000,
    "netIncome": 1053000000,
    "netIncomeRatio": 0.2026948989,
    "eps": 1.11,
    "epsdiluted": 1.1,
    "weightedAverageShsOut": 948000000,
    "weightedAverageShsOutDil": 955000000,
    "link": "https://www.sec.gov/Archives/edgar/data/831259/000083125911000062/0000831259-11-000062-index.htm",
    "finalLink": "https://www.sec.gov/Archives/edgar/data/831259/000083125911000062/fcxq31110-q.htm"
  },
  {
    "date": "2011-06-30",
    "symbol": "FCX",
    "reportedCurrency": "USD",
    "cik": "0000831259",
    "fillingDate": "2011-08-05",
    "acceptedDate": "2011-08-05 16:06:38",
    "calendarYear": "2011",
    "period": "Q2",
    "revenue": 5814000000,
    "costOfRevenue": 2824000000,
    "grossProfit": 2990000000,
    "grossProfitRatio": 0.5142758858,
    "researchAndDevelopmentExpenses": 66000000,
    "generalAndAdministrativeExpenses": 0,
    "sellingAndMarketingExpenses": 0,
    "sellingGeneralAndAdministrativeExpenses": 107000000,
    "otherExpenses": 60000000,
    "operatingExpenses": 173000000,
    "costAndExpenses": 2997000000,
    "interestIncome": 0,
    "interestExpense": 74000000,
    "depreciationAndAmortization": 267000000,
    "ebitda": 3084000000,
    "ebitdaratio": 0.5304437564,
    "operatingIncome": 2757000000,
    "operatingIncomeRatio": 0.4742002064,
    "totalOtherIncomeExpensesNet": -133000000,
    "incomeBeforeTax": 2624000000,
    "incomeBeforeTaxRatio": 0.4513243894,
    "incomeTaxExpense": 906000000,
    "netIncome": 1368000000,
    "netIncomeRatio": 0.2352941176,
    "eps": 1.44,
    "epsdiluted": 1.43,
    "weightedAverageShsOut": 947000000,
    "weightedAverageShsOutDil": 956000000,
    "link": "https://www.sec.gov/Archives/edgar/data/831259/000083125911000050/0000831259-11-000050-index.htm",
    "finalLink": "https://www.sec.gov/Archives/edgar/data/831259/000083125911000050/fcxq21110-q.htm"
  },
  {
    "date": "2011-03-31",
    "symbol": "FCX",
    "reportedCurrency": "USD",
    "cik": "0000831259",
    "fillingDate": "2011-05-06",
    "acceptedDate": "2011-05-06 14:55:48",
    "calendarYear": "2011",
    "period": "Q1",
    "revenue": 5709000000,
    "costOfRevenue": 2659000000,
    "grossProfit": 3050000000,
    "grossProfitRatio": 0.5342441759,
    "researchAndDevelopmentExpenses": 0,
    "generalAndAdministrativeExpenses": 0,
    "sellingAndMarketingExpenses": 0,
    "sellingGeneralAndAdministrativeExpenses": 114000000,
    "otherExpenses": -50000000,
    "operatingExpenses": 114000000,
    "costAndExpenses": 2773000000,
    "interestIncome": 0,
    "interestExpense": 98000000,
    "depreciationAndAmortization": 232000000,
    "ebitda": 3171000000,
    "ebitdaratio": 0.5554387809,
    "operatingIncome": 2936000000,
    "operatingIncomeRatio": 0.514275705,
    "totalOtherIncomeExpensesNet": -95000000,
    "incomeBeforeTax": 2841000000,
    "incomeBeforeTaxRatio": 0.4976353127,
    "incomeTaxExpense": 984000000,
    "netIncome": 1499000000,
    "netIncomeRatio": 0.2625678753,
    "eps": 1.58,
    "epsdiluted": 1.57,
    "weightedAverageShsOut": 946000000,
    "weightedAverageShsOutDil": 955000000,
    "link": "https://www.sec.gov/Archives/edgar/data/831259/000083125911000033/0000831259-11-000033-index.htm",
    "finalLink": "https://www.sec.gov/Archives/edgar/data/831259/000083125911000033/fcx1q11_10q.htm"
  },
  {
    "date": "2010-12-31",
    "symbol": "FCX",
    "reportedCurrency": "USD",
    "cik": "0000831259",
    "fillingDate": "2011-02-25",
    "acceptedDate": "2011-02-25 16:47:58",
    "calendarYear": "2010",
    "period": "Q4",
    "revenue": 5603000000,
    "costOfRevenue": 2402000000,
    "grossProfit": 3201000000,
    "grossProfitRatio": 0.5713010887,
    "researchAndDevelopmentExpenses": -35000000,
    "generalAndAdministrativeExpenses": 0,
    "sellingAndMarketingExpenses": 0,
    "sellingGeneralAndAdministrativeExpenses": 104000000,
    "otherExpenses": 35000000,
    "operatingExpenses": 104000000,
    "costAndExpenses": 2506000000,
    "interestIncome": 0,
    "interestExpense": 92000000,
    "depreciationAndAmortization": 340000000,
    "ebitda": 3418000000,
    "ebitdaratio": 0.6100303409,
    "operatingIncome": 3097000000,
    "operatingIncomeRatio": 0.5527396038,
    "totalOtherIncomeExpensesNet": -111000000,
    "incomeBeforeTax": 2986000000,
    "incomeBeforeTaxRatio": 0.5329287881,
    "incomeTaxExpense": 1027000000,
    "netIncome": 1549000000,
    "netIncomeRatio": 0.2764590398,
    "eps": 1.65,
    "epsdiluted": 1.63,
    "weightedAverageShsOut": 942000000,
    "weightedAverageShsOutDil": 954000000,
    "link": "https://www.sec.gov/Archives/edgar/data/831259/000083125911000014/0000831259-11-000014-index.htm",
    "finalLink": "https://www.sec.gov/Archives/edgar/data/831259/000083125911000014/fcx123110-10k.htm"
  },
  {
    "date": "2010-09-30",
    "symbol": "FCX",
    "reportedCurrency": "USD",
    "cik": "0000831259",
    "fillingDate": "2010-11-05",
    "acceptedDate": "2010-11-05 17:09:18",
    "calendarYear": "2010",
    "period": "Q3",
    "revenue": 5152000000,
    "costOfRevenue": 2572000000,
    "grossProfit": 2580000000,
    "grossProfitRatio": 0.5007763975,
    "researchAndDevelopmentExpenses": 35000000,
    "generalAndAdministrativeExpenses": 0,
    "sellingAndMarketingExpenses": 0,
    "sellingGeneralAndAdministrativeExpenses": 81000000,
    "otherExpenses": -35000000,
    "operatingExpenses": 81000000,
    "costAndExpenses": 2653000000,
    "interestIncome": 0,
    "interestExpense": 103000000,
    "depreciationAndAmortization": 268000000,
    "ebitda": 2786000000,
    "ebitdaratio": 0.5407608696,
    "operatingIncome": 2499000000,
    "operatingIncomeRatio": 0.4850543478,
    "totalOtherIncomeExpensesNet": -122000000,
    "incomeBeforeTax": 2377000000,
    "incomeBeforeTaxRatio": 0.4613742236,
    "incomeTaxExpense": 845000000,
    "netIncome": 1178000000,
    "netIncomeRatio": 0.2286490683,
    "eps": 1.25,
    "epsdiluted": 1.25,
    "weightedAverageShsOut": 942000000,
    "weightedAverageShsOutDil": 948000000,
    "link": "https://www.sec.gov/Archives/edgar/data/831259/000083125910000070/0000831259-10-000070-index.htm",
    "finalLink": "https://www.sec.gov/Archives/edgar/data/831259/000083125910000070/fcx3q10q.htm"
  },
  {
    "date": "2010-06-30",
    "symbol": "FCX",
    "reportedCurrency": "USD",
    "cik": "0000831259",
    "fillingDate": "2010-08-06",
    "acceptedDate": "2010-08-06 17:30:43",
    "calendarYear": "2010",
    "period": "Q2",
    "revenue": 3864000000,
    "costOfRevenue": 2339000000,
    "grossProfit": 1525000000,
    "grossProfitRatio": 0.3946687371,
    "researchAndDevelopmentExpenses": 0,
    "generalAndAdministrativeExpenses": 0,
    "sellingAndMarketingExpenses": 0,
    "sellingGeneralAndAdministrativeExpenses": 101000000,
    "otherExpenses": 0,
    "operatingExpenses": 101000000,
    "costAndExpenses": 2440000000,
    "interestIncome": 0,
    "interestExpense": 122000000,
    "depreciationAndAmortization": 249000000,
    "ebitda": 1632000000,
    "ebitdaratio": 0.4223602484,
    "operatingIncome": 1424000000,
    "operatingIncomeRatio": 0.3685300207,
    "totalOtherIncomeExpensesNet": -163000000,
    "incomeBeforeTax": 1261000000,
    "incomeBeforeTaxRatio": 0.3263457557,
    "incomeTaxExpense": 433000000,
    "netIncome": 664000000,
    "netIncomeRatio": 0.1718426501,
    "eps": 0.71,
    "epsdiluted": 0.7,
    "weightedAverageShsOut": 916000000,
    "weightedAverageShsOutDil": 946000000,
    "link": "https://www.sec.gov/Archives/edgar/data/831259/000083125910000048/0000831259-10-000048-index.htm",
    "finalLink": "https://www.sec.gov/Archives/edgar/data/831259/000083125910000048/fcx2q10_10q.htm"
  },
  {
    "date": "2010-03-31",
    "symbol": "FCX",
    "reportedCurrency": "USD",
    "cik": "0000831259",
    "fillingDate": "2010-05-07",
    "acceptedDate": "2010-05-07 16:28:09",
    "calendarYear": "2010",
    "period": "Q1",
    "revenue": 4363000000,
    "costOfRevenue": 2220000000,
    "grossProfit": 2143000000,
    "grossProfitRatio": 0.4911757965,
    "researchAndDevelopmentExpenses": 0,
    "generalAndAdministrativeExpenses": 0,
    "sellingAndMarketingExpenses": 0,
    "sellingGeneralAndAdministrativeExpenses": 95000000,
    "otherExpenses": 0,
    "operatingExpenses": 95000000,
    "costAndExpenses": 2315000000,
    "interestIncome": 0,
    "interestExpense": 145000000,
    "depreciationAndAmortization": 271000000,
    "ebitda": 2304000000,
    "ebitdaratio": 0.5280770112,
    "operatingIncome": 2048000000,
    "operatingIncomeRatio": 0.4694017878,
    "totalOtherIncomeExpensesNet": -160000000,
    "incomeBeforeTax": 1888000000,
    "incomeBeforeTaxRatio": 0.4327297731,
    "incomeTaxExpense": 678000000,
    "netIncome": 945000000,
    "netIncomeRatio": 0.2165940866,
    "eps": 1.04,
    "epsdiluted": 1,
    "weightedAverageShsOut": 862000000,
    "weightedAverageShsOutDil": 946000000,
    "link": "https://www.sec.gov/Archives/edgar/data/831259/000083125910000029/0000831259-10-000029-index.htm",
    "finalLink": "https://www.sec.gov/Archives/edgar/data/831259/000083125910000029/fcx1q10_10q.htm"
  },
  {
    "date": "2009-12-31",
    "symbol": "FCX",
    "reportedCurrency": "USD",
    "cik": "0000831259",
    "fillingDate": "2010-02-26",
    "acceptedDate": "2010-02-26 15:12:35",
    "calendarYear": "2009",
    "period": "Q4",
    "revenue": 4610000000,
    "costOfRevenue": 2131000000,
    "grossProfit": 2479000000,
    "grossProfitRatio": 0.5377440347,
    "researchAndDevelopmentExpenses": 0,
    "generalAndAdministrativeExpenses": 0,
    "sellingAndMarketingExpenses": 0,
    "sellingGeneralAndAdministrativeExpenses": 96000000,
    "otherExpenses": 144000000,
    "operatingExpenses": 186000000,
    "costAndExpenses": 2317000000,
    "interestIncome": 0,
    "interestExpense": 135000000,
    "depreciationAndAmortization": 344000000,
    "ebitda": 2537000000,
    "ebitdaratio": 0.5503253796,
    "operatingIncome": 2239000000,
    "operatingIncomeRatio": 0.4856832972,
    "totalOtherIncomeExpensesNet": -181000000,
    "incomeBeforeTax": 2058000000,
    "incomeBeforeTaxRatio": 0.4464208243,
    "incomeTaxExpense": 750000000,
    "netIncome": 1019000000,
    "netIncomeRatio": 0.2210412148,
    "eps": 1.18,
    "epsdiluted": 1.18,
    "weightedAverageShsOut": 862000000,
    "weightedAverageShsOutDil": 862000000,
    "link": "https://www.sec.gov/Archives/edgar/data/831259/000083125910000010/0000831259-10-000010-index.htm",
    "finalLink": "https://www.sec.gov/Archives/edgar/data/831259/000083125910000010/fcx123109-10k.htm"
  },
  {
    "date": "2009-09-30",
    "symbol": "FCX",
    "reportedCurrency": "USD",
    "cik": "0000831259",
    "fillingDate": "2009-11-06",
    "acceptedDate": "2009-11-06 14:24:44",
    "calendarYear": "2009",
    "period": "Q3",
    "revenue": 4144000000,
    "costOfRevenue": 1986000000,
    "grossProfit": 2158000000,
    "grossProfitRatio": 0.5207528958,
    "researchAndDevelopmentExpenses": 0,
    "generalAndAdministrativeExpenses": 0,
    "sellingAndMarketingExpenses": 0,
    "sellingGeneralAndAdministrativeExpenses": 74000000,
    "otherExpenses": 0,
    "operatingExpenses": 74000000,
    "costAndExpenses": 2060000000,
    "interestIncome": 0,
    "interestExpense": 162000000,
    "depreciationAndAmortization": 269000000,
    "ebitda": 2353000000,
    "ebitdaratio": 0.5678088803,
    "operatingIncome": 2084000000,
    "operatingIncomeRatio": 0.5028957529,
    "totalOtherIncomeExpensesNet": -200000000,
    "incomeBeforeTax": 1884000000,
    "incomeBeforeTaxRatio": 0.4546332046,
    "incomeTaxExpense": 684000000,
    "netIncome": 979000000,
    "netIncomeRatio": 0.2362451737,
    "eps": 1.12,
    "epsdiluted": 1.03,
    "weightedAverageShsOut": 832000000,
    "weightedAverageShsOutDil": 944000000,
    "link": "https://www.sec.gov/Archives/edgar/data/831259/000083125909000098/0000831259-09-000098-index.htm",
    "finalLink": "https://www.sec.gov/Archives/edgar/data/831259/000083125909000098/fcx3q09_10q.htm"
  },
  {
    "date": "2009-06-30",
    "symbol": "FCX",
    "reportedCurrency": "USD",
    "cik": "0000831259",
    "fillingDate": "2009-08-07",
    "acceptedDate": "2009-08-07 17:24:28",
    "calendarYear": "2009",
    "period": "Q2",
    "revenue": 3684000000,
    "costOfRevenue": 2089000000,
    "grossProfit": 1595000000,
    "grossProfitRatio": 0.4329533116,
    "researchAndDevelopmentExpenses": 0,
    "generalAndAdministrativeExpenses": 0,
    "sellingAndMarketingExpenses": 0,
    "sellingGeneralAndAdministrativeExpenses": 89000000,
    "otherExpenses": 0,
    "operatingExpenses": 89000000,
    "costAndExpenses": 2178000000,
    "interestIncome": 0,
    "interestExpense": 158000000,
    "depreciationAndAmortization": 259000000,
    "ebitda": 1764000000,
    "ebitdaratio": 0.4788273616,
    "operatingIncome": 1508000000,
    "operatingIncomeRatio": 0.4093376764,
    "totalOtherIncomeExpensesNet": -161000000,
    "incomeBeforeTax": 1347000000,
    "incomeBeforeTaxRatio": 0.3656351792,
    "incomeTaxExpense": 542000000,
    "netIncome": 812000000,
    "netIncomeRatio": 0.220412595,
    "eps": 0.72,
    "epsdiluted": 0.69,
    "weightedAverageShsOut": 824000000,
    "weightedAverageShsOutDil": 942000000,
    "link": "https://www.sec.gov/Archives/edgar/data/831259/000083125909000076/0000831259-09-000076-index.htm",
    "finalLink": "https://www.sec.gov/Archives/edgar/data/831259/000083125909000076/fcx2q09_10q.htm"
  },
  {
    "date": "2009-03-31",
    "symbol": "FCX",
    "reportedCurrency": "USD",
    "cik": "0000831259",
    "fillingDate": "2009-05-11",
    "acceptedDate": "2009-05-11 13:38:18",
    "calendarYear": "2009",
    "period": "Q1",
    "revenue": 2602000000,
    "costOfRevenue": 1843000000,
    "grossProfit": 759000000,
    "grossProfitRatio": 0.2916986933,
    "researchAndDevelopmentExpenses": 0,
    "generalAndAdministrativeExpenses": 0,
    "sellingAndMarketingExpenses": 0,
    "sellingGeneralAndAdministrativeExpenses": 62000000,
    "otherExpenses": 25000000,
    "operatingExpenses": 62000000,
    "costAndExpenses": 1905000000,
    "interestIncome": 0,
    "interestExpense": 131000000,
    "depreciationAndAmortization": 265000000,
    "ebitda": 920000000,
    "ebitdaratio": 0.3535741737,
    "operatingIncome": 672000000,
    "operatingIncomeRatio": 0.2582628747,
    "totalOtherIncomeExpensesNet": -145000000,
    "incomeBeforeTax": 527000000,
    "incomeBeforeTaxRatio": 0.2025365104,
    "incomeTaxExpense": 331000000,
    "netIncome": 103000000,
    "netIncomeRatio": 0.0395849347,
    "eps": 0.055,
    "epsdiluted": 0.055,
    "weightedAverageShsOut": 800000000,
    "weightedAverageShsOutDil": 802000000,
    "link": "https://www.sec.gov/Archives/edgar/data/831259/000083125909000047/0000831259-09-000047-index.htm",
    "finalLink": "https://www.sec.gov/Archives/edgar/data/831259/000083125909000047/fcx1q09_10q.htm"
  },
  {
    "date": "2008-12-31",
    "symbol": "FCX",
    "reportedCurrency": "USD",
    "cik": "0000831259",
    "fillingDate": "2009-02-26",
    "acceptedDate": "2009-02-26 17:16:48",
    "calendarYear": "2008",
    "period": "Q4",
    "revenue": 2067000000,
    "costOfRevenue": 4664000000,
    "grossProfit": -2597000000,
    "grossProfitRatio": -1.2564102564,
    "researchAndDevelopmentExpenses": 83000000,
    "generalAndAdministrativeExpenses": 0,
    "sellingAndMarketingExpenses": 0,
    "sellingGeneralAndAdministrativeExpenses": -31000000,
    "otherExpenses": 15643000000,
    "operatingExpenses": -1264000000,
    "costAndExpenses": 3400000000,
    "interestIncome": 0,
    "interestExpense": 0,
    "depreciationAndAmortization": 577000000,
    "ebitda": -17736000000,
    "ebitdaratio": -8.5805515239,
    "operatingIncome": -18292000000,
    "operatingIncomeRatio": -8.8495403967,
    "totalOtherIncomeExpensesNet": -159000000,
    "incomeBeforeTax": -18451000000,
    "incomeBeforeTaxRatio": -8.9264634736,
    "incomeTaxExpense": -4471000000,
    "netIncome": -13850000000,
    "netIncomeRatio": -6.7005321722,
    "eps": -17.31,
    "epsdiluted": -17.31,
    "weightedAverageShsOut": 800000000,
    "weightedAverageShsOutDil": 800000000,
    "link": "https://www.sec.gov/Archives/edgar/data/831259/000083125909000018/0000831259-09-000018-index.htm",
    "finalLink": "https://www.sec.gov/Archives/edgar/data/831259/000083125909000018/fcx123108-10k.htm"
  },
  {
    "date": "2008-09-30",
    "symbol": "FCX",
    "reportedCurrency": "USD",
    "cik": "0000831259",
    "fillingDate": "2008-11-10",
    "acceptedDate": "2008-11-10 16:13:52",
    "calendarYear": "2008",
    "period": "Q3",
    "revenue": 4616000000,
    "costOfRevenue": 2874000000,
    "grossProfit": 1742000000,
    "grossProfitRatio": 0.3773830156,
    "researchAndDevelopmentExpenses": 77000000,
    "generalAndAdministrativeExpenses": 0,
    "sellingAndMarketingExpenses": 0,
    "sellingGeneralAndAdministrativeExpenses": 90000000,
    "otherExpenses": 442000000,
    "operatingExpenses": 609000000,
    "costAndExpenses": 3483000000,
    "interestIncome": 0,
    "interestExpense": 0,
    "depreciationAndAmortization": 442000000,
    "ebitda": 1575000000,
    "ebitdaratio": 0.3412045061,
    "operatingIncome": 1133000000,
    "operatingIncomeRatio": 0.2454506066,
    "totalOtherIncomeExpensesNet": -153000000,
    "incomeBeforeTax": 980000000,
    "incomeBeforeTaxRatio": 0.212305026,
    "incomeTaxExpense": 240000000,
    "netIncome": 587000000,
    "netIncomeRatio": 0.1271663778,
    "eps": 0.69,
    "epsdiluted": 0.66,
    "weightedAverageShsOut": 764000000,
    "weightedAverageShsOutDil": 894000000,
    "link": "https://www.sec.gov/Archives/edgar/data/831259/000083125908000117/0000831259-08-000117-index.htm",
    "finalLink": "https://www.sec.gov/Archives/edgar/data/831259/000083125908000117/fcx3q08_10-q.htm"
  },
  {
    "date": "2008-06-30",
    "symbol": "FCX",
    "reportedCurrency": "USD",
    "cik": "0000831259",
    "fillingDate": "2008-08-11",
    "acceptedDate": "2008-08-08 21:12:40",
    "calendarYear": "2008",
    "period": "Q2",
    "revenue": 5441000000,
    "costOfRevenue": 3182000000,
    "grossProfit": 2259000000,
    "grossProfitRatio": 0.4151810329,
    "researchAndDevelopmentExpenses": 80000000,
    "generalAndAdministrativeExpenses": 0,
    "sellingAndMarketingExpenses": 0,
    "sellingGeneralAndAdministrativeExpenses": 126000000,
    "otherExpenses": 0,
    "operatingExpenses": 206000000,
    "costAndExpenses": 3388000000,
    "interestIncome": 0,
    "interestExpense": 140000000,
    "depreciationAndAmortization": 462000000,
    "ebitda": 2493000000,
    "ebitdaratio": 0.4581878331,
    "operatingIncome": 2053000000,
    "operatingIncomeRatio": 0.3773203455,
    "totalOtherIncomeExpensesNet": -111000000,
    "incomeBeforeTax": 1942000000,
    "incomeBeforeTaxRatio": 0.3569196839,
    "incomeTaxExpense": 658000000,
    "netIncome": 1010000000,
    "netIncomeRatio": 0.185627642,
    "eps": 1.24,
    "epsdiluted": 1.13,
    "weightedAverageShsOut": 768000000,
    "weightedAverageShsOutDil": 900000000,
    "link": "https://www.sec.gov/Archives/edgar/data/831259/000083125908000085/0000831259-08-000085-index.htm",
    "finalLink": "https://www.sec.gov/Archives/edgar/data/831259/000083125908000085/fcx2q08-10q.htm"
  },
  {
    "date": "2008-03-31",
    "symbol": "FCX",
    "reportedCurrency": "USD",
    "cik": "0000831259",
    "fillingDate": "2008-05-12",
    "acceptedDate": "2008-05-12 17:02:25",
    "calendarYear": "2008",
    "period": "Q1",
    "revenue": 5672000000,
    "costOfRevenue": 3140000000,
    "grossProfit": 2532000000,
    "grossProfitRatio": 0.446403385,
    "researchAndDevelopmentExpenses": 0,
    "generalAndAdministrativeExpenses": 0,
    "sellingAndMarketingExpenses": 0,
    "sellingGeneralAndAdministrativeExpenses": 136000000,
    "otherExpenses": -6000000,
    "operatingExpenses": 130000000,
    "costAndExpenses": 3270000000,
    "interestIncome": 0,
    "interestExpense": 165000000,
    "depreciationAndAmortization": 418000000,
    "ebitda": 2858000000,
    "ebitdaratio": 0.5038787024,
    "operatingIncome": 2396000000,
    "operatingIncomeRatio": 0.422425952,
    "totalOtherIncomeExpensesNet": -162000000,
    "incomeBeforeTax": 2234000000,
    "incomeBeforeTaxRatio": 0.393864598,
    "incomeTaxExpense": 729000000,
    "netIncome": 1186000000,
    "netIncomeRatio": 0.2090973202,
    "eps": 1.47,
    "epsdiluted": 1.32,
    "weightedAverageShsOut": 766000000,
    "weightedAverageShsOutDil": 898000000,
    "link": "https://www.sec.gov/Archives/edgar/data/831259/000083125908000055/0000831259-08-000055-index.htm",
    "finalLink": "https://www.sec.gov/Archives/edgar/data/831259/000083125908000055/fcx1q08-10q.htm"
  },
  {
    "date": "2007-12-31",
    "symbol": "FCX",
    "reportedCurrency": "USD",
    "cik": "0000831259",
    "fillingDate": "2008-02-29",
    "acceptedDate": "2008-02-29 15:16:18",
    "calendarYear": "2007",
    "period": "Q4",
    "revenue": 4184000000,
    "costOfRevenue": 3726000000,
    "grossProfit": 458000000,
    "grossProfitRatio": 0.1094646272,
    "researchAndDevelopmentExpenses": -6500000,
    "generalAndAdministrativeExpenses": 0,
    "sellingAndMarketingExpenses": 0,
    "sellingGeneralAndAdministrativeExpenses": 152000000,
    "otherExpenses": -836600000,
    "operatingExpenses": -696000000,
    "costAndExpenses": 3030000000,
    "interestIncome": 0,
    "interestExpense": 0,
    "depreciationAndAmortization": 400000000,
    "ebitda": 1554000000,
    "ebitdaratio": 0.371414914,
    "operatingIncome": 1152000000,
    "operatingIncomeRatio": 0.275334608,
    "totalOtherIncomeExpensesNet": -77000000,
    "incomeBeforeTax": 1075000000,
    "incomeBeforeTaxRatio": 0.2569311663,
    "incomeTaxExpense": 525000000,
    "netIncome": 478000000,
    "netIncomeRatio": 0.1142447419,
    "eps": 0.62,
    "epsdiluted": 0.62,
    "weightedAverageShsOut": 766000000,
    "weightedAverageShsOutDil": 766000000,
    "link": "https://www.sec.gov/Archives/edgar/data/831259/000083125908000026/0000831259-08-000026-index.htm",
    "finalLink": "https://www.sec.gov/Archives/edgar/data/831259/000083125908000026/fcx123107-10k.htm"
  },
  {
    "date": "2007-09-30",
    "symbol": "FCX",
    "reportedCurrency": "USD",
    "cik": "0000831259",
    "fillingDate": "2007-11-07",
    "acceptedDate": "2007-11-07 14:29:35",
    "calendarYear": "2007",
    "period": "Q3",
    "revenue": 5066000000,
    "costOfRevenue": 2702000000,
    "grossProfit": 2364000000,
    "grossProfitRatio": 0.4666403474,
    "researchAndDevelopmentExpenses": 0,
    "generalAndAdministrativeExpenses": 0,
    "sellingAndMarketingExpenses": 0,
    "sellingGeneralAndAdministrativeExpenses": 131000000,
    "otherExpenses": 356000000,
    "operatingExpenses": 451000000,
    "costAndExpenses": 3153000000,
    "interestIncome": 0,
    "interestExpense": 0,
    "depreciationAndAmortization": 369000000,
    "ebitda": 2282000000,
    "ebitdaratio": 0.4504540071,
    "operatingIncome": 1877000000,
    "operatingIncomeRatio": 0.3705092775,
    "totalOtherIncomeExpensesNet": -91000000,
    "incomeBeforeTax": 1786000000,
    "incomeBeforeTaxRatio": 0.3525463877,
    "incomeTaxExpense": 653000000,
    "netIncome": 838000000,
    "netIncomeRatio": 0.1654165022,
    "eps": 1.01,
    "epsdiluted": 0.94,
    "weightedAverageShsOut": 764000000,
    "weightedAverageShsOutDil": 894000000,
    "link": "https://www.sec.gov/Archives/edgar/data/831259/000083125907000194/0000831259-07-000194-index.htm",
    "finalLink": "https://www.sec.gov/Archives/edgar/data/831259/000083125907000194/fcx093007-10q.htm"
  },
  {
    "date": "2007-06-30",
    "symbol": "FCX",
    "reportedCurrency": "USD",
    "cik": "0000831259",
    "fillingDate": "2007-08-09",
    "acceptedDate": "2007-08-09 15:15:37",
    "calendarYear": "2007",
    "period": "Q2",
    "revenue": 5807000000,
    "costOfRevenue": 3269000000,
    "grossProfit": 2538000000,
    "grossProfitRatio": 0.4370587222,
    "researchAndDevelopmentExpenses": 0,
    "generalAndAdministrativeExpenses": 0,
    "sellingAndMarketingExpenses": 0,
    "sellingGeneralAndAdministrativeExpenses": 139000000,
    "otherExpenses": 0,
    "operatingExpenses": 92000000,
    "costAndExpenses": 3361000000,
    "interestIncome": 0,
    "interestExpense": 0,
    "depreciationAndAmortization": 378700000,
    "ebitda": 2825000000,
    "ebitdaratio": 0.4864818323,
    "operatingIncome": 2399000000,
    "operatingIncomeRatio": 0.413122094,
    "totalOtherIncomeExpensesNet": -141000000,
    "incomeBeforeTax": 2258000000,
    "incomeBeforeTaxRatio": 0.3888410539,
    "incomeTaxExpense": 777000000,
    "netIncome": 1168000000,
    "netIncomeRatio": 0.2011365593,
    "eps": 1.45,
    "epsdiluted": 1.31,
    "weightedAverageShsOut": 762000000,
    "weightedAverageShsOutDil": 892000000,
    "link": "https://www.sec.gov/Archives/edgar/data/831259/000083125907000129/0000831259-07-000129-index.htm",
    "finalLink": "https://www.sec.gov/Archives/edgar/data/831259/000083125907000129/fcx2q0710-q.htm"
  },
  {
    "date": "2007-03-31",
    "symbol": "FCX",
    "reportedCurrency": "USD",
    "cik": "0000831259",
    "fillingDate": "2007-05-10",
    "acceptedDate": "2007-05-10 14:34:07",
    "calendarYear": "2007",
    "period": "Q1",
    "revenue": 2302900000,
    "costOfRevenue": 952100000,
    "grossProfit": 1350800000,
    "grossProfitRatio": 0.5865647662,
    "researchAndDevelopmentExpenses": 6500000,
    "generalAndAdministrativeExpenses": 0,
    "sellingAndMarketingExpenses": 0,
    "sellingGeneralAndAdministrativeExpenses": 48900000,
    "otherExpenses": -400000,
    "operatingExpenses": 83900000,
    "costAndExpenses": 1036000000,
    "interestIncome": 0,
    "interestExpense": 0,
    "depreciationAndAmortization": 116300000,
    "ebitda": 1376000000,
    "ebitdaratio": 0.5975074906,
    "operatingIncome": 1179100000,
    "operatingIncomeRatio": 0.5120066004,
    "totalOtherIncomeExpensesNet": -111000000,
    "incomeBeforeTax": 1067500000,
    "incomeBeforeTaxRatio": 0.4635459638,
    "incomeTaxExpense": 460200000,
    "netIncome": 492900000,
    "netIncomeRatio": 0.2140344783,
    "eps": 1.1,
    "epsdiluted": 1.01,
    "weightedAverageShsOut": 434000000,
    "weightedAverageShsOutDil": 488000000,
    "link": "https://www.sec.gov/Archives/edgar/data/831259/000083125907000072/0000831259-07-000072-index.htm",
    "finalLink": "https://www.sec.gov/Archives/edgar/data/831259/000083125907000072/fcx1q07form10-q.htm"
  },
  {
    "date": "2006-12-31",
    "symbol": "FCX",
    "reportedCurrency": "USD",
    "cik": "0000831259",
    "fillingDate": "2007-04-30",
    "acceptedDate": "2007-04-30 17:14:04",
    "calendarYear": "2006",
    "period": "Q4",
    "revenue": 1642127000,
    "costOfRevenue": 653510000,
    "grossProfit": 988617000,
    "grossProfitRatio": 0.6020344346,
    "researchAndDevelopmentExpenses": 0,
    "generalAndAdministrativeExpenses": 25908000,
    "sellingAndMarketingExpenses": 20334000,
    "sellingGeneralAndAdministrativeExpenses": 46242000,
    "otherExpenses": 80216000,
    "operatingExpenses": 126458000,
    "costAndExpenses": 779968000,
    "interestIncome": 0,
    "interestExpense": 0,
    "depreciationAndAmortization": 85107000,
    "ebitda": 947266000,
    "ebitdaratio": 0.5768530692,
    "operatingIncome": 862236000,
    "operatingIncomeRatio": 0.5250726649,
    "totalOtherIncomeExpensesNet": -2476000,
    "incomeBeforeTax": 859760000,
    "incomeBeforeTaxRatio": 0.5235648643,
    "incomeTaxExpense": 365365000,
    "netIncome": 441567000,
    "netIncomeRatio": 0.2688994213,
    "eps": 1.02,
    "epsdiluted": 1.02,
    "weightedAverageShsOut": 433600000,
    "weightedAverageShsOutDil": 433600000,
    "link": "https://www.sec.gov/Archives/edgar/data/831259/000083125907000066/0000831259-07-000066-index.htm",
    "finalLink": "https://www.sec.gov/Archives/edgar/data/831259/000083125907000066/fcx10k-a.htm"
  },
  {
    "date": "2006-09-30",
    "symbol": "FCX",
    "reportedCurrency": "USD",
    "cik": "0000831259",
    "fillingDate": "2006-11-02",
    "acceptedDate": "2006-11-02 14:51:39",
    "calendarYear": "2006",
    "period": "Q3",
    "revenue": 1636049000,
    "costOfRevenue": 794726000,
    "grossProfit": 841323000,
    "grossProfitRatio": 0.5142407104,
    "researchAndDevelopmentExpenses": 0,
    "generalAndAdministrativeExpenses": 45062000,
    "sellingAndMarketingExpenses": 0,
    "sellingGeneralAndAdministrativeExpenses": 45062000,
    "otherExpenses": 59938000,
    "operatingExpenses": 76003000,
    "costAndExpenses": 870729000,
    "interestIncome": 0,
    "interestExpense": 0,
    "depreciationAndAmortization": 60827000,
    "ebitda": 825000000,
    "ebitdaratio": 0.5042636254,
    "operatingIncome": 735434000,
    "operatingIncomeRatio": 0.4495183213,
    "totalOtherIncomeExpensesNet": -19000000,
    "incomeBeforeTax": 715830000,
    "incomeBeforeTaxRatio": 0.4375357951,
    "incomeTaxExpense": 303844000,
    "netIncome": 365787000,
    "netIncomeRatio": 0.2235794894,
    "eps": 0.93,
    "epsdiluted": 0.84,
    "weightedAverageShsOut": 380000000,
    "weightedAverageShsOutDil": 442000000,
    "link": "https://www.sec.gov/Archives/edgar/data/831259/000083125906000134/0000831259-06-000134-index.htm",
    "finalLink": "https://www.sec.gov/Archives/edgar/data/831259/000083125906000134/fcx3q06_form10q.htm"
  },
  {
    "date": "2006-06-30",
    "symbol": "FCX",
    "reportedCurrency": "USD",
    "cik": "0000831259",
    "fillingDate": "2006-08-03",
    "acceptedDate": "2006-08-03 17:27:14",
    "calendarYear": "2006",
    "period": "Q2",
    "revenue": 1426202000,
    "costOfRevenue": 608385000,
    "grossProfit": 817817000,
    "grossProfitRatio": 0.5734229794,
    "researchAndDevelopmentExpenses": 0,
    "generalAndAdministrativeExpenses": 35135000,
    "sellingAndMarketingExpenses": 0,
    "sellingGeneralAndAdministrativeExpenses": 35135000,
    "otherExpenses": 43088000,
    "operatingExpenses": 78223000,
    "costAndExpenses": 686608000,
    "interestIncome": 0,
    "interestExpense": 0,
    "depreciationAndAmortization": 43355000,
    "ebitda": 782700000,
    "ebitdaratio": 0.5488002401,
    "operatingIncome": 739327000,
    "operatingIncomeRatio": 0.5183886995,
    "totalOtherIncomeExpensesNet": -4000000,
    "incomeBeforeTax": 734658000,
    "incomeBeforeTaxRatio": 0.5151149697,
    "incomeTaxExpense": 310244000,
    "netIncome": 382380000,
    "netIncomeRatio": 0.2681106884,
    "eps": 0.98,
    "epsdiluted": 0.87,
    "weightedAverageShsOut": 376000000,
    "weightedAverageShsOutDil": 444000000,
    "link": "https://www.sec.gov/Archives/edgar/data/831259/000083125906000085/0000831259-06-000085-index.htm",
    "finalLink": "https://www.sec.gov/Archives/edgar/data/831259/000083125906000085/fcx2q06form10q.htm"
  },
  {
    "date": "2006-03-31",
    "symbol": "FCX",
    "reportedCurrency": "USD",
    "cik": "0000831259",
    "fillingDate": "2006-05-09",
    "acceptedDate": "2006-05-09 12:51:28",
    "calendarYear": "2006",
    "period": "Q1",
    "revenue": 1086122000,
    "costOfRevenue": 480491000,
    "grossProfit": 605631000,
    "grossProfitRatio": 0.5576086296,
    "researchAndDevelopmentExpenses": 0,
    "generalAndAdministrativeExpenses": 30631000,
    "sellingAndMarketingExpenses": 0,
    "sellingGeneralAndAdministrativeExpenses": 30631000,
    "otherExpenses": 43250000,
    "operatingExpenses": 73881000,
    "costAndExpenses": 554372000,
    "interestIncome": 0,
    "interestExpense": 0,
    "depreciationAndAmortization": 43250000,
    "ebitda": 572015000,
    "ebitdaratio": 0.5266581471,
    "operatingIncome": 531750000,
    "operatingIncomeRatio": 0.4895858845,
    "totalOtherIncomeExpensesNet": -16150000,
    "incomeBeforeTax": 515623000,
    "incomeBeforeTaxRatio": 0.4747376446,
    "incomeTaxExpense": 221722000,
    "netIncome": 266775000,
    "netIncomeRatio": 0.2456215784,
    "eps": 0.67,
    "epsdiluted": 0.62,
    "weightedAverageShsOut": 375800000,
    "weightedAverageShsOutDil": 443000000,
    "link": "https://www.sec.gov/Archives/edgar/data/831259/000083125906000044/0000831259-06-000044-index.htm",
    "finalLink": "https://www.sec.gov/Archives/edgar/data/831259/000083125906000044/fcx1q06_10q.htm"
  },
  {
    "date": "2005-12-31",
    "symbol": "FCX",
    "reportedCurrency": "USD",
    "cik": "0000831259",
    "fillingDate": "2006-03-16",
    "acceptedDate": "2006-03-15 17:45:14",
    "calendarYear": "2005",
    "period": "Q4",
    "revenue": 1489874000,
    "costOfRevenue": 456475000,
    "grossProfit": 1033399000,
    "grossProfitRatio": 0.6936150305,
    "researchAndDevelopmentExpenses": 0,
    "generalAndAdministrativeExpenses": 19431000,
    "sellingAndMarketingExpenses": 5494000,
    "sellingGeneralAndAdministrativeExpenses": 24925000,
    "otherExpenses": 78781000,
    "operatingExpenses": 103706000,
    "costAndExpenses": 560181000,
    "interestIncome": 0,
    "interestExpense": 0,
    "depreciationAndAmortization": 80398000,
    "ebitda": 1010091000,
    "ebitdaratio": 0.6779707546,
    "operatingIncome": 929693000,
    "operatingIncomeRatio": 0.624007802,
    "totalOtherIncomeExpensesNet": -21972000,
    "incomeBeforeTax": 907721000,
    "incomeBeforeTaxRatio": 0.6092602462,
    "incomeTaxExpense": 375644000,
    "netIncome": 478305000,
    "netIncomeRatio": 0.3210372152,
    "eps": 1.27,
    "epsdiluted": 1.27,
    "weightedAverageShsOut": 371082000,
    "weightedAverageShsOutDil": 375832000,
    "link": "https://www.sec.gov/Archives/edgar/data/831259/000083125906000008/0000831259-06-000008-index.htm",
    "finalLink": "https://www.sec.gov/Archives/edgar/data/831259/000083125906000008/fcx200510-k.htm"
  },
  {
    "date": "2005-09-30",
    "symbol": "FCX",
    "reportedCurrency": "USD",
    "cik": "0000831259",
    "fillingDate": "2005-11-03",
    "acceptedDate": "2005-11-03 16:10:30",
    "calendarYear": "2005",
    "period": "Q3",
    "revenue": 983270000,
    "costOfRevenue": 434368000,
    "grossProfit": 548902000,
    "grossProfitRatio": 0.5582413783,
    "researchAndDevelopmentExpenses": 0,
    "generalAndAdministrativeExpenses": 25546000,
    "sellingAndMarketingExpenses": 2159000,
    "sellingGeneralAndAdministrativeExpenses": 27705000,
    "otherExpenses": 61646000,
    "operatingExpenses": 89351000,
    "costAndExpenses": 523719000,
    "interestIncome": 0,
    "interestExpense": 0,
    "depreciationAndAmortization": 63615000,
    "ebitda": 523166000,
    "ebitdaratio": 0.5320674891,
    "operatingIncome": 459551000,
    "operatingIncomeRatio": 0.4673701018,
    "totalOtherIncomeExpensesNet": -66826000,
    "incomeBeforeTax": 392725000,
    "incomeBeforeTaxRatio": 0.3994070805,
    "incomeTaxExpense": 186712000,
    "netIncome": 180930000,
    "netIncomeRatio": 0.1840084616,
    "eps": 0.47,
    "epsdiluted": 0.43,
    "weightedAverageShsOut": 355790000,
    "weightedAverageShsOutDil": 439648000,
    "link": "https://www.sec.gov/Archives/edgar/data/831259/000083125905000092/0000831259-05-000092-index.htm",
    "finalLink": "https://www.sec.gov/Archives/edgar/data/831259/000083125905000092/fcx3q0510q.htm"
  },
  {
    "date": "2005-06-30",
    "symbol": "FCX",
    "reportedCurrency": "USD",
    "cik": "0000831259",
    "fillingDate": "2005-08-03",
    "acceptedDate": "2005-08-03 15:34:32",
    "calendarYear": "2005",
    "period": "Q2",
    "revenue": 902909000,
    "costOfRevenue": 390586000,
    "grossProfit": 512323000,
    "grossProfitRatio": 0.5674137704,
    "researchAndDevelopmentExpenses": 0,
    "generalAndAdministrativeExpenses": 25379000,
    "sellingAndMarketingExpenses": 2342000,
    "sellingGeneralAndAdministrativeExpenses": 27721000,
    "otherExpenses": 54159000,
    "operatingExpenses": 81880000,
    "costAndExpenses": 472466000,
    "interestIncome": 0,
    "interestExpense": 0,
    "depreciationAndAmortization": 56130000,
    "ebitda": 488612000,
    "ebitdaratio": 0.5411530952,
    "operatingIncome": 430443000,
    "operatingIncomeRatio": 0.4767291056,
    "totalOtherIncomeExpensesNet": -24587000,
    "incomeBeforeTax": 405856000,
    "incomeBeforeTaxRatio": 0.4494982329,
    "incomeTaxExpense": 188684000,
    "netIncome": 190372000,
    "netIncomeRatio": 0.2108429532,
    "eps": 0.49,
    "epsdiluted": 0.46,
    "weightedAverageShsOut": 356648000,
    "weightedAverageShsOutDil": 439980000,
    "link": "https://www.sec.gov/Archives/edgar/data/831259/000083125905000071/0000831259-05-000071-index.htm",
    "finalLink": "https://www.sec.gov/Archives/edgar/data/831259/000083125905000071/fcx2q0510q.htm"
  },
  {
    "date": "2005-03-31",
    "symbol": "FCX",
    "reportedCurrency": "USD",
    "cik": "0000831259",
    "fillingDate": "2005-05-06",
    "acceptedDate": "2005-05-06 16:42:07",
    "calendarYear": "2005",
    "period": "Q1",
    "revenue": 803065000,
    "costOfRevenue": 366926000,
    "grossProfit": 436139000,
    "grossProfitRatio": 0.5430930248,
    "researchAndDevelopmentExpenses": 0,
    "generalAndAdministrativeExpenses": 21614000,
    "sellingAndMarketingExpenses": 0,
    "sellingGeneralAndAdministrativeExpenses": 21614000,
    "otherExpenses": 56926000,
    "operatingExpenses": 78540000,
    "costAndExpenses": 445466000,
    "interestIncome": 0,
    "interestExpense": 0,
    "depreciationAndAmortization": 58965000,
    "ebitda": 414525000,
    "ebitdaratio": 0.5161786406,
    "operatingIncome": 357599000,
    "operatingIncomeRatio": 0.4452927223,
    "totalOtherIncomeExpensesNet": -26963000,
    "incomeBeforeTax": 330636000,
    "incomeBeforeTaxRatio": 0.4117176069,
    "incomeTaxExpense": 164028000,
    "netIncome": 145520000,
    "netIncomeRatio": 0.1812057554,
    "eps": 0.37,
    "epsdiluted": 0.35,
    "weightedAverageShsOut": 358640000,
    "weightedAverageShsOutDil": 400252000,
    "link": "https://www.sec.gov/Archives/edgar/data/831259/000083125905000037/0000831259-05-000037-index.htm",
    "finalLink": "https://www.sec.gov/Archives/edgar/data/831259/000083125905000037/fcx1q0510q.htm"
  },
  {
    "date": "2004-12-31",
    "symbol": "FCX",
    "reportedCurrency": "USD",
    "cik": "0000831259",
    "fillingDate": "2005-03-16",
    "acceptedDate": "2005-03-16 14:53:14",
    "calendarYear": "2004",
    "period": "Q4",
    "revenue": 924791000,
    "costOfRevenue": 436671000,
    "grossProfit": 488120000,
    "grossProfitRatio": 0.5278165553,
    "researchAndDevelopmentExpenses": 0,
    "generalAndAdministrativeExpenses": 18059000,
    "sellingAndMarketingExpenses": 7546000,
    "sellingGeneralAndAdministrativeExpenses": 25605000,
    "otherExpenses": -4347000,
    "operatingExpenses": 35269000,
    "costAndExpenses": 471940000,
    "interestIncome": 0,
    "interestExpense": 0,
    "depreciationAndAmortization": 84645000,
    "ebitda": 537496000,
    "ebitdaratio": 0.5812080784,
    "operatingIncome": 466862000,
    "operatingIncomeRatio": 0.5048297399,
    "totalOtherIncomeExpensesNet": -7923000,
    "incomeBeforeTax": 458939000,
    "incomeBeforeTaxRatio": 0.4962623987,
    "incomeTaxExpense": 202786000,
    "netIncome": 227630000,
    "netIncomeRatio": 0.2461421013,
    "eps": 0.63,
    "epsdiluted": 0.63,
    "weightedAverageShsOut": 357620000,
    "weightedAverageShsOutDil": 358640000,
    "link": "https://www.sec.gov/Archives/edgar/data/831259/000083125905000021/0000831259-05-000021-index.htm",
    "finalLink": "https://www.sec.gov/Archives/edgar/data/831259/000083125905000021/fcx200410-k.htm"
  },
  {
    "date": "2004-09-30",
    "symbol": "FCX",
    "reportedCurrency": "USD",
    "cik": "0000831259",
    "fillingDate": "2004-11-03",
    "acceptedDate": "2004-11-03 17:13:46",
    "calendarYear": "2004",
    "period": "Q3",
    "revenue": 600556000,
    "costOfRevenue": 369979000,
    "grossProfit": 230577000,
    "grossProfitRatio": 0.3839392163,
    "researchAndDevelopmentExpenses": 0,
    "generalAndAdministrativeExpenses": 26186000,
    "sellingAndMarketingExpenses": 0,
    "sellingGeneralAndAdministrativeExpenses": 26186000,
    "otherExpenses": 55744000,
    "operatingExpenses": 81930000,
    "costAndExpenses": 451909000,
    "interestIncome": 0,
    "interestExpense": 0,
    "depreciationAndAmortization": 57804000,
    "ebitda": 206451000,
    "ebitdaratio": 0.3437664431,
    "operatingIncome": 148636000,
    "operatingIncomeRatio": 0.2474973192,
    "totalOtherIncomeExpensesNet": -34808000,
    "incomeBeforeTax": 113828000,
    "incomeBeforeTaxRatio": 0.1895376951,
    "incomeTaxExpense": 71343000,
    "netIncome": 32258000,
    "netIncomeRatio": 0.0537135588,
    "eps": 0.05,
    "epsdiluted": 0.05,
    "weightedAverageShsOut": 354274000,
    "weightedAverageShsOutDil": 359610000,
    "link": "https://www.sec.gov/Archives/edgar/data/831259/000083125904000038/0000831259-04-000038-index.htm",
    "finalLink": "https://www.sec.gov/Archives/edgar/data/831259/000083125904000038/f3q0410q.htm"
  },
  {
    "date": "2004-06-30",
    "symbol": "FCX",
    "reportedCurrency": "USD",
    "cik": "0000831259",
    "fillingDate": "2004-08-06",
    "acceptedDate": "2004-08-06 15:38:43",
    "calendarYear": "2004",
    "period": "Q2",
    "revenue": 486334000,
    "costOfRevenue": 371679000,
    "grossProfit": 114655000,
    "grossProfitRatio": 0.2357536179,
    "researchAndDevelopmentExpenses": 0,
    "generalAndAdministrativeExpenses": 22576000,
    "sellingAndMarketingExpenses": 2787000,
    "sellingGeneralAndAdministrativeExpenses": 25363000,
    "otherExpenses": 42590000,
    "operatingExpenses": 67953000,
    "costAndExpenses": 439632000,
    "interestIncome": 0,
    "interestExpense": 0,
    "depreciationAndAmortization": 44761000,
    "ebitda": 91463000,
    "ebitdaratio": 0.1880662261,
    "operatingIncome": 46702000,
    "operatingIncomeRatio": 0.0960286552,
    "totalOtherIncomeExpensesNet": -41612000,
    "incomeBeforeTax": 5090000,
    "incomeBeforeTaxRatio": 0.0104660583,
    "incomeTaxExpense": 38210000,
    "netIncome": -38238000,
    "netIncomeRatio": -0.0786249779,
    "eps": -0.11,
    "epsdiluted": -0.11,
    "weightedAverageShsOut": 350404000,
    "weightedAverageShsOutDil": 350404000,
    "link": "https://www.sec.gov/Archives/edgar/data/831259/000083125904000031/0000831259-04-000031-index.htm",
    "finalLink": "https://www.sec.gov/Archives/edgar/data/831259/000083125904000031/f2q0410q.htm"
  },
  {
    "date": "2004-03-31",
    "symbol": "FCX",
    "reportedCurrency": "USD",
    "cik": "0000831259",
    "fillingDate": "2004-05-10",
    "acceptedDate": "2004-05-10 16:14:07",
    "calendarYear": "2004",
    "period": "Q1",
    "revenue": 360185000,
    "costOfRevenue": 277839000,
    "grossProfit": 82346000,
    "grossProfitRatio": 0.2286214029,
    "researchAndDevelopmentExpenses": 0,
    "generalAndAdministrativeExpenses": 15560000,
    "sellingAndMarketingExpenses": 0,
    "sellingGeneralAndAdministrativeExpenses": 15560000,
    "otherExpenses": 25410000,
    "operatingExpenses": 40970000,
    "costAndExpenses": 318809000,
    "interestIncome": 0,
    "interestExpense": 0,
    "depreciationAndAmortization": 27699000,
    "ebitda": 69075000,
    "ebitdaratio": 0.1917764482,
    "operatingIncome": 41376000,
    "operatingIncomeRatio": 0.1148743007,
    "totalOtherIncomeExpensesNet": -44849000,
    "incomeBeforeTax": -3473000,
    "incomeBeforeTaxRatio": -0.0096422672,
    "incomeTaxExpense": 18341000,
    "netIncome": -19383000,
    "netIncomeRatio": -0.0538140122,
    "eps": -0.049,
    "epsdiluted": -0.049,
    "weightedAverageShsOut": 395876000,
    "weightedAverageShsOutDil": 395876000,
    "link": "https://www.sec.gov/Archives/edgar/data/831259/000083125904000023/0000831259-04-000023-index.htm",
    "finalLink": "https://www.sec.gov/Archives/edgar/data/831259/000083125904000023/f1q0410q.htm"
  },
  {
    "date": "2003-12-31",
    "symbol": "FCX",
    "reportedCurrency": "USD",
    "cik": "0000831259",
    "fillingDate": "2004-03-10",
    "acceptedDate": "2004-03-10 12:08:30",
    "calendarYear": "2003",
    "period": "Q4",
    "revenue": 446124000,
    "costOfRevenue": 284254000,
    "grossProfit": 161870000,
    "grossProfitRatio": 0.3628363415,
    "researchAndDevelopmentExpenses": 0,
    "generalAndAdministrativeExpenses": 14937000,
    "sellingAndMarketingExpenses": 11702000,
    "sellingGeneralAndAdministrativeExpenses": 26639000,
    "otherExpenses": 30753000,
    "operatingExpenses": 55369000,
    "costAndExpenses": 339623000,
    "interestIncome": 0,
    "interestExpense": 0,
    "depreciationAndAmortization": 33588000,
    "ebitda": 140089000,
    "ebitdaratio": 0.3140135926,
    "operatingIncome": 104478000,
    "operatingIncomeRatio": 0.2341904941,
    "totalOtherIncomeExpensesNet": -50808000,
    "incomeBeforeTax": 53670000,
    "incomeBeforeTaxRatio": 0.1203028754,
    "incomeTaxExpense": 45248000,
    "netIncome": 2394000,
    "netIncomeRatio": 0.0053662211,
    "eps": 0.006,
    "epsdiluted": 0.006,
    "weightedAverageShsOut": 395876000,
    "weightedAverageShsOutDil": 395876000,
    "link": "https://www.sec.gov/Archives/edgar/data/831259/000083125904000007/0000831259-04-000007-index.htm",
    "finalLink": "https://www.sec.gov/Archives/edgar/data/831259/000083125904000007/f10k2003.htm"
  },
  {
    "date": "2003-09-30",
    "symbol": "FCX",
    "reportedCurrency": "USD",
    "cik": "0000831259",
    "fillingDate": "2003-11-10",
    "acceptedDate": "2003-11-10 08:29:47",
    "calendarYear": "2003",
    "period": "Q3",
    "revenue": 631990000,
    "costOfRevenue": 265312000,
    "grossProfit": 366678000,
    "grossProfitRatio": 0.5801958892,
    "researchAndDevelopmentExpenses": 0,
    "generalAndAdministrativeExpenses": 16421000,
    "sellingAndMarketingExpenses": 0,
    "sellingGeneralAndAdministrativeExpenses": 16421000,
    "otherExpenses": 63979000,
    "operatingExpenses": 54412000,
    "costAndExpenses": 319724000,
    "interestIncome": 0,
    "interestExpense": 0,
    "depreciationAndAmortization": 67769000,
    "ebitda": 380035000,
    "ebitdaratio": 0.6013307173,
    "operatingIncome": 286278000,
    "operatingIncomeRatio": 0.4529786864,
    "totalOtherIncomeExpensesNet": -73159000,
    "incomeBeforeTax": 213119000,
    "incomeBeforeTaxRatio": 0.3372189433,
    "incomeTaxExpense": 117683000,
    "netIncome": 53490000,
    "netIncomeRatio": 0.0846374151,
    "eps": 0.15,
    "epsdiluted": 0.14,
    "weightedAverageShsOut": 318814000,
    "weightedAverageShsOutDil": 388670000,
    "link": "https://www.sec.gov/Archives/edgar/data/831259/000083125903000061/0000831259-03-000061-index.htm",
    "finalLink": "https://www.sec.gov/Archives/edgar/data/831259/000083125903000061/f3q0310q.htm"
  },
  {
    "date": "2003-06-30",
    "symbol": "FCX",
    "reportedCurrency": "USD",
    "cik": "0000831259",
    "fillingDate": "2003-08-12",
    "acceptedDate": "2003-08-11 20:30:45",
    "calendarYear": "2003",
    "period": "Q2",
    "revenue": 609455000,
    "costOfRevenue": 279235000,
    "grossProfit": 330220000,
    "grossProfitRatio": 0.5418283548,
    "researchAndDevelopmentExpenses": 0,
    "generalAndAdministrativeExpenses": 20711000,
    "sellingAndMarketingExpenses": 0,
    "sellingGeneralAndAdministrativeExpenses": 20711000,
    "otherExpenses": 68283000,
    "operatingExpenses": 88994000,
    "costAndExpenses": 368229000,
    "interestIncome": 0,
    "interestExpense": 0,
    "depreciationAndAmortization": 73823000,
    "ebitda": 315049000,
    "ebitdaratio": 0.5169356228,
    "operatingIncome": 241226000,
    "operatingIncomeRatio": 0.395806089,
    "totalOtherIncomeExpensesNet": -62115000,
    "incomeBeforeTax": 179111000,
    "incomeBeforeTaxRatio": 0.2938871615,
    "incomeTaxExpense": 97908000,
    "netIncome": 66944000,
    "netIncomeRatio": 0.1098424002,
    "eps": 0.2,
    "epsdiluted": 0.19,
    "weightedAverageShsOut": 291814000,
    "weightedAverageShsOutDil": 381980000,
    "link": "https://www.sec.gov/Archives/edgar/data/831259/000083125903000049/0000831259-03-000049-index.htm",
    "finalLink": "https://www.sec.gov/Archives/edgar/data/831259/000083125903000049/f2q0310q.htm"
  },
  {
    "date": "2003-03-31",
    "symbol": "FCX",
    "reportedCurrency": "USD",
    "cik": "0000831259",
    "fillingDate": "2003-05-13",
    "acceptedDate": "2003-05-12 19:30:20",
    "calendarYear": "2003",
    "period": "Q1",
    "revenue": 524596000,
    "costOfRevenue": 247470000,
    "grossProfit": 277126000,
    "grossProfitRatio": 0.5282655605,
    "researchAndDevelopmentExpenses": 0,
    "generalAndAdministrativeExpenses": 16508000,
    "sellingAndMarketingExpenses": 1504000,
    "sellingGeneralAndAdministrativeExpenses": 18012000,
    "otherExpenses": 67788000,
    "operatingExpenses": 85800000,
    "costAndExpenses": 333270000,
    "interestIncome": 0,
    "interestExpense": 0,
    "depreciationAndAmortization": 71819000,
    "ebitda": 263145000,
    "ebitdaratio": 0.5016145758,
    "operatingIncome": 191326000,
    "operatingIncomeRatio": 0.3647111301,
    "totalOtherIncomeExpensesNet": -53451000,
    "incomeBeforeTax": 137875000,
    "incomeBeforeTaxRatio": 0.2628212949,
    "incomeTaxExpense": 77214000,
    "netIncome": 58832000,
    "netIncomeRatio": 0.1121472524,
    "eps": 0.17,
    "epsdiluted": 0.17,
    "weightedAverageShsOut": 290480000,
    "weightedAverageShsOutDil": 378968000,
    "link": "https://www.sec.gov/Archives/edgar/data/831259/000083125903000029/0000831259-03-000029-index.htm",
    "finalLink": "https://www.sec.gov/Archives/edgar/data/831259/000083125903000029/f1q0310q.htm"
  },
  {
    "date": "2002-12-31",
    "symbol": "FCX",
    "reportedCurrency": "USD",
    "cik": "0000831259",
    "fillingDate": "2003-03-27",
    "acceptedDate": "2003-03-26 21:44:09",
    "calendarYear": "2002",
    "period": "Q4",
    "revenue": 571044000,
    "costOfRevenue": 259840000,
    "grossProfit": 311204000,
    "grossProfitRatio": 0.5449737673,
    "researchAndDevelopmentExpenses": 0,
    "generalAndAdministrativeExpenses": 44891000,
    "sellingAndMarketingExpenses": -25805000,
    "sellingGeneralAndAdministrativeExpenses": 19086000,
    "otherExpenses": 68010000,
    "operatingExpenses": 87096000,
    "costAndExpenses": 346936000,
    "interestIncome": 0,
    "interestExpense": 0,
    "depreciationAndAmortization": 71037000,
    "ebitda": 295145000,
    "ebitdaratio": 0.5168515911,
    "operatingIncome": 224108000,
    "operatingIncomeRatio": 0.392453121,
    "totalOtherIncomeExpensesNet": -84043000,
    "incomeBeforeTax": 140065000,
    "incomeBeforeTaxRatio": 0.2452788226,
    "incomeTaxExpense": 89530000,
    "netIncome": 73598000,
    "netIncomeRatio": 0.1288832384,
    "eps": 0.25,
    "epsdiluted": 0.25,
    "weightedAverageShsOut": 289790000,
    "weightedAverageShsOutDil": 290480000,
    "link": "https://www.sec.gov/Archives/edgar/data/831259/000083125903000015/0000831259-03-000015-index.htm",
    "finalLink": "https://www.sec.gov/Archives/edgar/data/831259/000083125903000015/f10k2002.htm"
  },
  {
    "date": "2002-09-30",
    "symbol": "FCX",
    "reportedCurrency": "USD",
    "cik": "0000831259",
    "fillingDate": "2002-11-06",
    "acceptedDate": "2002-11-06 11:47:16",
    "calendarYear": "2002",
    "period": "Q3",
    "revenue": 538739000,
    "costOfRevenue": 239139000,
    "grossProfit": 299600000,
    "grossProfitRatio": 0.5561134427,
    "researchAndDevelopmentExpenses": 0,
    "generalAndAdministrativeExpenses": 16447000,
    "sellingAndMarketingExpenses": 0,
    "sellingGeneralAndAdministrativeExpenses": 16447000,
    "otherExpenses": 77077000,
    "operatingExpenses": 93524000,
    "costAndExpenses": 332663000,
    "interestIncome": 0,
    "interestExpense": 0,
    "depreciationAndAmortization": 80074000,
    "ebitda": 286150000,
    "ebitdaratio": 0.5311477357,
    "operatingIncome": 206076000,
    "operatingIncomeRatio": 0.3825154667,
    "totalOtherIncomeExpensesNet": -42445000,
    "incomeBeforeTax": 163631000,
    "incomeBeforeTaxRatio": 0.3037296353,
    "incomeTaxExpense": 81134000,
    "netIncome": 70963000,
    "netIncomeRatio": 0.1317205549,
    "eps": 0.21,
    "epsdiluted": 0.2,
    "weightedAverageShsOut": 289788000,
    "weightedAverageShsOutDil": 377754000,
    "link": "https://www.sec.gov/Archives/edgar/data/831259/000083125902000041/0000831259-02-000041-index.htm",
    "finalLink": "https://www.sec.gov/Archives/edgar/data/831259/000083125902000041/fcx3q02.txt"
  },
  {
    "date": "2002-06-30",
    "symbol": "FCX",
    "reportedCurrency": "USD",
    "cik": "0000831259",
    "fillingDate": "2002-08-07",
    "acceptedDate": "2002-08-07 15:08:03",
    "calendarYear": "2002",
    "period": "Q2",
    "revenue": 407999000,
    "costOfRevenue": 206924000,
    "grossProfit": 201075000,
    "grossProfitRatio": 0.4928320903,
    "researchAndDevelopmentExpenses": 0,
    "generalAndAdministrativeExpenses": 16360000,
    "sellingAndMarketingExpenses": 0,
    "sellingGeneralAndAdministrativeExpenses": 16360000,
    "otherExpenses": 62305000,
    "operatingExpenses": 78665000,
    "costAndExpenses": 285589000,
    "interestIncome": 0,
    "interestExpense": 0,
    "depreciationAndAmortization": 68310000,
    "ebitda": 190720000,
    "ebitdaratio": 0.4674521261,
    "operatingIncome": 122410000,
    "operatingIncomeRatio": 0.3000252452,
    "totalOtherIncomeExpensesNet": -61335000,
    "incomeBeforeTax": 61075000,
    "incomeBeforeTaxRatio": 0.1496939943,
    "incomeTaxExpense": 46040000,
    "netIncome": 15035000,
    "netIncomeRatio": 0.0368505805,
    "eps": 0.02,
    "epsdiluted": 0.02,
    "weightedAverageShsOut": 289396000,
    "weightedAverageShsOutDil": 294740000,
    "link": "https://www.sec.gov/Archives/edgar/data/831259/000083125902000016/0000831259-02-000016-index.htm",
    "finalLink": "https://www.sec.gov/Archives/edgar/data/831259/000083125902000016/fcx.txt"
  },
  {
    "date": "2002-03-31",
    "symbol": "FCX",
    "reportedCurrency": "USD",
    "cik": "0000831259",
    "fillingDate": "2002-05-07",
    "acceptedDate": "2002-05-07 17:18:08",
    "calendarYear": "2002",
    "period": "Q1",
    "revenue": 392680000,
    "costOfRevenue": 235671000,
    "grossProfit": 157009000,
    "grossProfitRatio": 0.399839564,
    "researchAndDevelopmentExpenses": 0,
    "generalAndAdministrativeExpenses": 16412000,
    "sellingAndMarketingExpenses": 0,
    "sellingGeneralAndAdministrativeExpenses": 16412000,
    "otherExpenses": 53054000,
    "operatingExpenses": 69466000,
    "costAndExpenses": 305137000,
    "interestIncome": 0,
    "interestExpense": 0,
    "depreciationAndAmortization": 53054000,
    "ebitda": 140597000,
    "ebitdaratio": 0.3580447183,
    "operatingIncome": 87543000,
    "operatingIncomeRatio": 0.2229372517,
    "totalOtherIncomeExpensesNet": -50622000,
    "incomeBeforeTax": 36921000,
    "incomeBeforeTaxRatio": 0.0940231232,
    "incomeTaxExpense": 28814000,
    "netIncome": 5058000,
    "netIncomeRatio": 0.0128807171,
    "eps": -0.015,
    "epsdiluted": -0.015,
    "weightedAverageShsOut": 288216000,
    "weightedAverageShsOutDil": 288216000,
    "link": "https://www.sec.gov/Archives/edgar/data/831259/000083125902000007/0000831259-02-000007-index.htm",
    "finalLink": "https://www.sec.gov/Archives/edgar/data/831259/000083125902000007/fcx.txt"
  },
  {
    "date": "2001-12-31",
    "symbol": "FCX",
    "reportedCurrency": "USD",
    "cik": "0000831259",
    "fillingDate": "2002-03-08",
    "acceptedDate": "2002-03-08 00:00:00",
    "calendarYear": "2001",
    "period": "Q4",
    "revenue": 412282000,
    "costOfRevenue": 239807000,
    "grossProfit": 172475000,
    "grossProfitRatio": 0.4183422997,
    "researchAndDevelopmentExpenses": 0,
    "generalAndAdministrativeExpenses": 13909000,
    "sellingAndMarketingExpenses": 0,
    "sellingGeneralAndAdministrativeExpenses": 13909000,
    "otherExpenses": 65496000,
    "operatingExpenses": 79405000,
    "costAndExpenses": 319212000,
    "interestIncome": 0,
    "interestExpense": 0,
    "depreciationAndAmortization": 66441000,
    "ebitda": 159511000,
    "ebitdaratio": 0.386897803,
    "operatingIncome": 93070000,
    "operatingIncomeRatio": 0.2257435445,
    "totalOtherIncomeExpensesNet": -13555000,
    "incomeBeforeTax": 79515000,
    "incomeBeforeTaxRatio": 0.1928655629,
    "incomeTaxExpense": 29671000,
    "netIncome": 7072000,
    "netIncomeRatio": 0.0171533077,
    "eps": 0.0245,
    "epsdiluted": 0.0245,
    "weightedAverageShsOut": 287952000,
    "weightedAverageShsOutDil": 288216000,
    "link": "https://www.sec.gov/Archives/edgar/data/831259/000095012902001200/0000950129-02-001200-index.htm",
    "finalLink": "https://www.sec.gov/Archives/edgar/data/831259/000095012902001200/h94688e10-k405.txt"
  },
  {
    "date": "2001-09-30",
    "symbol": "FCX",
    "reportedCurrency": "USD",
    "cik": "0000831259",
    "fillingDate": "2001-11-01",
    "acceptedDate": "2001-11-01 00:00:00",
    "calendarYear": "2001",
    "period": "Q3",
    "revenue": 441238000,
    "costOfRevenue": 247157000,
    "grossProfit": 194081000,
    "grossProfitRatio": 0.4398555881,
    "researchAndDevelopmentExpenses": 0,
    "generalAndAdministrativeExpenses": 14962000,
    "sellingAndMarketingExpenses": 0,
    "sellingGeneralAndAdministrativeExpenses": 14962000,
    "otherExpenses": 69125000,
    "operatingExpenses": 84087000,
    "costAndExpenses": 331244000,
    "interestIncome": 0,
    "interestExpense": 0,
    "depreciationAndAmortization": 71000000,
    "ebitda": 180994000,
    "ebitdaratio": 0.410195858,
    "operatingIncome": 109994000,
    "operatingIncomeRatio": 0.2492849664,
    "totalOtherIncomeExpensesNet": -56277000,
    "incomeBeforeTax": 53717000,
    "incomeBeforeTaxRatio": 0.1217415544,
    "incomeTaxExpense": 40285000,
    "netIncome": 13432000,
    "netIncomeRatio": 0.0304416211,
    "eps": 0.015,
    "epsdiluted": 0.015,
    "weightedAverageShsOut": 287946000,
    "weightedAverageShsOutDil": 289316000,
    "link": "https://www.sec.gov/Archives/edgar/data/831259/000083125901500018/0000831259-01-500018-index.htm",
    "finalLink": "https://www.sec.gov/Archives/edgar/data/831259/000083125901500018/fcx10q.txt"
  },
  {
    "date": "2001-06-30",
    "symbol": "FCX",
    "reportedCurrency": "USD",
    "cik": "0000831259",
    "fillingDate": "2001-07-30",
    "acceptedDate": "2001-07-30 00:00:00",
    "calendarYear": "2001",
    "period": "Q2",
    "revenue": 538259000,
    "costOfRevenue": 269164000,
    "grossProfit": 269095000,
    "grossProfitRatio": 0.4999359045,
    "researchAndDevelopmentExpenses": 0,
    "generalAndAdministrativeExpenses": 16142000,
    "sellingAndMarketingExpenses": 0,
    "sellingGeneralAndAdministrativeExpenses": 16142000,
    "otherExpenses": 78319000,
    "operatingExpenses": 94461000,
    "costAndExpenses": 363625000,
    "interestIncome": 0,
    "interestExpense": 0,
    "depreciationAndAmortization": 78319000,
    "ebitda": 252953000,
    "ebitdaratio": 0.4699466242,
    "operatingIncome": 174634000,
    "operatingIncomeRatio": 0.3244423224,
    "totalOtherIncomeExpensesNet": -56809000,
    "incomeBeforeTax": 117825000,
    "incomeBeforeTaxRatio": 0.2189001949,
    "incomeTaxExpense": 72408000,
    "netIncome": 45417000,
    "netIncomeRatio": 0.0843775952,
    "eps": 0.13,
    "epsdiluted": 0.13,
    "weightedAverageShsOut": 287908000,
    "weightedAverageShsOutDil": 290464000,
    "link": "https://www.sec.gov/Archives/edgar/data/831259/000083125901500010/0000831259-01-500010-index.htm",
    "finalLink": "https://www.sec.gov/Archives/edgar/data/831259/000083125901500010/fcxq.txt"
  },
  {
    "date": "2001-03-31",
    "symbol": "FCX",
    "reportedCurrency": "USD",
    "cik": "0000831259",
    "fillingDate": "2001-05-07",
    "acceptedDate": "2001-05-07 00:00:00",
    "calendarYear": "2001",
    "period": "Q1",
    "revenue": 447087000,
    "costOfRevenue": 196501000,
    "grossProfit": 250586000,
    "grossProfitRatio": 0.5604859904,
    "researchAndDevelopmentExpenses": 0,
    "generalAndAdministrativeExpenses": 14409000,
    "sellingAndMarketingExpenses": 0,
    "sellingGeneralAndAdministrativeExpenses": 14409000,
    "otherExpenses": 68129000,
    "operatingExpenses": 82538000,
    "costAndExpenses": 279039000,
    "interestIncome": 0,
    "interestExpense": 0,
    "depreciationAndAmortization": 68129000,
    "ebitda": 236177000,
    "ebitdaratio": 0.5282573638,
    "operatingIncome": 168048000,
    "operatingIncomeRatio": 0.3758731522,
    "totalOtherIncomeExpensesNet": -60329000,
    "incomeBeforeTax": 107719000,
    "incomeBeforeTaxRatio": 0.2409352095,
    "incomeTaxExpense": 60615000,
    "netIncome": 47104000,
    "netIncomeRatio": 0.1053575702,
    "eps": 0.13,
    "epsdiluted": 0.13,
    "weightedAverageShsOut": 287812000,
    "weightedAverageShsOutDil": 289456000,
    "link": "https://www.sec.gov/Archives/edgar/data/831259/000083125901500007/0000831259-01-500007-index.htm",
    "finalLink": "https://www.sec.gov/Archives/edgar/data/831259/000083125901500007/fcx.txt"
  },
  {
    "date": "2000-12-31",
    "symbol": "FCX",
    "reportedCurrency": "USD",
    "cik": "0000831259",
    "fillingDate": "2001-03-23",
    "acceptedDate": "2001-03-23 00:00:00",
    "calendarYear": "2000",
    "period": "Q4",
    "revenue": 529833000,
    "costOfRevenue": 221537000,
    "grossProfit": 308296000,
    "grossProfitRatio": 0.5818739112,
    "researchAndDevelopmentExpenses": 0,
    "generalAndAdministrativeExpenses": 14954000,
    "sellingAndMarketingExpenses": 0,
    "sellingGeneralAndAdministrativeExpenses": 14954000,
    "otherExpenses": 88044000,
    "operatingExpenses": 102998000,
    "costAndExpenses": 324535000,
    "interestIncome": 0,
    "interestExpense": 0,
    "depreciationAndAmortization": 88044000,
    "ebitda": 293342000,
    "ebitdaratio": 0.5536499237,
    "operatingIncome": 205298000,
    "operatingIncomeRatio": 0.3874768087,
    "totalOtherIncomeExpensesNet": -71924000,
    "incomeBeforeTax": 133374000,
    "incomeBeforeTaxRatio": 0.2517283748,
    "incomeTaxExpense": 66096000,
    "netIncome": 67278000,
    "netIncomeRatio": 0.1269796332,
    "eps": 0.23,
    "epsdiluted": 0.23,
    "weightedAverageShsOut": 287812000,
    "weightedAverageShsOutDil": 287812000,
    "link": "https://www.sec.gov/Archives/edgar/data/831259/000083125901500005/0000831259-01-500005-index.htm",
    "finalLink": "https://www.sec.gov/Archives/edgar/data/831259/000083125901500005/k10.txt"
  },
  {
    "date": "2000-09-30",
    "symbol": "FCX",
    "reportedCurrency": "USD",
    "cik": "0000831259",
    "fillingDate": "2000-11-01",
    "acceptedDate": "2000-11-01 00:00:00",
    "calendarYear": "2000",
    "period": "Q3",
    "revenue": 473837000,
    "costOfRevenue": 278886000,
    "grossProfit": 194951000,
    "grossProfitRatio": 0.411430513,
    "researchAndDevelopmentExpenses": 0,
    "generalAndAdministrativeExpenses": 18729000,
    "sellingAndMarketingExpenses": 0,
    "sellingGeneralAndAdministrativeExpenses": 18729000,
    "otherExpenses": 77825000,
    "operatingExpenses": 96554000,
    "costAndExpenses": 375440000,
    "interestIncome": 0,
    "interestExpense": 0,
    "depreciationAndAmortization": 77825000,
    "ebitda": 176222000,
    "ebitdaratio": 0.3719042624,
    "operatingIncome": 98397000,
    "operatingIncomeRatio": 0.2076600181,
    "totalOtherIncomeExpensesNet": -63491000,
    "incomeBeforeTax": 34906000,
    "incomeBeforeTaxRatio": 0.0736666828,
    "incomeTaxExpense": 34752000,
    "netIncome": 154000,
    "netIncomeRatio": 0.0003250063,
    "eps": -0.03,
    "epsdiluted": -0.03,
    "weightedAverageShsOut": 300176000,
    "weightedAverageShsOutDil": 300176000,
    "link": "https://www.sec.gov/Archives/edgar/data/831259/000083125900500003/0000831259-00-500003-index.htm",
    "finalLink": "https://www.sec.gov/Archives/edgar/data/831259/000083125900500003/0000831259-00-500003-0001.txt"
  },
  {
    "date": "2000-06-30",
    "symbol": "FCX",
    "reportedCurrency": "USD",
    "cik": "0000831259",
    "fillingDate": "2000-08-02",
    "acceptedDate": "2000-08-02 00:00:00",
    "calendarYear": "2000",
    "period": "Q2",
    "revenue": 397348000,
    "costOfRevenue": 253322000,
    "grossProfit": 144026000,
    "grossProfitRatio": 0.3624681639,
    "researchAndDevelopmentExpenses": 0,
    "generalAndAdministrativeExpenses": 16518000,
    "sellingAndMarketingExpenses": 0,
    "sellingGeneralAndAdministrativeExpenses": 16518000,
    "otherExpenses": 54328000,
    "operatingExpenses": 70846000,
    "costAndExpenses": 324168000,
    "interestIncome": 0,
    "interestExpense": 0,
    "depreciationAndAmortization": 54328000,
    "ebitda": 127508000,
    "ebitdaratio": 0.3208975508,
    "operatingIncome": 73180000,
    "operatingIncomeRatio": 0.1841710541,
    "totalOtherIncomeExpensesNet": -64104000,
    "incomeBeforeTax": 9076000,
    "incomeBeforeTaxRatio": 0.0228414387,
    "incomeTaxExpense": 18252000,
    "netIncome": -9176000,
    "netIncomeRatio": -0.0230931073,
    "eps": -0.029,
    "epsdiluted": -0.029,
    "weightedAverageShsOut": 316758000,
    "weightedAverageShsOutDil": 316758000,
    "link": "https://www.sec.gov/Archives/edgar/data/831259/000083125900000018/0000831259-00-000018-index.htm",
    "finalLink": "https://www.sec.gov/Archives/edgar/data/831259/000083125900000018/0000831259-00-000018-0001.txt"
  },
  {
    "date": "2000-03-31",
    "symbol": "FCX",
    "reportedCurrency": "USD",
    "cik": "0000831259",
    "fillingDate": "2000-05-15",
    "acceptedDate": "2000-05-15 00:00:00",
    "calendarYear": "2000",
    "period": "Q1",
    "revenue": 467592000,
    "costOfRevenue": 262040000,
    "grossProfit": 205552000,
    "grossProfitRatio": 0.4395969135,
    "researchAndDevelopmentExpenses": 0,
    "generalAndAdministrativeExpenses": 20749000,
    "sellingAndMarketingExpenses": 0,
    "sellingGeneralAndAdministrativeExpenses": 20749000,
    "otherExpenses": 63359000,
    "operatingExpenses": 84108000,
    "costAndExpenses": 346148000,
    "interestIncome": 0,
    "interestExpense": 0,
    "depreciationAndAmortization": 63359000,
    "ebitda": 184803000,
    "ebitdaratio": 0.3952227583,
    "operatingIncome": 121444000,
    "operatingIncomeRatio": 0.2597221509,
    "totalOtherIncomeExpensesNet": -62240000,
    "incomeBeforeTax": 59204000,
    "incomeBeforeTaxRatio": 0.1266146555,
    "incomeTaxExpense": 40473000,
    "netIncome": 18731000,
    "netIncomeRatio": 0.040058427,
    "eps": 0.03,
    "epsdiluted": 0.03,
    "weightedAverageShsOut": 322646000,
    "weightedAverageShsOutDil": 325088000,
    "link": "https://www.sec.gov/Archives/edgar/data/831259/000083125900000011/0000831259-00-000011-index.html",
    "finalLink": "https://www.sec.gov/Archives/edgar/data/831259/000083125900000011/"
  },
  {
    "date": "1999-12-31",
    "symbol": "FCX",
    "reportedCurrency": "USD",
    "cik": "0000831259",
    "fillingDate": "2000-03-20",
    "acceptedDate": "2000-03-20 00:00:00",
    "calendarYear": "1999",
    "period": "Q4",
    "revenue": 527500000,
    "costOfRevenue": 274200000,
    "grossProfit": 253300000,
    "grossProfitRatio": 0.4801895735,
    "researchAndDevelopmentExpenses": 0,
    "generalAndAdministrativeExpenses": 22500000,
    "sellingAndMarketingExpenses": 0,
    "sellingGeneralAndAdministrativeExpenses": 22500000,
    "otherExpenses": 76000000,
    "operatingExpenses": 98500000,
    "costAndExpenses": 372700000,
    "interestIncome": 0,
    "interestExpense": 0,
    "depreciationAndAmortization": 76000000,
    "ebitda": 230800000,
    "ebitdaratio": 0.437535545,
    "operatingIncome": 154800000,
    "operatingIncomeRatio": 0.2934597156,
    "totalOtherIncomeExpensesNet": -47800000,
    "incomeBeforeTax": 107000000,
    "incomeBeforeTaxRatio": 0.2028436019,
    "incomeTaxExpense": 60100000,
    "netIncome": 46900000,
    "netIncomeRatio": 0.0889099526,
    "eps": 0.15,
    "epsdiluted": 0.15,
    "weightedAverageShsOut": 322646000,
    "weightedAverageShsOutDil": 322646000,
    "link": "https://www.sec.gov/Archives/edgar/data/831259/000083125900000006/0000831259-00-000006-index.html",
    "finalLink": "https://www.sec.gov/Archives/edgar/data/831259/000083125900000006/"
  },
  {
    "date": "1999-09-30",
    "symbol": "FCX",
    "reportedCurrency": "USD",
    "cik": "0000831259",
    "fillingDate": "1999-11-09",
    "acceptedDate": "1999-11-09 00:00:00",
    "calendarYear": "1999",
    "period": "Q3",
    "revenue": 473700000,
    "costOfRevenue": 227700000,
    "grossProfit": 246000000,
    "grossProfitRatio": 0.5193160228,
    "researchAndDevelopmentExpenses": 0,
    "generalAndAdministrativeExpenses": 15200000,
    "sellingAndMarketingExpenses": 0,
    "sellingGeneralAndAdministrativeExpenses": 15200000,
    "otherExpenses": 74100000,
    "operatingExpenses": 89300000,
    "costAndExpenses": 317000000,
    "interestIncome": 0,
    "interestExpense": 0,
    "depreciationAndAmortization": 74100000,
    "ebitda": 230800000,
    "ebitdaratio": 0.4872282035,
    "operatingIncome": 156700000,
    "operatingIncomeRatio": 0.3308000844,
    "totalOtherIncomeExpensesNet": -67800000,
    "incomeBeforeTax": 88900000,
    "incomeBeforeTaxRatio": 0.1876715221,
    "incomeTaxExpense": 53300000,
    "netIncome": 35600000,
    "netIncomeRatio": 0.0751530505,
    "eps": 0.08,
    "epsdiluted": 0.08,
    "weightedAverageShsOut": 335000000,
    "weightedAverageShsOutDil": 335000000,
    "link": "https://www.sec.gov/Archives/edgar/data/831259/000083125999000015/0000831259-99-000015-index.html",
    "finalLink": "https://www.sec.gov/Archives/edgar/data/831259/000083125999000015/"
  },
  {
    "date": "1999-06-30",
    "symbol": "FCX",
    "reportedCurrency": "USD",
    "cik": "0000831259",
    "fillingDate": "1999-08-05",
    "acceptedDate": "1999-08-05 00:00:00",
    "calendarYear": "1999",
    "period": "Q2",
    "revenue": 470300000,
    "costOfRevenue": 245600000,
    "grossProfit": 224700000,
    "grossProfitRatio": 0.4777801403,
    "researchAndDevelopmentExpenses": 0,
    "generalAndAdministrativeExpenses": 17300000,
    "sellingAndMarketingExpenses": 0,
    "sellingGeneralAndAdministrativeExpenses": 17300000,
    "otherExpenses": 72400000,
    "operatingExpenses": 89700000,
    "costAndExpenses": 335300000,
    "interestIncome": 0,
    "interestExpense": 0,
    "depreciationAndAmortization": 72400000,
    "ebitda": 207435000,
    "ebitdaratio": 0.4410695301,
    "operatingIncome": 135000000,
    "operatingIncomeRatio": 0.2870508186,
    "totalOtherIncomeExpensesNet": -65335000,
    "incomeBeforeTax": 69700000,
    "incomeBeforeTaxRatio": 0.1482032745,
    "incomeTaxExpense": 42200000,
    "netIncome": 27500000,
    "netIncomeRatio": 0.0584733149,
    "eps": 0.06,
    "epsdiluted": 0.06,
    "weightedAverageShsOut": 315000000,
    "weightedAverageShsOutDil": 315000000,
    "link": "https://www.sec.gov/Archives/edgar/data/831259/000083125999000012/0000831259-99-000012-index.html",
    "finalLink": "https://www.sec.gov/Archives/edgar/data/831259/000083125999000012/"
  },
  {
    "date": "1999-03-31",
    "symbol": "FCX",
    "reportedCurrency": "USD",
    "cik": "0000831259",
    "fillingDate": "1999-05-12",
    "acceptedDate": "1999-05-12 00:00:00",
    "calendarYear": "1999",
    "period": "Q1",
    "revenue": 415800000,
    "costOfRevenue": 192800000,
    "grossProfit": 223000000,
    "grossProfitRatio": 0.5363155363,
    "researchAndDevelopmentExpenses": 0,
    "generalAndAdministrativeExpenses": 15700000,
    "sellingAndMarketingExpenses": 0,
    "sellingGeneralAndAdministrativeExpenses": 15700000,
    "otherExpenses": 70700000,
    "operatingExpenses": 86400000,
    "costAndExpenses": 279200000,
    "interestIncome": 0,
    "interestExpense": 0,
    "depreciationAndAmortization": 70700000,
    "ebitda": 207300000,
    "ebitdaratio": 0.4985569986,
    "operatingIncome": 136600000,
    "operatingIncomeRatio": 0.3285233285,
    "totalOtherIncomeExpensesNet": -70200000,
    "incomeBeforeTax": 66400000,
    "incomeBeforeTaxRatio": 0.1596921597,
    "incomeTaxExpense": 40000000,
    "netIncome": 26400000,
    "netIncomeRatio": 0.0634920635,
    "eps": 0.055,
    "epsdiluted": 0.055,
    "weightedAverageShsOut": 321818182,
    "weightedAverageShsOutDil": 321818182,
    "link": "https://www.sec.gov/Archives/edgar/data/831259/000083125999000006/0000831259-99-000006-index.html",
    "finalLink": "https://www.sec.gov/Archives/edgar/data/831259/"
  },
  {
    "date": "1998-12-31",
    "symbol": "FCX",
    "reportedCurrency": "USD",
    "cik": "0000831259",
    "fillingDate": "1999-03-19",
    "acceptedDate": "1999-03-19 00:00:00",
    "calendarYear": "1998",
    "period": "Q4",
    "revenue": 485000000,
    "costOfRevenue": 205900000,
    "grossProfit": 279100000,
    "grossProfitRatio": 0.5754639175,
    "researchAndDevelopmentExpenses": 0,
    "generalAndAdministrativeExpenses": 24600000,
    "sellingAndMarketingExpenses": 0,
    "sellingGeneralAndAdministrativeExpenses": 24600000,
    "otherExpenses": 80000000,
    "operatingExpenses": 104600000,
    "costAndExpenses": 310500000,
    "interestIncome": 0,
    "interestExpense": 0,
    "depreciationAndAmortization": 80000000,
    "ebitda": 254500000,
    "ebitdaratio": 0.524742268,
    "operatingIncome": 174500000,
    "operatingIncomeRatio": 0.3597938144,
    "totalOtherIncomeExpensesNet": -67600000,
    "incomeBeforeTax": 106900000,
    "incomeBeforeTaxRatio": 0.2204123711,
    "incomeTaxExpense": 56100000,
    "netIncome": 50800000,
    "netIncomeRatio": 0.104742268,
    "eps": 0.16,
    "epsdiluted": 0.16,
    "weightedAverageShsOut": 321818182,
    "weightedAverageShsOutDil": 321818182,
    "link": "https://www.sec.gov/Archives/edgar/data/831259/000083125999000002/0000831259-99-000002-index.html",
    "finalLink": "https://www.sec.gov/Archives/edgar/data/831259/"
  },
  {
    "date": "1998-09-30",
    "symbol": "FCX",
    "reportedCurrency": "USD",
    "cik": "0000831259",
    "fillingDate": "1998-11-12",
    "acceptedDate": "1998-11-12 00:00:00",
    "calendarYear": "1998",
    "period": "Q3",
    "revenue": 442100000,
    "costOfRevenue": 207400000,
    "grossProfit": 234700000,
    "grossProfitRatio": 0.5308753676,
    "researchAndDevelopmentExpenses": 0,
    "generalAndAdministrativeExpenses": 24500000,
    "sellingAndMarketingExpenses": 0,
    "sellingGeneralAndAdministrativeExpenses": 24500000,
    "otherExpenses": 75100000,
    "operatingExpenses": 99600000,
    "costAndExpenses": 307000000,
    "interestIncome": 0,
    "interestExpense": 0,
    "depreciationAndAmortization": 75100000,
    "ebitda": 210200000,
    "ebitdaratio": 0.4754580412,
    "operatingIncome": 135100000,
    "operatingIncomeRatio": 0.3055869713,
    "totalOtherIncomeExpensesNet": -63900000,
    "incomeBeforeTax": 71200000,
    "incomeBeforeTaxRatio": 0.1610495363,
    "incomeTaxExpense": 38600000,
    "netIncome": 32600000,
    "netIncomeRatio": 0.0737389731,
    "eps": 0.07,
    "epsdiluted": 0.07,
    "weightedAverageShsOut": 340000000,
    "weightedAverageShsOutDil": 340000000,
    "link": "https://www.sec.gov/Archives/edgar/data/831259/000083125998000010/0000831259-98-000010-index.html",
    "finalLink": "https://www.sec.gov/Archives/edgar/data/831259/"
  },
  {
    "date": "1998-06-30",
    "symbol": "FCX",
    "reportedCurrency": "USD",
    "cik": "0000831259",
    "fillingDate": "1998-08-14",
    "acceptedDate": "1998-08-14 00:00:00",
    "calendarYear": "1998",
    "period": "Q2",
    "revenue": 433900000,
    "costOfRevenue": 215800000,
    "grossProfit": 218100000,
    "grossProfitRatio": 0.5026503803,
    "researchAndDevelopmentExpenses": 0,
    "generalAndAdministrativeExpenses": 19100000,
    "sellingAndMarketingExpenses": 0,
    "sellingGeneralAndAdministrativeExpenses": 19100000,
    "otherExpenses": 64000000,
    "operatingExpenses": 83100000,
    "costAndExpenses": 298900000,
    "interestIncome": 0,
    "interestExpense": 0,
    "depreciationAndAmortization": 64000000,
    "ebitda": 199000000,
    "ebitdaratio": 0.458631021,
    "operatingIncome": 135000000,
    "operatingIncomeRatio": 0.3111315971,
    "totalOtherIncomeExpensesNet": -61600000,
    "incomeBeforeTax": 73400000,
    "incomeBeforeTaxRatio": 0.1691634017,
    "incomeTaxExpense": 38700000,
    "netIncome": 34700000,
    "netIncomeRatio": 0.0799723439,
    "eps": 0.07,
    "epsdiluted": 0.07,
    "weightedAverageShsOut": 368571429,
    "weightedAverageShsOutDil": 368571429,
    "link": "https://www.sec.gov/Archives/edgar/data/831259/000083125998000007/0000831259-98-000007-index.html",
    "finalLink": "https://www.sec.gov/Archives/edgar/data/831259/"
  },
  {
    "date": "1998-03-31",
    "symbol": "FCX",
    "reportedCurrency": "USD",
    "cik": "0000831259",
    "fillingDate": "1998-05-08",
    "acceptedDate": "1998-05-08 00:00:00",
    "calendarYear": "1998",
    "period": "Q1",
    "revenue": 396100000,
    "costOfRevenue": 188500000,
    "grossProfit": 207600000,
    "grossProfitRatio": 0.5241100732,
    "researchAndDevelopmentExpenses": 0,
    "generalAndAdministrativeExpenses": 19500000,
    "sellingAndMarketingExpenses": 0,
    "sellingGeneralAndAdministrativeExpenses": 19500000,
    "otherExpenses": 58300000,
    "operatingExpenses": 77800000,
    "costAndExpenses": 266300000,
    "interestIncome": 0,
    "interestExpense": 0,
    "depreciationAndAmortization": 58300000,
    "ebitda": 188600000,
    "ebitdaratio": 0.4761423883,
    "operatingIncome": 129800000,
    "operatingIncomeRatio": 0.3276950265,
    "totalOtherIncomeExpensesNet": -57500000,
    "incomeBeforeTax": 72800000,
    "incomeBeforeTaxRatio": 0.1837919717,
    "incomeTaxExpense": 37200000,
    "netIncome": 35600000,
    "netIncomeRatio": 0.0898762939,
    "eps": 0.075,
    "epsdiluted": 0.075,
    "weightedAverageShsOut": 354666667,
    "weightedAverageShsOutDil": 354666667,
    "link": "https://www.sec.gov/Archives/edgar/data/831259/000083125998000005/0000831259-98-000005-index.html",
    "finalLink": "https://www.sec.gov/Archives/edgar/data/831259/"
  },
  {
    "date": "1997-12-31",
    "symbol": "FCX",
    "reportedCurrency": "USD",
    "cik": "0000831259",
    "fillingDate": "1998-03-31",
    "acceptedDate": "1998-03-31 00:00:00",
    "calendarYear": "1997",
    "period": "Q4",
    "revenue": 420600000,
    "costOfRevenue": 237500000,
    "grossProfit": 183100000,
    "grossProfitRatio": 0.4353304803,
    "researchAndDevelopmentExpenses": 0,
    "generalAndAdministrativeExpenses": 13500000,
    "sellingAndMarketingExpenses": 0,
    "sellingGeneralAndAdministrativeExpenses": 13500000,
    "otherExpenses": 53300000,
    "operatingExpenses": 66800000,
    "costAndExpenses": 304300000,
    "interestIncome": 0,
    "interestExpense": 0,
    "depreciationAndAmortization": 53300000,
    "ebitda": 169600000,
    "ebitdaratio": 0.403233476,
    "operatingIncome": 116300000,
    "operatingIncomeRatio": 0.276509748,
    "totalOtherIncomeExpensesNet": -38400000,
    "incomeBeforeTax": 77900000,
    "incomeBeforeTaxRatio": 0.1852116025,
    "incomeTaxExpense": 29300000,
    "netIncome": 48600000,
    "netIncomeRatio": 0.1155492154,
    "eps": 0.14,
    "epsdiluted": 0.14,
    "weightedAverageShsOut": 354666667,
    "weightedAverageShsOutDil": 354666667,
    "link": "https://www.sec.gov/Archives/edgar/data/831259/000083125998000003/0000831259-98-000003-index.html",
    "finalLink": "https://www.sec.gov/Archives/edgar/data/831259/"
  },
  {
    "date": "1997-09-30",
    "symbol": "FCX",
    "reportedCurrency": "USD",
    "cik": "0000831259",
    "fillingDate": "1997-11-13",
    "acceptedDate": "1997-11-13 00:00:00",
    "calendarYear": "1997",
    "period": "Q3",
    "revenue": 489500000,
    "costOfRevenue": 267400000,
    "grossProfit": 222100000,
    "grossProfitRatio": 0.4537282942,
    "researchAndDevelopmentExpenses": 0,
    "generalAndAdministrativeExpenses": 26900000,
    "sellingAndMarketingExpenses": 0,
    "sellingGeneralAndAdministrativeExpenses": 26900000,
    "otherExpenses": 58800000,
    "operatingExpenses": 85700000,
    "costAndExpenses": 353100000,
    "interestIncome": 0,
    "interestExpense": 0,
    "depreciationAndAmortization": 58700000,
    "ebitda": 195200000,
    "ebitdaratio": 0.3987742594,
    "operatingIncome": 136400000,
    "operatingIncomeRatio": 0.2786516854,
    "totalOtherIncomeExpensesNet": -45700000,
    "incomeBeforeTax": 90700000,
    "incomeBeforeTaxRatio": 0.1852911134,
    "incomeTaxExpense": 45100000,
    "netIncome": 45600000,
    "netIncomeRatio": 0.0931562819,
    "eps": 0.095,
    "epsdiluted": 0.095,
    "weightedAverageShsOut": 385263158,
    "weightedAverageShsOutDil": 385263158,
    "link": "https://www.sec.gov/Archives/edgar/data/831259/000083125997000019/0000831259-97-000019-index.html",
    "finalLink": "https://www.sec.gov/Archives/edgar/data/831259/"
  },
  {
    "date": "1997-06-30",
    "symbol": "FCX",
    "reportedCurrency": "USD",
    "cik": "0000831259",
    "fillingDate": "1997-08-06",
    "acceptedDate": "1997-08-06 00:00:00",
    "calendarYear": "1997",
    "period": "Q2",
    "revenue": 567000000,
    "costOfRevenue": 269200000,
    "grossProfit": 297800000,
    "grossProfitRatio": 0.5252204586,
    "researchAndDevelopmentExpenses": 0,
    "generalAndAdministrativeExpenses": 29500000,
    "sellingAndMarketingExpenses": 0,
    "sellingGeneralAndAdministrativeExpenses": 29500000,
    "otherExpenses": 54600000,
    "operatingExpenses": 84100000,
    "costAndExpenses": 353300000,
    "interestIncome": 0,
    "interestExpense": 0,
    "depreciationAndAmortization": 54600000,
    "ebitda": 268300000,
    "ebitdaratio": 0.4731922399,
    "operatingIncome": 213700000,
    "operatingIncomeRatio": 0.3768959436,
    "totalOtherIncomeExpensesNet": -56300000,
    "incomeBeforeTax": 157400000,
    "incomeBeforeTaxRatio": 0.2776014109,
    "incomeTaxExpense": 78300000,
    "netIncome": 79100000,
    "netIncomeRatio": 0.1395061728,
    "eps": 0.18,
    "epsdiluted": 0.18,
    "weightedAverageShsOut": 399428571,
    "weightedAverageShsOutDil": 399428571,
    "link": "https://www.sec.gov/Archives/edgar/data/831259/000083125997000017/0000831259-97-000017-index.html",
    "finalLink": "https://www.sec.gov/Archives/edgar/data/831259/"
  },
  {
    "date": "1997-03-31",
    "symbol": "FCX",
    "reportedCurrency": "USD",
    "cik": "0000831259",
    "fillingDate": "1997-05-02",
    "acceptedDate": "1997-05-02 00:00:00",
    "calendarYear": "1997",
    "period": "Q1",
    "revenue": 523800000,
    "costOfRevenue": 252200000,
    "grossProfit": 271600000,
    "grossProfitRatio": 0.5185185185,
    "researchAndDevelopmentExpenses": 0,
    "generalAndAdministrativeExpenses": 26700000,
    "sellingAndMarketingExpenses": 0,
    "sellingGeneralAndAdministrativeExpenses": 26700000,
    "otherExpenses": 47300000,
    "operatingExpenses": 74000000,
    "costAndExpenses": 326200000,
    "interestIncome": 0,
    "interestExpense": 0,
    "depreciationAndAmortization": 47300000,
    "ebitda": 244900000,
    "ebitdaratio": 0.4675448645,
    "operatingIncome": 197600000,
    "operatingIncomeRatio": 0.3772432226,
    "totalOtherIncomeExpensesNet": -47200000,
    "incomeBeforeTax": 150400000,
    "incomeBeforeTaxRatio": 0.2871324933,
    "incomeTaxExpense": 78600000,
    "netIncome": 71800000,
    "netIncomeRatio": 0.1370752195,
    "eps": 0.16,
    "epsdiluted": 0.16,
    "weightedAverageShsOut": 402580645,
    "weightedAverageShsOutDil": 402580645,
    "link": "https://www.sec.gov/Archives/edgar/data/831259/000083125997000014/0000831259-97-000014-index.html",
    "finalLink": "https://www.sec.gov/Archives/edgar/data/831259/"
  },
  {
    "date": "1996-12-31",
    "symbol": "FCX",
    "reportedCurrency": "USD",
    "cik": "0000831259",
    "fillingDate": "1997-03-28",
    "acceptedDate": "1997-03-28 00:00:00",
    "calendarYear": "1996",
    "period": "Q4",
    "revenue": 617600000,
    "costOfRevenue": 277500000,
    "grossProfit": 340100000,
    "grossProfitRatio": 0.5506800518,
    "researchAndDevelopmentExpenses": 0,
    "generalAndAdministrativeExpenses": 39200000,
    "sellingAndMarketingExpenses": 0,
    "sellingGeneralAndAdministrativeExpenses": 39200000,
    "otherExpenses": 50200000,
    "operatingExpenses": 89400000,
    "costAndExpenses": 366900000,
    "interestIncome": 0,
    "interestExpense": 0,
    "depreciationAndAmortization": 50200000,
    "ebitda": 300900000,
    "ebitdaratio": 0.4872085492,
    "operatingIncome": 250700000,
    "operatingIncomeRatio": 0.4059261658,
    "totalOtherIncomeExpensesNet": -56400000,
    "incomeBeforeTax": 194300000,
    "incomeBeforeTaxRatio": 0.3146049223,
    "incomeTaxExpense": 106500000,
    "netIncome": 87800000,
    "netIncomeRatio": 0.1421632124,
    "eps": 0.22,
    "epsdiluted": 0.22,
    "weightedAverageShsOut": 402580645,
    "weightedAverageShsOutDil": 402580645,
    "link": "https://www.sec.gov/Archives/edgar/data/831259/000083125997000009/0000831259-97-000009-index.html",
    "finalLink": "https://www.sec.gov/Archives/edgar/data/831259/"
  },
  {
    "date": "1996-09-30",
    "symbol": "FCX",
    "reportedCurrency": "USD",
    "cik": "0000831259",
    "fillingDate": "1996-11-07",
    "acceptedDate": "1996-11-07 00:00:00",
    "calendarYear": "1996",
    "period": "Q3",
    "revenue": 474700000,
    "costOfRevenue": 230600000,
    "grossProfit": 244100000,
    "grossProfitRatio": 0.5142195071,
    "researchAndDevelopmentExpenses": 0,
    "generalAndAdministrativeExpenses": 28500000,
    "sellingAndMarketingExpenses": 0,
    "sellingGeneralAndAdministrativeExpenses": 28500000,
    "otherExpenses": 45200000,
    "operatingExpenses": 73700000,
    "costAndExpenses": 304300000,
    "interestIncome": 0,
    "interestExpense": 0,
    "depreciationAndAmortization": 45200000,
    "ebitda": 215600000,
    "ebitdaratio": 0.4541815884,
    "operatingIncome": 170400000,
    "operatingIncomeRatio": 0.3589635559,
    "totalOtherIncomeExpensesNet": -45500000,
    "incomeBeforeTax": 124900000,
    "incomeBeforeTaxRatio": 0.2631135454,
    "incomeTaxExpense": 65300000,
    "netIncome": 59600000,
    "netIncomeRatio": 0.1255529808,
    "eps": 0.12,
    "epsdiluted": 0.12,
    "weightedAverageShsOut": 384166667,
    "weightedAverageShsOutDil": 384166667,
    "link": "https://www.sec.gov/Archives/edgar/data/831259/000083125996000009/0000831259-96-000009-index.html",
    "finalLink": "https://www.sec.gov/Archives/edgar/data/831259/"
  },
  {
    "date": "1996-06-30",
    "symbol": "FCX",
    "reportedCurrency": "USD",
    "cik": "0000831259",
    "fillingDate": "1996-08-08",
    "acceptedDate": "1996-08-08 00:00:00",
    "calendarYear": "1996",
    "period": "Q2",
    "revenue": 424300000,
    "costOfRevenue": 238900000,
    "grossProfit": 185400000,
    "grossProfitRatio": 0.4369549847,
    "researchAndDevelopmentExpenses": 0,
    "generalAndAdministrativeExpenses": 30400000,
    "sellingAndMarketingExpenses": 0,
    "sellingGeneralAndAdministrativeExpenses": 30400000,
    "otherExpenses": 43400000,
    "operatingExpenses": 73800000,
    "costAndExpenses": 312700000,
    "interestIncome": 0,
    "interestExpense": 0,
    "depreciationAndAmortization": 43400000,
    "ebitda": 155000000,
    "ebitdaratio": 0.3653075654,
    "operatingIncome": 111600000,
    "operatingIncomeRatio": 0.2630214471,
    "totalOtherIncomeExpensesNet": -32200000,
    "incomeBeforeTax": 79400000,
    "incomeBeforeTaxRatio": 0.1871317464,
    "incomeTaxExpense": 36700000,
    "netIncome": 42700000,
    "netIncomeRatio": 0.1006363422,
    "eps": 0.075,
    "epsdiluted": 0.075,
    "weightedAverageShsOut": 388000000,
    "weightedAverageShsOutDil": 388000000,
    "link": "https://www.sec.gov/Archives/edgar/data/831259/000083125996000005/0000831259-96-000005-index.html",
    "finalLink": "https://www.sec.gov/Archives/edgar/data/831259/"
  },
  {
    "date": "1996-03-31",
    "symbol": "FCX",
    "reportedCurrency": "USD",
    "cik": "0000831259",
    "fillingDate": "1996-04-26",
    "acceptedDate": "1996-04-26 00:00:00",
    "calendarYear": "1996",
    "period": "Q1",
    "revenue": 388400000,
    "costOfRevenue": 204800000,
    "grossProfit": 183600000,
    "grossProfitRatio": 0.4727085479,
    "researchAndDevelopmentExpenses": 0,
    "generalAndAdministrativeExpenses": 42800000,
    "sellingAndMarketingExpenses": 0,
    "sellingGeneralAndAdministrativeExpenses": 42800000,
    "otherExpenses": 35200000,
    "operatingExpenses": 78000000,
    "costAndExpenses": 282800000,
    "interestIncome": 0,
    "interestExpense": 0,
    "depreciationAndAmortization": 35200000,
    "ebitda": 140800000,
    "ebitdaratio": 0.3625128733,
    "operatingIncome": 105600000,
    "operatingIncomeRatio": 0.271884655,
    "totalOtherIncomeExpensesNet": -30900000,
    "incomeBeforeTax": 74700000,
    "incomeBeforeTaxRatio": 0.1923274974,
    "incomeTaxExpense": 38600000,
    "netIncome": 36100000,
    "netIncomeRatio": 0.0929454171,
    "eps": 0.055,
    "epsdiluted": 0.055,
    "weightedAverageShsOut": 407272727,
    "weightedAverageShsOutDil": 407272727,
    "link": "https://www.sec.gov/Archives/edgar/data/831259/000083125996000004/0000831259-96-000004-index.html",
    "finalLink": "https://www.sec.gov/Archives/edgar/data/831259/"
  },
  {
    "date": "1995-12-31",
    "symbol": "FCX",
    "reportedCurrency": "USD",
    "cik": "0000831259",
    "fillingDate": "1996-03-27",
    "acceptedDate": "1996-03-27 00:00:00",
    "calendarYear": "1995",
    "period": "Q4",
    "revenue": 534200000,
    "costOfRevenue": 270400000,
    "grossProfit": 263800000,
    "grossProfitRatio": 0.4938225384,
    "researchAndDevelopmentExpenses": 0,
    "generalAndAdministrativeExpenses": 54300000,
    "sellingAndMarketingExpenses": 0,
    "sellingGeneralAndAdministrativeExpenses": 54300000,
    "otherExpenses": 40100000,
    "operatingExpenses": 94400000,
    "costAndExpenses": 364800000,
    "interestIncome": 0,
    "interestExpense": 0,
    "depreciationAndAmortization": 40100000,
    "ebitda": 209500000,
    "ebitdaratio": 0.3921752153,
    "operatingIncome": 169400000,
    "operatingIncomeRatio": 0.3171096967,
    "totalOtherIncomeExpensesNet": -32500000,
    "incomeBeforeTax": 136900000,
    "incomeBeforeTaxRatio": 0.2562710595,
    "incomeTaxExpense": 69000000,
    "netIncome": 67900000,
    "netIncomeRatio": 0.1271059528,
    "eps": 0.17,
    "epsdiluted": 0.17,
    "weightedAverageShsOut": 407272727,
    "weightedAverageShsOutDil": 407272727,
    "link": "https://www.sec.gov/Archives/edgar/data/831259/000083125996000003/0000831259-96-000003-index.html",
    "finalLink": "https://www.sec.gov/Archives/edgar/data/831259/"
  },
  {
    "date": "1995-09-30",
    "symbol": "FCX",
    "reportedCurrency": "USD",
    "cik": "0000831259",
    "fillingDate": "1995-10-25",
    "acceptedDate": "1995-10-25 00:00:00",
    "calendarYear": "1995",
    "period": "Q3",
    "revenue": 469800000,
    "costOfRevenue": 216200000,
    "grossProfit": 253600000,
    "grossProfitRatio": 0.539804172,
    "researchAndDevelopmentExpenses": 0,
    "generalAndAdministrativeExpenses": 49200000,
    "sellingAndMarketingExpenses": 0,
    "sellingGeneralAndAdministrativeExpenses": 49200000,
    "otherExpenses": 33900000,
    "operatingExpenses": 83100000,
    "costAndExpenses": 299300000,
    "interestIncome": 0,
    "interestExpense": 0,
    "depreciationAndAmortization": 33900000,
    "ebitda": 204400000,
    "ebitdaratio": 0.4350787569,
    "operatingIncome": 170500000,
    "operatingIncomeRatio": 0.3629203917,
    "totalOtherIncomeExpensesNet": -33400000,
    "incomeBeforeTax": 137100000,
    "incomeBeforeTaxRatio": 0.2918263091,
    "incomeTaxExpense": 63000000,
    "netIncome": 74100000,
    "netIncomeRatio": 0.1577266922,
    "eps": 0.15,
    "epsdiluted": 0.15,
    "weightedAverageShsOut": 403333333,
    "weightedAverageShsOutDil": 403333333,
    "link": "https://www.sec.gov/Archives/edgar/data/831259/000083125995000011/0000831259-95-000011-index.html",
    "finalLink": "https://www.sec.gov/Archives/edgar/data/831259/"
  }
]