[
  {
    "date": "2024-12-31",
    "symbol": "FCX",
    "reportedCurrency": "USD",
    "cik": "0000831259",
    "fillingDate": "2025-02-14",
    "acceptedDate": "2025-02-14 17:00:48",
    "calendarYear": "2024",
    "period": "FY",
    "revenue": 25140000000,
    "costOfRevenue": 17952000000,
    "grossProfit": 7188000000,
    "grossProfitRatio": 0.2859188544,
    "researchAndDevelopmentExpenses": 0,
    "generalAndAdministrativeExpenses": 0,
    "sellingAndMarketingExpenses": 0,
    "sellingGeneralAndAdministrativeExpenses": 513000000,
    "otherExpenses": 127000000,
    "operatingExpenses": 640000000,
    "costAndExpenses": 18592000000,
    "interestIncome": 0,
    "interestExpense": 319000000,
    "depreciationAndAmortization": 2241000000,
    "ebitda": 9467000000,
    "ebitdaratio": 0.3765712013,
    "operatingIncome": 6548000000,
    "operatingIncomeRatio": 0.2604614161,
    "totalOtherIncomeExpensesNet": 374000000,
    "incomeBeforeTax": 6922000000,
    "incomeBeforeTaxRatio": 0.2753381066,
    "incomeTaxExpense": 2523000000,
    "netIncome": 1883000000,
    "netIncomeRatio": 0.0749005569,
    "eps": 1.31,
    "epsdiluted": 1.3,
    "weightedAverageShsOut": 1445000000,
    "weightedAverageShsOutDil": 1445000000,
    "link": "https://www.sec.gov/Archives/edgar/data/831259/000083125925000006/0000831259-25-000006-index.htm",
    "finalLink": "https://www.sec.gov/Archives/edgar/data/831259/000083125925000006/fcx-20241231.htm"
  },
  {
    "date": "2023-12-31",
    "symbol": "FCX",
    "reportedCurrency": "USD",
    "cik": "0000831259",
    "fillingDate": "2024-02-16",
    "acceptedDate": "2024-02-15 18:00:31",
    "calendarYear": "2023",
    "period": "FY",
    "revenue": 22707000000,
    "costOfRevenue": 15826000000,
    "grossProfit": 6881000000,
    "grossProfitRatio": 0.3030343066,
    "researchAndDevelopmentExpenses": 0,
    "generalAndAdministrativeExpenses": 0,
    "sellingAndMarketingExpenses": 0,
    "sellingGeneralAndAdministrativeExpenses": 479000000,
    "otherExpenses": 319000000,
    "operatingExpenses": 798000000,
    "costAndExpenses": 16624000000,
    "interestIncome": 0,
    "interestExpense": 515000000,
    "depreciationAndAmortization": 2068000000,
    "ebitda": 8589000000,
    "ebitdaratio": 0.378253402,
    "operatingIncome": 6083000000,
    "operatingIncomeRatio": 0.2678909587,
    "totalOtherIncomeExpensesNet": -62000000,
    "incomeBeforeTax": 6021000000,
    "incomeBeforeTaxRatio": 0.2651605232,
    "incomeTaxExpense": 2270000000,
    "netIncome": 1842000000,
    "netIncomeRatio": 0.0811203594,
    "eps": 1.2845,
    "epsdiluted": 1.2765,
    "weightedAverageShsOut": 1434000000,
    "weightedAverageShsOutDil": 1443000000,
    "link": "https://www.sec.gov/Archives/edgar/data/831259/000083125924000011/0000831259-24-000011-index.htm",
    "finalLink": "https://www.sec.gov/Archives/edgar/data/831259/000083125924000011/fcx-20231231.htm"
  },
  {
    "date": "2022-12-31",
    "symbol": "FCX",
    "reportedCurrency": "USD",
    "cik": "0000831259",
    "fillingDate": "2023-02-15",
    "acceptedDate": "2023-02-15 17:00:47",
    "calendarYear": "2022",
    "period": "FY",
    "revenue": 23334000000,
    "costOfRevenue": 15241000000,
    "grossProfit": 8093000000,
    "grossProfitRatio": 0.3468329476,
    "researchAndDevelopmentExpenses": 0,
    "generalAndAdministrativeExpenses": 0,
    "sellingAndMarketingExpenses": 0,
    "sellingGeneralAndAdministrativeExpenses": 420000000,
    "otherExpenses": 121000000,
    "operatingExpenses": 541000000,
    "costAndExpenses": 15782000000,
    "interestIncome": 0,
    "interestExpense": 560000000,
    "depreciationAndAmortization": 2019000000,
    "ebitda": 9294000000,
    "ebitdaratio": 0.3983029056,
    "operatingIncome": 7552000000,
    "operatingIncomeRatio": 0.3236478958,
    "totalOtherIncomeExpensesNet": -806000000,
    "incomeBeforeTax": 6746000000,
    "incomeBeforeTaxRatio": 0.2891060255,
    "incomeTaxExpense": 2267000000,
    "netIncome": 3461000000,
    "netIncomeRatio": 0.1483243336,
    "eps": 2.4018,
    "epsdiluted": 2.3852,
    "weightedAverageShsOut": 1441000000,
    "weightedAverageShsOutDil": 1451000000,
    "link": "https://www.sec.gov/Archives/edgar/data/831259/000083125923000013/0000831259-23-000013-index.htm",
    "finalLink": "https://www.sec.gov/Archives/edgar/data/831259/000083125923000013/fcx-20221231.htm"
  },
  {
    "date": "2021-12-31",
    "symbol": "FCX",
    "reportedCurrency": "USD",
    "cik": "0000831259",
    "fillingDate": "2022-02-15",
    "acceptedDate": "2022-02-15 15:08:57",
    "calendarYear": "2021",
    "period": "FY",
    "revenue": 22357000000,
    "costOfRevenue": 14070000000,
    "grossProfit": 8287000000,
    "grossProfitRatio": 0.3706669052,
    "researchAndDevelopmentExpenses": 0,
    "generalAndAdministrativeExpenses": 0,
    "sellingAndMarketingExpenses": 0,
    "sellingGeneralAndAdministrativeExpenses": 383000000,
    "otherExpenses": 91000000,
    "operatingExpenses": 474000000,
    "costAndExpenses": 14544000000,
    "interestIncome": 0,
    "interestExpense": 602000000,
    "depreciationAndAmortization": 1998000000,
    "ebitda": 10259000000,
    "ebitdaratio": 0.4588719417,
    "operatingIncome": 7813000000,
    "operatingIncomeRatio": 0.3494654918,
    "totalOtherIncomeExpensesNet": -149000000,
    "incomeBeforeTax": 7664000000,
    "incomeBeforeTaxRatio": 0.3428009125,
    "incomeTaxExpense": 2299000000,
    "netIncome": 4299000000,
    "netIncomeRatio": 0.1922887686,
    "eps": 2.9325,
    "epsdiluted": 2.9008,
    "weightedAverageShsOut": 1466000000,
    "weightedAverageShsOutDil": 1482000000,
    "link": "https://www.sec.gov/Archives/edgar/data/831259/000083125922000009/0000831259-22-000009-index.htm",
    "finalLink": "https://www.sec.gov/Archives/edgar/data/831259/000083125922000009/fcx-20211231.htm"
  },
  {
    "date": "2020-12-31",
    "symbol": "FCX",
    "reportedCurrency": "USD",
    "cik": "0000831259",
    "fillingDate": "2021-02-16",
    "acceptedDate": "2021-02-16 15:38:33",
    "calendarYear": "2020",
    "period": "FY",
    "revenue": 13872000000,
    "costOfRevenue": 11466000000,
    "grossProfit": 2406000000,
    "grossProfitRatio": 0.1734429066,
    "researchAndDevelopmentExpenses": 0,
    "generalAndAdministrativeExpenses": 0,
    "sellingAndMarketingExpenses": 0,
    "sellingGeneralAndAdministrativeExpenses": 354000000,
    "otherExpenses": 159000000,
    "operatingExpenses": 513000000,
    "costAndExpenses": 11979000000,
    "interestIncome": 0,
    "interestExpense": 598000000,
    "depreciationAndAmortization": 1528000000,
    "ebitda": 3923000000,
    "ebitdaratio": 0.2827998847,
    "operatingIncome": 1893000000,
    "operatingIncomeRatio": 0.1364619377,
    "totalOtherIncomeExpensesNet": -84000000,
    "incomeBeforeTax": 1809000000,
    "incomeBeforeTaxRatio": 0.1304065744,
    "incomeTaxExpense": 944000000,
    "netIncome": 596000000,
    "netIncomeRatio": 0.0429642445,
    "eps": 0.4102,
    "epsdiluted": 0.4079,
    "weightedAverageShsOut": 1453000000,
    "weightedAverageShsOutDil": 1461000000,
    "link": "https://www.sec.gov/Archives/edgar/data/831259/000083125921000009/0000831259-21-000009-index.htm",
    "finalLink": "https://www.sec.gov/Archives/edgar/data/831259/000083125921000009/fcx-20201231.htm"
  },
  {
    "date": "2019-12-31",
    "symbol": "FCX",
    "reportedCurrency": "USD",
    "cik": "0000831259",
    "fillingDate": "2020-02-14",
    "acceptedDate": "2020-02-14 15:59:58",
    "calendarYear": "2019",
    "period": "FY",
    "revenue": 14356000000,
    "costOfRevenue": 13168000000,
    "grossProfit": 1188000000,
    "grossProfitRatio": 0.0827528559,
    "researchAndDevelopmentExpenses": 0,
    "generalAndAdministrativeExpenses": 0,
    "sellingAndMarketingExpenses": 0,
    "sellingGeneralAndAdministrativeExpenses": 414000000,
    "otherExpenses": 105000000,
    "operatingExpenses": 519000000,
    "costAndExpenses": 13687000000,
    "interestIncome": 0,
    "interestExpense": 532000000,
    "depreciationAndAmortization": 1412000000,
    "ebitda": 2250000000,
    "ebitdaratio": 0.1567288938,
    "operatingIncome": 669000000,
    "operatingIncomeRatio": 0.0466007244,
    "totalOtherIncomeExpensesNet": -351000000,
    "incomeBeforeTax": 318000000,
    "incomeBeforeTaxRatio": 0.022151017,
    "incomeTaxExpense": 510000000,
    "netIncome": -245000000,
    "netIncomeRatio": -0.0170660351,
    "eps": -0.1688,
    "epsdiluted": -0.1688,
    "weightedAverageShsOut": 1451000000,
    "weightedAverageShsOutDil": 1451000000,
    "link": "https://www.sec.gov/Archives/edgar/data/831259/000083125920000004/0000831259-20-000004-index.htm",
    "finalLink": "https://www.sec.gov/Archives/edgar/data/831259/000083125920000004/a2019form10-k.htm"
  },
  {
    "date": "2018-12-31",
    "symbol": "FCX",
    "reportedCurrency": "USD",
    "cik": "0000831259",
    "fillingDate": "2019-02-15",
    "acceptedDate": "2019-02-15 14:25:42",
    "calendarYear": "2018",
    "period": "FY",
    "revenue": 18967000000,
    "costOfRevenue": 13226000000,
    "grossProfit": 5741000000,
    "grossProfitRatio": 0.3026836084,
    "researchAndDevelopmentExpenses": 0,
    "generalAndAdministrativeExpenses": 0,
    "sellingAndMarketingExpenses": 0,
    "sellingGeneralAndAdministrativeExpenses": 443000000,
    "otherExpenses": 89000000,
    "operatingExpenses": 532000000,
    "costAndExpenses": 13758000000,
    "interestIncome": 0,
    "interestExpense": 575000000,
    "depreciationAndAmortization": 1754000000,
    "ebitda": 6221000000,
    "ebitdaratio": 0.3279907207,
    "operatingIncome": 5209000000,
    "operatingIncomeRatio": 0.2746348922,
    "totalOtherIncomeExpensesNet": -1309000000,
    "incomeBeforeTax": 3900000000,
    "incomeBeforeTaxRatio": 0.2056202879,
    "incomeTaxExpense": 991000000,
    "netIncome": 2613000000,
    "netIncomeRatio": 0.1377655929,
    "eps": 1.8033,
    "epsdiluted": 1.7922,
    "weightedAverageShsOut": 1449000000,
    "weightedAverageShsOutDil": 1458000000,
    "link": "https://www.sec.gov/Archives/edgar/data/831259/000083125919000009/0000831259-19-000009-index.htm",
    "finalLink": "https://www.sec.gov/Archives/edgar/data/831259/000083125919000009/a2018form10-k.htm"
  },
  {
    "date": "2017-12-31",
    "symbol": "FCX",
    "reportedCurrency": "USD",
    "cik": "0000831259",
    "fillingDate": "2018-02-20",
    "acceptedDate": "2018-02-20 17:05:25",
    "calendarYear": "2017",
    "period": "FY",
    "revenue": 15858000000,
    "costOfRevenue": 11761000000,
    "grossProfit": 4097000000,
    "grossProfitRatio": 0.2583554042,
    "researchAndDevelopmentExpenses": 0,
    "generalAndAdministrativeExpenses": 0,
    "sellingAndMarketingExpenses": 0,
    "sellingGeneralAndAdministrativeExpenses": 472000000,
    "otherExpenses": 244000000,
    "operatingExpenses": 716000000,
    "costAndExpenses": 12477000000,
    "interestIncome": 0,
    "interestExpense": 656000000,
    "depreciationAndAmortization": 1714000000,
    "ebitda": 5272000000,
    "ebitdaratio": 0.3324504982,
    "operatingIncome": 3381000000,
    "operatingIncomeRatio": 0.2132046916,
    "totalOtherIncomeExpensesNet": -469000000,
    "incomeBeforeTax": 2912000000,
    "incomeBeforeTaxRatio": 0.1836297137,
    "incomeTaxExpense": 883000000,
    "netIncome": 1756000000,
    "netIncomeRatio": 0.1107327532,
    "eps": 1.2135,
    "epsdiluted": 1.2077,
    "weightedAverageShsOut": 1447000000,
    "weightedAverageShsOutDil": 1454000000,
    "link": "https://www.sec.gov/Archives/edgar/data/831259/000083125918000008/0000831259-18-000008-index.htm",
    "finalLink": "https://www.sec.gov/Archives/edgar/data/831259/000083125918000008/a2017form10-k.htm"
  },
  {
    "date": "2016-12-31",
    "symbol": "FCX",
    "reportedCurrency": "USD",
    "cik": "0000831259",
    "fillingDate": "2017-02-24",
    "acceptedDate": "2017-02-24 13:07:11",
    "calendarYear": "2016",
    "period": "FY",
    "revenue": 14598000000,
    "costOfRevenue": 13316000000,
    "grossProfit": 1282000000,
    "grossProfitRatio": 0.0878202493,
    "researchAndDevelopmentExpenses": 0,
    "generalAndAdministrativeExpenses": 0,
    "sellingAndMarketingExpenses": 0,
    "sellingGeneralAndAdministrativeExpenses": 522000000,
    "otherExpenses": 20000000,
    "operatingExpenses": 542000000,
    "costAndExpenses": 13858000000,
    "interestIncome": 0,
    "interestExpense": 755000000,
    "depreciationAndAmortization": 2530000000,
    "ebitda": -187000000,
    "ebitdaratio": -0.012809974,
    "operatingIncome": 740000000,
    "operatingIncomeRatio": 0.0506918756,
    "totalOtherIncomeExpensesNet": -4201000000,
    "incomeBeforeTax": -3461000000,
    "incomeBeforeTaxRatio": -0.2370872722,
    "incomeTaxExpense": 371000000,
    "netIncome": -3959000000,
    "netIncomeRatio": -0.2712015345,
    "eps": -3.0038,
    "epsdiluted": -3.0038,
    "weightedAverageShsOut": 1317905405,
    "weightedAverageShsOutDil": 1318000000,
    "link": "https://www.sec.gov/Archives/edgar/data/831259/000083125917000012/0000831259-17-000012-index.htm",
    "finalLink": "https://www.sec.gov/Archives/edgar/data/831259/000083125917000012/a2016form10-k.htm"
  },
  {
    "date": "2015-12-31",
    "symbol": "FCX",
    "reportedCurrency": "USD",
    "cik": "0000831259",
    "fillingDate": "2016-02-26",
    "acceptedDate": "2016-02-26 17:35:06",
    "calendarYear": "2015",
    "period": "FY",
    "revenue": 14960000000,
    "costOfRevenue": 14363000000,
    "grossProfit": 597000000,
    "grossProfitRatio": 0.0399064171,
    "researchAndDevelopmentExpenses": 0,
    "generalAndAdministrativeExpenses": 0,
    "sellingAndMarketingExpenses": 0,
    "sellingGeneralAndAdministrativeExpenses": 558000000,
    "otherExpenses": 78000000,
    "operatingExpenses": 636000000,
    "costAndExpenses": 14999000000,
    "interestIncome": 0,
    "interestExpense": 617000000,
    "depreciationAndAmortization": 3240000000,
    "ebitda": -10271000000,
    "ebitdaratio": -0.6865641711,
    "operatingIncome": -39000000,
    "operatingIncomeRatio": -0.0026069519,
    "totalOtherIncomeExpensesNet": -14092000000,
    "incomeBeforeTax": -14131000000,
    "incomeBeforeTaxRatio": -0.9445855615,
    "incomeTaxExpense": -1951000000,
    "netIncome": -12239000000,
    "netIncomeRatio": -0.8181149733,
    "eps": -11.3115,
    "epsdiluted": -11.3115,
    "weightedAverageShsOut": 1082000000,
    "weightedAverageShsOutDil": 1082000000,
    "link": "https://www.sec.gov/Archives/edgar/data/831259/000083125916000062/0000831259-16-000062-index.htm",
    "finalLink": "https://www.sec.gov/Archives/edgar/data/831259/000083125916000062/a2015form10-k.htm"
  },
  {
    "date": "2014-12-31",
    "symbol": "FCX",
    "reportedCurrency": "USD",
    "cik": "0000831259",
    "fillingDate": "2015-06-12",
    "acceptedDate": "2015-06-12 16:09:20",
    "calendarYear": "2014",
    "period": "FY",
    "revenue": 21231000000,
    "costOfRevenue": 15889000000,
    "grossProfit": 5342000000,
    "grossProfitRatio": 0.2516132071,
    "researchAndDevelopmentExpenses": 0,
    "generalAndAdministrativeExpenses": 0,
    "sellingAndMarketingExpenses": 0,
    "sellingGeneralAndAdministrativeExpenses": 592000000,
    "otherExpenses": 119000000,
    "operatingExpenses": 711000000,
    "costAndExpenses": 16600000000,
    "interestIncome": 0,
    "interestExpense": 630000000,
    "depreciationAndAmortization": 3863000000,
    "ebitda": 4069000000,
    "ebitdaratio": 0.1916537139,
    "operatingIncome": 4631000000,
    "operatingIncomeRatio": 0.2181244407,
    "totalOtherIncomeExpensesNet": -5052000000,
    "incomeBeforeTax": -421000000,
    "incomeBeforeTaxRatio": -0.0198294946,
    "incomeTaxExpense": 324000000,
    "netIncome": -1311000000,
    "netIncomeRatio": -0.0617493288,
    "eps": -1.26,
    "epsdiluted": -1.26,
    "weightedAverageShsOut": 1038686131,
    "weightedAverageShsOutDil": 1039000000,
    "link": "https://www.sec.gov/Archives/edgar/data/831259/000083125915000033/0000831259-15-000033-index.htm",
    "finalLink": "https://www.sec.gov/Archives/edgar/data/831259/000083125915000033/form10-kxa.htm"
  },
  {
    "date": "2013-12-31",
    "symbol": "FCX",
    "reportedCurrency": "USD",
    "cik": "0000831259",
    "fillingDate": "2014-02-27",
    "acceptedDate": "2014-02-27 16:35:39",
    "calendarYear": "2013",
    "period": "FY",
    "revenue": 21408000000,
    "costOfRevenue": 14850000000,
    "grossProfit": 6558000000,
    "grossProfitRatio": 0.3063340807,
    "researchAndDevelopmentExpenses": 0,
    "generalAndAdministrativeExpenses": 0,
    "sellingAndMarketingExpenses": 0,
    "sellingGeneralAndAdministrativeExpenses": 540000000,
    "otherExpenses": 66000000,
    "operatingExpenses": 606000000,
    "costAndExpenses": 15456000000,
    "interestIncome": 0,
    "interestExpense": 518000000,
    "depreciationAndAmortization": 2797000000,
    "ebitda": 8228000000,
    "ebitdaratio": 0.3843423019,
    "operatingIncome": 5952000000,
    "operatingIncomeRatio": 0.2780269058,
    "totalOtherIncomeExpensesNet": -1036000000,
    "incomeBeforeTax": 4916000000,
    "incomeBeforeTaxRatio": 0.2296337818,
    "incomeTaxExpense": 1475000000,
    "netIncome": 2658000000,
    "netIncomeRatio": 0.1241591928,
    "eps": 2.65,
    "epsdiluted": 2.64,
    "weightedAverageShsOut": 1002000000,
    "weightedAverageShsOutDil": 1006000000,
    "link": "https://www.sec.gov/Archives/edgar/data/831259/000083125914000006/0000831259-14-000006-index.htm",
    "finalLink": "https://www.sec.gov/Archives/edgar/data/831259/000083125914000006/a2013form10-k.htm"
  },
  {
    "date": "2012-12-31",
    "symbol": "FCX",
    "reportedCurrency": "USD",
    "cik": "0000831259",
    "fillingDate": "2013-04-23",
    "acceptedDate": "2013-04-23 16:46:14",
    "calendarYear": "2012",
    "period": "FY",
    "revenue": 17935000000,
    "costOfRevenue": 11861000000,
    "grossProfit": 6074000000,
    "grossProfitRatio": 0.3386674101,
    "researchAndDevelopmentExpenses": 0,
    "generalAndAdministrativeExpenses": 0,
    "sellingAndMarketingExpenses": 0,
    "sellingGeneralAndAdministrativeExpenses": 431000000,
    "otherExpenses": -22000000,
    "operatingExpenses": 409000000,
    "costAndExpenses": 12270000000,
    "interestIncome": 0,
    "interestExpense": 186000000,
    "depreciationAndAmortization": 1179000000,
    "ebitda": 6852000000,
    "ebitdaratio": 0.3820462782,
    "operatingIncome": 5665000000,
    "operatingIncomeRatio": 0.315862838,
    "totalOtherIncomeExpensesNet": -175000000,
    "incomeBeforeTax": 5490000000,
    "incomeBeforeTaxRatio": 0.3061053805,
    "incomeTaxExpense": 1510000000,
    "netIncome": 3041000000,
    "netIncomeRatio": 0.1695567326,
    "eps": 3.2,
    "epsdiluted": 3.19,
    "weightedAverageShsOut": 949000000,
    "weightedAverageShsOutDil": 954000000,
    "link": "https://www.sec.gov/Archives/edgar/data/831259/000119312513167531/0001193125-13-167531-index.htm",
    "finalLink": "https://www.sec.gov/Archives/edgar/data/831259/000119312513167531/d523624d10ka.htm"
  },
  {
    "date": "2011-12-31",
    "symbol": "FCX",
    "reportedCurrency": "USD",
    "cik": "0000831259",
    "fillingDate": "2012-02-27",
    "acceptedDate": "2012-02-27 17:16:26",
    "calendarYear": "2011",
    "period": "FY",
    "revenue": 21427000000,
    "costOfRevenue": 11189000000,
    "grossProfit": 10238000000,
    "grossProfitRatio": 0.4778083726,
    "researchAndDevelopmentExpenses": 271000000,
    "generalAndAdministrativeExpenses": 0,
    "sellingAndMarketingExpenses": 0,
    "sellingGeneralAndAdministrativeExpenses": 415000000,
    "otherExpenses": -137000000,
    "operatingExpenses": 549000000,
    "costAndExpenses": 11738000000,
    "interestIncome": 0,
    "interestExpense": 312000000,
    "depreciationAndAmortization": 1022000000,
    "ebitda": 10152000000,
    "ebitdaratio": 0.4737947449,
    "operatingIncome": 9689000000,
    "operatingIncomeRatio": 0.4521864937,
    "totalOtherIncomeExpensesNet": -855000000,
    "incomeBeforeTax": 8834000000,
    "incomeBeforeTaxRatio": 0.4122835675,
    "incomeTaxExpense": 3087000000,
    "netIncome": 4560000000,
    "netIncomeRatio": 0.2128156065,
    "eps": 4.81,
    "epsdiluted": 4.78,
    "weightedAverageShsOut": 947000000,
    "weightedAverageShsOutDil": 955000000,
    "link": "https://www.sec.gov/Archives/edgar/data/831259/000083125912000014/0000831259-12-000014-index.htm",
    "finalLink": "https://www.sec.gov/Archives/edgar/data/831259/000083125912000014/a2011form10-k.htm"
  },
  {
    "date": "2010-12-31",
    "symbol": "FCX",
    "reportedCurrency": "USD",
    "cik": "0000831259",
    "fillingDate": "2011-02-25",
    "acceptedDate": "2011-02-25 16:47:58",
    "calendarYear": "2010",
    "period": "FY",
    "revenue": 18326000000,
    "costOfRevenue": 9501000000,
    "grossProfit": 8825000000,
    "grossProfitRatio": 0.4815562589,
    "researchAndDevelopmentExpenses": 0,
    "generalAndAdministrativeExpenses": 0,
    "sellingAndMarketingExpenses": 0,
    "sellingGeneralAndAdministrativeExpenses": 381000000,
    "otherExpenses": 0,
    "operatingExpenses": 381000000,
    "costAndExpenses": 9882000000,
    "interestIncome": 0,
    "interestExpense": 462000000,
    "depreciationAndAmortization": 1036000000,
    "ebitda": 10010000000,
    "ebitdaratio": 0.5462184874,
    "operatingIncome": 8444000000,
    "operatingIncomeRatio": 0.4607661246,
    "totalOtherIncomeExpensesNet": 83000000,
    "incomeBeforeTax": 8527000000,
    "incomeBeforeTaxRatio": 0.465295209,
    "incomeTaxExpense": 2983000000,
    "netIncome": 4336000000,
    "netIncomeRatio": 0.2366037324,
    "eps": 4.67,
    "epsdiluted": 4.57,
    "weightedAverageShsOut": 916000000,
    "weightedAverageShsOutDil": 948000000,
    "link": "https://www.sec.gov/Archives/edgar/data/831259/000083125911000014/0000831259-11-000014-index.htm",
    "finalLink": "https://www.sec.gov/Archives/edgar/data/831259/000083125911000014/fcx123110-10k.htm"
  },
  {
    "date": "2009-12-31",
    "symbol": "FCX",
    "reportedCurrency": "USD",
    "cik": "0000831259",
    "fillingDate": "2010-02-26",
    "acceptedDate": "2010-02-26 15:12:35",
    "calendarYear": "2009",
    "period": "FY",
    "revenue": 13638000000,
    "costOfRevenue": 8138000000,
    "grossProfit": 5500000000,
    "grossProfitRatio": 0.4032849391,
    "researchAndDevelopmentExpenses": 90000000,
    "generalAndAdministrativeExpenses": 0,
    "sellingAndMarketingExpenses": 0,
    "sellingGeneralAndAdministrativeExpenses": 321000000,
    "otherExpenses": -90000000,
    "operatingExpenses": 321000000,
    "costAndExpenses": 8459000000,
    "interestIncome": 46000000,
    "interestExpense": 586000000,
    "depreciationAndAmortization": 1014000000,
    "ebitda": 7416000000,
    "ebitdaratio": 0.543774747,
    "operatingIncome": 5179000000,
    "operatingIncomeRatio": 0.3797477636,
    "totalOtherIncomeExpensesNet": 662000000,
    "incomeBeforeTax": 5841000000,
    "incomeBeforeTaxRatio": 0.4282886054,
    "incomeTaxExpense": 2307000000,
    "netIncome": 2749000000,
    "netIncomeRatio": 0.201569145,
    "eps": 3.05,
    "epsdiluted": 2.93,
    "weightedAverageShsOut": 828000000,
    "weightedAverageShsOutDil": 938000000,
    "link": "https://www.sec.gov/Archives/edgar/data/831259/000083125910000010/0000831259-10-000010-index.htm",
    "finalLink": "https://www.sec.gov/Archives/edgar/data/831259/000083125910000010/fcx123109-10k.htm"
  },
  {
    "date": "2008-12-31",
    "symbol": "FCX",
    "reportedCurrency": "USD",
    "cik": "0000831259",
    "fillingDate": "2009-02-26",
    "acceptedDate": "2009-02-26 17:16:48",
    "calendarYear": "2008",
    "period": "FY",
    "revenue": 19258000000,
    "costOfRevenue": 13235000000,
    "grossProfit": 6023000000,
    "grossProfitRatio": 0.3127531416,
    "researchAndDevelopmentExpenses": 292000000,
    "generalAndAdministrativeExpenses": 0,
    "sellingAndMarketingExpenses": 0,
    "sellingGeneralAndAdministrativeExpenses": 269000000,
    "otherExpenses": -292000000,
    "operatingExpenses": 269000000,
    "costAndExpenses": 13504000000,
    "interestIncome": 82000000,
    "interestExpense": 584000000,
    "depreciationAndAmortization": 1782000000,
    "ebitda": -10943000000,
    "ebitdaratio": -0.5682313844,
    "operatingIncome": 5754000000,
    "operatingIncomeRatio": 0.2987849206,
    "totalOtherIncomeExpensesNet": -19048000000,
    "incomeBeforeTax": -13294000000,
    "incomeBeforeTaxRatio": -0.6903105203,
    "incomeTaxExpense": -2844000000,
    "netIncome": -11067000000,
    "netIncomeRatio": -0.5746702669,
    "eps": -14.8442,
    "epsdiluted": -14.8442,
    "weightedAverageShsOut": 764000000,
    "weightedAverageShsOutDil": 764000000,
    "link": "https://www.sec.gov/Archives/edgar/data/831259/000083125909000018/0000831259-09-000018-index.htm",
    "finalLink": "https://www.sec.gov/Archives/edgar/data/831259/000083125909000018/fcx123108-10k.htm"
  },
  {
    "date": "2007-12-31",
    "symbol": "FCX",
    "reportedCurrency": "USD",
    "cik": "0000831259",
    "fillingDate": "2008-02-29",
    "acceptedDate": "2008-02-29 15:16:18",
    "calendarYear": "2007",
    "period": "FY",
    "revenue": 16999000000,
    "costOfRevenue": 9854000000,
    "grossProfit": 7145000000,
    "grossProfitRatio": 0.4203188423,
    "researchAndDevelopmentExpenses": 0,
    "generalAndAdministrativeExpenses": 0,
    "sellingAndMarketingExpenses": 0,
    "sellingGeneralAndAdministrativeExpenses": 448000000,
    "otherExpenses": -145000000,
    "operatingExpenses": 448000000,
    "costAndExpenses": 10302000000,
    "interestIncome": 141000000,
    "interestExpense": 513000000,
    "depreciationAndAmortization": 1264000000,
    "ebitda": 7910000000,
    "ebitdaratio": 0.4653214895,
    "operatingIncome": 6697000000,
    "operatingIncomeRatio": 0.3939643508,
    "totalOtherIncomeExpensesNet": -564000000,
    "incomeBeforeTax": 6133000000,
    "incomeBeforeTaxRatio": 0.3607859286,
    "incomeTaxExpense": 2400000000,
    "netIncome": 2942000000,
    "netIncomeRatio": 0.1730690041,
    "eps": 4.0088,
    "epsdiluted": 3.7053,
    "weightedAverageShsOut": 682000000,
    "weightedAverageShsOutDil": 794000000,
    "link": "https://www.sec.gov/Archives/edgar/data/831259/000083125908000026/0000831259-08-000026-index.htm",
    "finalLink": "https://www.sec.gov/Archives/edgar/data/831259/000083125908000026/fcx123107-10k.htm"
  },
  {
    "date": "2006-12-31",
    "symbol": "FCX",
    "reportedCurrency": "USD",
    "cik": "0000831259",
    "fillingDate": "2007-04-30",
    "acceptedDate": "2007-04-30 17:14:04",
    "calendarYear": "2006",
    "period": "FY",
    "revenue": 5790500000,
    "costOfRevenue": 2764683000,
    "grossProfit": 3025817000,
    "grossProfitRatio": 0.5225484846,
    "researchAndDevelopmentExpenses": 0,
    "generalAndAdministrativeExpenses": 0,
    "sellingAndMarketingExpenses": 0,
    "sellingGeneralAndAdministrativeExpenses": 157070000,
    "otherExpenses": 0,
    "operatingExpenses": 157070000,
    "costAndExpenses": 2921753000,
    "interestIncome": 30600000,
    "interestExpense": 75587000,
    "depreciationAndAmortization": 227571000,
    "ebitda": 3129029000,
    "ebitdaratio": 0.5403728521,
    "operatingIncome": 2868747000,
    "operatingIncomeRatio": 0.4954230205,
    "totalOtherIncomeExpensesNet": -42876000,
    "incomeBeforeTax": 2825871000,
    "incomeBeforeTaxRatio": 0.4880184785,
    "incomeTaxExpense": 1201175000,
    "netIncome": 1456509000,
    "netIncomeRatio": 0.2515342371,
    "eps": 3.66,
    "epsdiluted": 3.315,
    "weightedAverageShsOut": 382000000,
    "weightedAverageShsOutDil": 442000000,
    "link": "https://www.sec.gov/Archives/edgar/data/831259/000083125907000066/0000831259-07-000066-index.htm",
    "finalLink": "https://www.sec.gov/Archives/edgar/data/831259/000083125907000066/fcx10k-a.htm"
  },
  {
    "date": "2005-12-31",
    "symbol": "FCX",
    "reportedCurrency": "USD",
    "cik": "0000831259",
    "fillingDate": "2006-03-16",
    "acceptedDate": "2006-03-15 17:45:14",
    "calendarYear": "2005",
    "period": "FY",
    "revenue": 4179118000,
    "costOfRevenue": 1897947000,
    "grossProfit": 2281171000,
    "grossProfitRatio": 0.5458498659,
    "researchAndDevelopmentExpenses": 0,
    "generalAndAdministrativeExpenses": 0,
    "sellingAndMarketingExpenses": 0,
    "sellingGeneralAndAdministrativeExpenses": 103885000,
    "otherExpenses": 0,
    "operatingExpenses": 103885000,
    "costAndExpenses": 2001832000,
    "interestIncome": 16800000,
    "interestExpense": 131639000,
    "depreciationAndAmortization": 251512000,
    "ebitda": 2420089000,
    "ebitdaratio": 0.5790908512,
    "operatingIncome": 2177286000,
    "operatingIncomeRatio": 0.5209917499,
    "totalOtherIncomeExpensesNet": -140348000,
    "incomeBeforeTax": 2036938000,
    "incomeBeforeTaxRatio": 0.4874085872,
    "incomeTaxExpense": 915068000,
    "netIncome": 995127000,
    "netIncomeRatio": 0.2381189045,
    "eps": 2.59,
    "epsdiluted": 2.335,
    "weightedAverageShsOut": 360540000,
    "weightedAverageShsOutDil": 440940000,
    "link": "https://www.sec.gov/Archives/edgar/data/831259/000083125906000008/0000831259-06-000008-index.htm",
    "finalLink": "https://www.sec.gov/Archives/edgar/data/831259/000083125906000008/fcx200510-k.htm"
  },
  {
    "date": "2004-12-31",
    "symbol": "FCX",
    "reportedCurrency": "USD",
    "cik": "0000831259",
    "fillingDate": "2005-03-16",
    "acceptedDate": "2005-03-16 14:53:14",
    "calendarYear": "2004",
    "period": "FY",
    "revenue": 2371866000,
    "costOfRevenue": 1665363000,
    "grossProfit": 706503000,
    "grossProfitRatio": 0.2978680077,
    "researchAndDevelopmentExpenses": 0,
    "generalAndAdministrativeExpenses": 0,
    "sellingAndMarketingExpenses": 0,
    "sellingGeneralAndAdministrativeExpenses": 89927000,
    "otherExpenses": 0,
    "operatingExpenses": 89927000,
    "costAndExpenses": 1755290000,
    "interestIncome": 5900000,
    "interestExpense": 148103000,
    "depreciationAndAmortization": 206408000,
    "ebitda": 928895000,
    "ebitdaratio": 0.3916304715,
    "operatingIncome": 616576000,
    "operatingIncomeRatio": 0.2599539772,
    "totalOtherIncomeExpensesNet": -42192000,
    "incomeBeforeTax": 574384000,
    "incomeBeforeTaxRatio": 0.2421654512,
    "incomeTaxExpense": 330680000,
    "netIncome": 202267000,
    "netIncomeRatio": 0.0852775831,
    "eps": 0.43,
    "epsdiluted": 0.425,
    "weightedAverageShsOut": 364544000,
    "weightedAverageShsOutDil": 369846000,
    "link": "https://www.sec.gov/Archives/edgar/data/831259/000083125905000021/0000831259-05-000021-index.htm",
    "finalLink": "https://www.sec.gov/Archives/edgar/data/831259/000083125905000021/fcx200410-k.htm"
  },
  {
    "date": "2003-12-31",
    "symbol": "FCX",
    "reportedCurrency": "USD",
    "cik": "0000831259",
    "fillingDate": "2004-03-10",
    "acceptedDate": "2004-03-10 12:08:30",
    "calendarYear": "2003",
    "period": "FY",
    "revenue": 2212165000,
    "costOfRevenue": 1077775000,
    "grossProfit": 1134390000,
    "grossProfitRatio": 0.5127962878,
    "researchAndDevelopmentExpenses": 0,
    "generalAndAdministrativeExpenses": 14937000,
    "sellingAndMarketingExpenses": 65342000,
    "sellingGeneralAndAdministrativeExpenses": 80279000,
    "otherExpenses": 230803000,
    "operatingExpenses": 276493000,
    "costAndExpenses": 1354268000,
    "interestIncome": 0,
    "interestExpense": 0,
    "depreciationAndAmortization": 246999000,
    "ebitda": 1104896000,
    "ebitdaratio": 0.4994636476,
    "operatingIncome": 823308000,
    "operatingIncomeRatio": 0.3721729618,
    "totalOtherIncomeExpensesNet": -239533000,
    "incomeBeforeTax": 583775000,
    "incomeBeforeTaxRatio": 0.263893064,
    "incomeTaxExpense": 338053000,
    "netIncome": 181660000,
    "netIncomeRatio": 0.0821186485,
    "eps": 0.5,
    "epsdiluted": 0.49,
    "weightedAverageShsOut": 311610000,
    "weightedAverageShsOutDil": 318204000,
    "link": "https://www.sec.gov/Archives/edgar/data/831259/000083125904000007/0000831259-04-000007-index.htm",
    "finalLink": "https://www.sec.gov/Archives/edgar/data/831259/000083125904000007/f10k2003.htm"
  },
  {
    "date": "2002-12-31",
    "symbol": "FCX",
    "reportedCurrency": "USD",
    "cik": "0000831259",
    "fillingDate": "2003-03-27",
    "acceptedDate": "2003-03-26 21:44:09",
    "calendarYear": "2002",
    "period": "FY",
    "revenue": 1910462000,
    "costOfRevenue": 941574000,
    "grossProfit": 968888000,
    "grossProfitRatio": 0.5071485327,
    "researchAndDevelopmentExpenses": 0,
    "generalAndAdministrativeExpenses": 4328000,
    "sellingAndMarketingExpenses": 63977000,
    "sellingGeneralAndAdministrativeExpenses": 68305000,
    "otherExpenses": 260446000,
    "operatingExpenses": 328751000,
    "costAndExpenses": 1270325000,
    "interestIncome": 0,
    "interestExpense": 0,
    "depreciationAndAmortization": 272475000,
    "ebitda": 912612000,
    "ebitdaratio": 0.4776917835,
    "operatingIncome": 640137000,
    "operatingIncomeRatio": 0.3350692136,
    "totalOtherIncomeExpensesNet": -226916000,
    "incomeBeforeTax": 413221000,
    "incomeBeforeTaxRatio": 0.2162937551,
    "incomeTaxExpense": 245518000,
    "netIncome": 164654000,
    "netIncomeRatio": 0.0861854358,
    "eps": 0.44,
    "epsdiluted": 0.44,
    "weightedAverageShsOut": 289298000,
    "weightedAverageShsOutDil": 292836000,
    "link": "https://www.sec.gov/Archives/edgar/data/831259/000083125903000015/0000831259-03-000015-index.htm",
    "finalLink": "https://www.sec.gov/Archives/edgar/data/831259/000083125903000015/f10k2002.htm"
  },
  {
    "date": "2001-12-31",
    "symbol": "FCX",
    "reportedCurrency": "USD",
    "cik": "0000831259",
    "fillingDate": "2002-03-08",
    "acceptedDate": "2002-03-08 00:00:00",
    "calendarYear": "2001",
    "period": "FY",
    "revenue": 1838866000,
    "costOfRevenue": 952629000,
    "grossProfit": 886237000,
    "grossProfitRatio": 0.4819475699,
    "researchAndDevelopmentExpenses": 0,
    "generalAndAdministrativeExpenses": 59422000,
    "sellingAndMarketingExpenses": 0,
    "sellingGeneralAndAdministrativeExpenses": 59422000,
    "otherExpenses": 283889000,
    "operatingExpenses": 343311000,
    "costAndExpenses": 1295940000,
    "interestIncome": 0,
    "interestExpense": 0,
    "depreciationAndAmortization": 283889000,
    "ebitda": 826815000,
    "ebitdaratio": 0.4496330891,
    "operatingIncome": 542926000,
    "operatingIncomeRatio": 0.2952504424,
    "totalOtherIncomeExpensesNet": -184150000,
    "incomeBeforeTax": 358776000,
    "incomeBeforeTaxRatio": 0.1951072019,
    "incomeTaxExpense": 202979000,
    "netIncome": 113025000,
    "netIncomeRatio": 0.0614645113,
    "eps": 0.27,
    "epsdiluted": 0.27,
    "weightedAverageShsOut": 287904000,
    "weightedAverageShsOutDil": 289876000,
    "link": "https://www.sec.gov/Archives/edgar/data/831259/000095012902001200/0000950129-02-001200-index.htm",
    "finalLink": "https://www.sec.gov/Archives/edgar/data/831259/000095012902001200/h94688e10-k405.txt"
  },
  {
    "date": "2000-12-31",
    "symbol": "FCX",
    "reportedCurrency": "USD",
    "cik": "0000831259",
    "fillingDate": "2001-03-23",
    "acceptedDate": "2001-03-23 00:00:00",
    "calendarYear": "2000",
    "period": "FY",
    "revenue": 1868610000,
    "costOfRevenue": 1019771000,
    "grossProfit": 848839000,
    "grossProfitRatio": 0.4542622591,
    "researchAndDevelopmentExpenses": 0,
    "generalAndAdministrativeExpenses": 70950000,
    "sellingAndMarketingExpenses": 0,
    "sellingGeneralAndAdministrativeExpenses": 70950000,
    "otherExpenses": 283556000,
    "operatingExpenses": 354506000,
    "costAndExpenses": 1374277000,
    "interestIncome": 0,
    "interestExpense": 0,
    "depreciationAndAmortization": 283556000,
    "ebitda": 777889000,
    "ebitdaratio": 0.4162928594,
    "operatingIncome": 494333000,
    "operatingIncomeRatio": 0.2645458389,
    "totalOtherIncomeExpensesNet": -257773000,
    "incomeBeforeTax": 236560000,
    "incomeBeforeTaxRatio": 0.1265967751,
    "incomeTaxExpense": 159573000,
    "netIncome": 76987000,
    "netIncomeRatio": 0.0412001434,
    "eps": 0.13,
    "epsdiluted": 0.13,
    "weightedAverageShsOut": 307994000,
    "weightedAverageShsOutDil": 309038000,
    "link": "https://www.sec.gov/Archives/edgar/data/831259/000083125901500005/0000831259-01-500005-index.htm",
    "finalLink": "https://www.sec.gov/Archives/edgar/data/831259/000083125901500005/k10.txt"
  },
  {
    "date": "1999-12-31",
    "symbol": "FCX",
    "reportedCurrency": "USD",
    "cik": "0000831259",
    "fillingDate": "2000-03-20",
    "acceptedDate": "2000-03-20 00:00:00",
    "calendarYear": "1999",
    "period": "FY",
    "revenue": 1887300000,
    "costOfRevenue": 940300000,
    "grossProfit": 947000000,
    "grossProfitRatio": 0.5017750225,
    "researchAndDevelopmentExpenses": 0,
    "generalAndAdministrativeExpenses": 70600000,
    "sellingAndMarketingExpenses": 0,
    "sellingGeneralAndAdministrativeExpenses": 70600000,
    "otherExpenses": 293200000,
    "operatingExpenses": 363800000,
    "costAndExpenses": 1304100000,
    "interestIncome": 0,
    "interestExpense": 0,
    "depreciationAndAmortization": 293200000,
    "ebitda": 876400000,
    "ebitdaratio": 0.4643670853,
    "operatingIncome": 583200000,
    "operatingIncomeRatio": 0.3090128755,
    "totalOtherIncomeExpensesNet": -251000000,
    "incomeBeforeTax": 332200000,
    "incomeBeforeTaxRatio": 0.176018651,
    "incomeTaxExpense": 195700000,
    "netIncome": 136500000,
    "netIncomeRatio": 0.0723255444,
    "eps": 0.31,
    "epsdiluted": 0.31,
    "weightedAverageShsOut": 327226000,
    "weightedAverageShsOutDil": 329134000,
    "link": "https://www.sec.gov/Archives/edgar/data/831259/000083125900000006/0000831259-00-000006-index.html",
    "finalLink": "https://www.sec.gov/Archives/edgar/data/831259/000083125900000006/"
  },
  {
    "date": "1998-12-31",
    "symbol": "FCX",
    "reportedCurrency": "USD",
    "cik": "0000831259",
    "fillingDate": "1999-03-19",
    "acceptedDate": "1999-03-19 00:00:00",
    "calendarYear": "1998",
    "period": "FY",
    "revenue": 1757100000,
    "costOfRevenue": 817600000,
    "grossProfit": 939500000,
    "grossProfitRatio": 0.5346878379,
    "researchAndDevelopmentExpenses": 0,
    "generalAndAdministrativeExpenses": 87800000,
    "sellingAndMarketingExpenses": 0,
    "sellingGeneralAndAdministrativeExpenses": 87800000,
    "otherExpenses": 277400000,
    "operatingExpenses": 365200000,
    "costAndExpenses": 1182800000,
    "interestIncome": 0,
    "interestExpense": 0,
    "depreciationAndAmortization": 277400000,
    "ebitda": 851700000,
    "ebitdaratio": 0.4847191395,
    "operatingIncome": 574300000,
    "operatingIncomeRatio": 0.3268453702,
    "totalOtherIncomeExpensesNet": -249900000,
    "incomeBeforeTax": 324400000,
    "incomeBeforeTaxRatio": 0.1846223892,
    "incomeTaxExpense": 170600000,
    "netIncome": 153800000,
    "netIncomeRatio": 0.0875305902,
    "eps": 0.34,
    "epsdiluted": 0.34,
    "weightedAverageShsOut": 350706000,
    "weightedAverageShsOutDil": 350708000,
    "link": "https://www.sec.gov/Archives/edgar/data/831259/000083125999000002/0000831259-99-000002-index.html",
    "finalLink": "https://www.sec.gov/Archives/edgar/data/831259/"
  },
  {
    "date": "1997-12-31",
    "symbol": "FCX",
    "reportedCurrency": "USD",
    "cik": "0000831259",
    "fillingDate": "1998-03-31",
    "acceptedDate": "1998-03-31 00:00:00",
    "calendarYear": "1997",
    "period": "FY",
    "revenue": 2000900000,
    "costOfRevenue": 1026200000,
    "grossProfit": 974700000,
    "grossProfitRatio": 0.4871307911,
    "researchAndDevelopmentExpenses": 0,
    "generalAndAdministrativeExpenses": 96600000,
    "sellingAndMarketingExpenses": 0,
    "sellingGeneralAndAdministrativeExpenses": 96600000,
    "otherExpenses": 213900000,
    "operatingExpenses": 310500000,
    "costAndExpenses": 1336700000,
    "interestIncome": 0,
    "interestExpense": 0,
    "depreciationAndAmortization": 213900000,
    "ebitda": 878100000,
    "ebitdaratio": 0.4388525164,
    "operatingIncome": 664200000,
    "operatingIncomeRatio": 0.3319506222,
    "totalOtherIncomeExpensesNet": -187800000,
    "incomeBeforeTax": 476400000,
    "incomeBeforeTaxRatio": 0.2380928582,
    "incomeTaxExpense": 231300000,
    "netIncome": 245100000,
    "netIncomeRatio": 0.1224948773,
    "eps": 0.53,
    "epsdiluted": 0.53,
    "weightedAverageShsOut": 393396226,
    "weightedAverageShsOutDil": 393396226,
    "link": "https://www.sec.gov/Archives/edgar/data/831259/000083125998000003/0000831259-98-000003-index.html",
    "finalLink": "https://www.sec.gov/Archives/edgar/data/831259/"
  },
  {
    "date": "1996-12-31",
    "symbol": "FCX",
    "reportedCurrency": "USD",
    "cik": "0000831259",
    "fillingDate": "1997-03-28",
    "acceptedDate": "1997-03-28 00:00:00",
    "calendarYear": "1996",
    "period": "FY",
    "revenue": 1905000000,
    "costOfRevenue": 951900000,
    "grossProfit": 953100000,
    "grossProfitRatio": 0.5003149606,
    "researchAndDevelopmentExpenses": 0,
    "generalAndAdministrativeExpenses": 140900000,
    "sellingAndMarketingExpenses": 0,
    "sellingGeneralAndAdministrativeExpenses": 140900000,
    "otherExpenses": 174000000,
    "operatingExpenses": 314900000,
    "costAndExpenses": 1266800000,
    "interestIncome": 0,
    "interestExpense": 0,
    "depreciationAndAmortization": 174000000,
    "ebitda": 812200000,
    "ebitdaratio": 0.426351706,
    "operatingIncome": 638200000,
    "operatingIncomeRatio": 0.3350131234,
    "totalOtherIncomeExpensesNet": -164800000,
    "incomeBeforeTax": 473400000,
    "incomeBeforeTaxRatio": 0.248503937,
    "incomeTaxExpense": 247200000,
    "netIncome": 226200000,
    "netIncomeRatio": 0.1187401575,
    "eps": 0.45,
    "epsdiluted": 0.45,
    "weightedAverageShsOut": 388000000,
    "weightedAverageShsOutDil": 392359551,
    "link": "https://www.sec.gov/Archives/edgar/data/831259/000083125997000009/0000831259-97-000009-index.html",
    "finalLink": "https://www.sec.gov/Archives/edgar/data/831259/"
  },
  {
    "date": "1995-12-31",
    "symbol": "FCX",
    "reportedCurrency": "USD",
    "cik": "0000831259",
    "fillingDate": "1996-03-27",
    "acceptedDate": "1996-03-27 00:00:00",
    "calendarYear": "1995",
    "period": "FY",
    "revenue": 1834300000,
    "costOfRevenue": 932400000,
    "grossProfit": 901900000,
    "grossProfitRatio": 0.4916862018,
    "researchAndDevelopmentExpenses": 0,
    "generalAndAdministrativeExpenses": 185300000,
    "sellingAndMarketingExpenses": 0,
    "sellingGeneralAndAdministrativeExpenses": 185300000,
    "otherExpenses": 124100000,
    "operatingExpenses": 309400000,
    "costAndExpenses": 1241800000,
    "interestIncome": 0,
    "interestExpense": 0,
    "depreciationAndAmortization": 124100000,
    "ebitda": 716600000,
    "ebitdaratio": 0.3906667394,
    "operatingIncome": 592500000,
    "operatingIncomeRatio": 0.323011503,
    "totalOtherIncomeExpensesNet": -104900000,
    "incomeBeforeTax": 487600000,
    "incomeBeforeTaxRatio": 0.2658234749,
    "incomeTaxExpense": 234000000,
    "netIncome": 253600000,
    "netIncomeRatio": 0.138254375,
    "eps": 0.49,
    "epsdiluted": 0.49,
    "weightedAverageShsOut": 408812000,
    "weightedAverageShsOutDil": 408812000,
    "link": "https://www.sec.gov/Archives/edgar/data/831259/000083125996000003/0000831259-96-000003-index.html",
    "finalLink": "https://www.sec.gov/Archives/edgar/data/831259/"
  },
  {
    "date": "1994-12-31",
    "symbol": "FCX",
    "reportedCurrency": "USD",
    "cik": "0000831259",
    "fillingDate": "1995-03-23",
    "acceptedDate": "1995-03-23 00:00:00",
    "calendarYear": "1994",
    "period": "FY",
    "revenue": 1212300000,
    "costOfRevenue": 780600000,
    "grossProfit": 431700000,
    "grossProfitRatio": 0.3560999753,
    "researchAndDevelopmentExpenses": 0,
    "generalAndAdministrativeExpenses": 109000000,
    "sellingAndMarketingExpenses": 0,
    "sellingGeneralAndAdministrativeExpenses": 109000000,
    "otherExpenses": 75100000,
    "operatingExpenses": 184100000,
    "costAndExpenses": 964700000,
    "interestIncome": 0,
    "interestExpense": 0,
    "depreciationAndAmortization": 75100000,
    "ebitda": 322700000,
    "ebitdaratio": 0.2661882372,
    "operatingIncome": 247600000,
    "operatingIncomeRatio": 0.2042398746,
    "totalOtherIncomeExpensesNet": 6000000,
    "incomeBeforeTax": 253600000,
    "incomeBeforeTaxRatio": 0.2091891446,
    "incomeTaxExpense": 123400000,
    "netIncome": 130200000,
    "netIncomeRatio": 0.1073991586,
    "eps": 0.19,
    "epsdiluted": 0.19,
    "weightedAverageShsOut": 411510000,
    "weightedAverageShsOutDil": 411510000,
    "link": "https://www.sec.gov/Archives/edgar/data/831259/000083125995000006/0000831259-95-000006-index.html",
    "finalLink": "https://www.sec.gov/Archives/edgar/data/831259/"
  },
  {
    "date": "1993-12-31",
    "symbol": "FCX",
    "reportedCurrency": "USD",
    "cik": "0000831259",
    "fillingDate": "1994-03-31",
    "acceptedDate": "1994-03-31 00:00:00",
    "calendarYear": "1993",
    "period": "FY",
    "revenue": 925900000,
    "costOfRevenue": 567100000,
    "grossProfit": 358800000,
    "grossProfitRatio": 0.3875148504,
    "researchAndDevelopmentExpenses": 0,
    "generalAndAdministrativeExpenses": 0,
    "sellingAndMarketingExpenses": 0,
    "sellingGeneralAndAdministrativeExpenses": 135900000,
    "otherExpenses": 67900000,
    "operatingExpenses": 203800000,
    "costAndExpenses": 770900000,
    "interestIncome": 0,
    "interestExpense": 0,
    "depreciationAndAmortization": 67900000,
    "ebitda": 222900000,
    "ebitdaratio": 0.2407387407,
    "operatingIncome": 155000000,
    "operatingIncomeRatio": 0.1674046873,
    "totalOtherIncomeExpensesNet": -26700000,
    "incomeBeforeTax": 128300000,
    "incomeBeforeTaxRatio": 0.1385678799,
    "incomeTaxExpense": 67600000,
    "netIncome": 50800000,
    "netIncomeRatio": 0.0548655362,
    "eps": 0.055,
    "epsdiluted": 0.055,
    "weightedAverageShsOut": 396363636,
    "weightedAverageShsOutDil": 396363636,
    "link": "https://www.sec.gov/Archives/edgar/data/831259/000095010394001945/0000950103-94-001945-index.html",
    "finalLink": "https://www.sec.gov/Archives/edgar/data/831259/"
  },
  {
    "date": "1992-12-31",
    "symbol": "FCX",
    "reportedCurrency": "USD",
    "cik": "0000831259",
    "fillingDate": "1992-12-31",
    "acceptedDate": "1992-12-31 00:00:00",
    "calendarYear": "1992",
    "period": "FY",
    "revenue": 714300000,
    "costOfRevenue": 291600000,
    "grossProfit": 422700000,
    "grossProfitRatio": 0.5917681646,
    "researchAndDevelopmentExpenses": 0,
    "generalAndAdministrativeExpenses": 0,
    "sellingAndMarketingExpenses": 0,
    "sellingGeneralAndAdministrativeExpenses": 80700000,
    "otherExpenses": 65600000,
    "operatingExpenses": 146300000,
    "costAndExpenses": 437900000,
    "interestIncome": 0,
    "interestExpense": 0,
    "depreciationAndAmortization": 65600000,
    "ebitda": 342000000,
    "ebitdaratio": 0.4787904242,
    "operatingIncome": 276400000,
    "operatingIncomeRatio": 0.386952261,
    "totalOtherIncomeExpensesNet": -42800000,
    "incomeBeforeTax": 233600000,
    "incomeBeforeTaxRatio": 0.3270334593,
    "incomeTaxExpense": 103700000,
    "netIncome": 129900000,
    "netIncomeRatio": 0.1818563629,
    "eps": 0.33,
    "epsdiluted": 0.33,
    "weightedAverageShsOut": 372424242,
    "weightedAverageShsOutDil": 372424242,
    "link": null,
    "finalLink": null
  },
  {
    "date": "1991-12-31",
    "symbol": "FCX",
    "reportedCurrency": "USD",
    "cik": "0000831259",
    "fillingDate": "1991-12-31",
    "acceptedDate": "1991-12-31 00:00:00",
    "calendarYear": "1991",
    "period": "FY",
    "revenue": 467500000,
    "costOfRevenue": 204400000,
    "grossProfit": 263100000,
    "grossProfitRatio": 0.5627807487,
    "researchAndDevelopmentExpenses": 0,
    "generalAndAdministrativeExpenses": 0,
    "sellingAndMarketingExpenses": 0,
    "sellingGeneralAndAdministrativeExpenses": 47100000,
    "otherExpenses": 38400000,
    "operatingExpenses": 85500000,
    "costAndExpenses": 289900000,
    "interestIncome": 0,
    "interestExpense": 0,
    "depreciationAndAmortization": 38400000,
    "ebitda": 216000000,
    "ebitdaratio": 0.4620320856,
    "operatingIncome": 177600000,
    "operatingIncomeRatio": 0.3798930481,
    "totalOtherIncomeExpensesNet": -30000000,
    "incomeBeforeTax": 147600000,
    "incomeBeforeTaxRatio": 0.3157219251,
    "incomeTaxExpense": 45600000,
    "netIncome": 96200000,
    "netIncomeRatio": 0.2057754011,
    "eps": 0.27,
    "epsdiluted": 0.27,
    "weightedAverageShsOut": 363018868,
    "weightedAverageShsOutDil": 363018868,
    "link": null,
    "finalLink": null
  },
  {
    "date": "1990-12-31",
    "symbol": "FCX",
    "reportedCurrency": "USD",
    "cik": "0000831259",
    "fillingDate": "1990-12-31",
    "acceptedDate": "1990-12-31 00:00:00",
    "calendarYear": "1990",
    "period": "FY",
    "revenue": 434100000,
    "costOfRevenue": 160000000,
    "grossProfit": 274100000,
    "grossProfitRatio": 0.6314213315,
    "researchAndDevelopmentExpenses": 0,
    "generalAndAdministrativeExpenses": 0,
    "sellingAndMarketingExpenses": 0,
    "sellingGeneralAndAdministrativeExpenses": 34100000,
    "otherExpenses": 35500000,
    "operatingExpenses": 69600000,
    "costAndExpenses": 229600000,
    "interestIncome": 0,
    "interestExpense": 0,
    "depreciationAndAmortization": 35500000,
    "ebitda": 240000000,
    "ebitdaratio": 0.5528680028,
    "operatingIncome": 204500000,
    "operatingIncomeRatio": 0.4710896107,
    "totalOtherIncomeExpensesNet": -26300000,
    "incomeBeforeTax": 178200000,
    "incomeBeforeTaxRatio": 0.4105044921,
    "incomeTaxExpense": 85600000,
    "netIncome": 92600000,
    "netIncomeRatio": 0.2133149044,
    "eps": 0.27,
    "epsdiluted": 0.27,
    "weightedAverageShsOut": 342962963,
    "weightedAverageShsOutDil": 342962963,
    "link": null,
    "finalLink": null
  },
  {
    "date": "1989-12-31",
    "symbol": "FCX",
    "reportedCurrency": "USD",
    "cik": "0000831259",
    "fillingDate": "1989-12-31",
    "acceptedDate": "1989-12-31 00:00:00",
    "calendarYear": "1989",
    "period": "FY",
    "revenue": 367900000,
    "costOfRevenue": 118500000,
    "grossProfit": 249400000,
    "grossProfitRatio": 0.6779016037,
    "researchAndDevelopmentExpenses": 0,
    "generalAndAdministrativeExpenses": 0,
    "sellingAndMarketingExpenses": 0,
    "sellingGeneralAndAdministrativeExpenses": 21200000,
    "otherExpenses": 24600000,
    "operatingExpenses": 45800000,
    "costAndExpenses": 164300000,
    "interestIncome": 0,
    "interestExpense": 0,
    "depreciationAndAmortization": 24600000,
    "ebitda": 228200000,
    "ebitdaratio": 0.6202772493,
    "operatingIncome": 203600000,
    "operatingIncomeRatio": 0.5534112531,
    "totalOtherIncomeExpensesNet": -15000000,
    "incomeBeforeTax": 188600000,
    "incomeBeforeTaxRatio": 0.5126393042,
    "incomeTaxExpense": 89900000,
    "netIncome": 98700000,
    "netIncomeRatio": 0.2682794238,
    "eps": 0.29,
    "epsdiluted": 0.29,
    "weightedAverageShsOut": 339655172,
    "weightedAverageShsOutDil": 339655172,
    "link": null,
    "finalLink": null
  },
  {
    "date": "1988-12-31",
    "symbol": "FCX",
    "reportedCurrency": "USD",
    "cik": "0000831259",
    "fillingDate": "1988-12-31",
    "acceptedDate": "1988-12-30 19:00:00",
    "calendarYear": "1988",
    "period": "FY",
    "revenue": 335000000,
    "costOfRevenue": 98600000,
    "grossProfit": 236400000,
    "grossProfitRatio": 0.7056716418,
    "researchAndDevelopmentExpenses": 0,
    "generalAndAdministrativeExpenses": 0,
    "sellingAndMarketingExpenses": 0,
    "sellingGeneralAndAdministrativeExpenses": 15500000,
    "otherExpenses": 20900000,
    "operatingExpenses": 36400000,
    "costAndExpenses": 135000000,
    "interestIncome": 0,
    "interestExpense": 0,
    "depreciationAndAmortization": 20900000,
    "ebitda": 220900000,
    "ebitdaratio": 0.6594029851,
    "operatingIncome": 200000000,
    "operatingIncomeRatio": 0.5970149254,
    "totalOtherIncomeExpensesNet": -17000000,
    "incomeBeforeTax": 183000000,
    "incomeBeforeTaxRatio": 0.5462686567,
    "incomeTaxExpense": 88800000,
    "netIncome": 94200000,
    "netIncomeRatio": 0.2811940299,
    "eps": 0.23,
    "epsdiluted": 0.23,
    "weightedAverageShsOut": 412682927,
    "weightedAverageShsOutDil": 412682927,
    "link": "",
    "finalLink": ""
  },
  {
    "date": "1987-12-31",
    "symbol": "FCX",
    "reportedCurrency": "USD",
    "cik": "0000831259",
    "fillingDate": "1987-12-31",
    "acceptedDate": "1987-12-30 19:00:00",
    "calendarYear": "1987",
    "period": "FY",
    "revenue": 190000000,
    "costOfRevenue": 79600000,
    "grossProfit": 110400000,
    "grossProfitRatio": 0.5810526316,
    "researchAndDevelopmentExpenses": 0,
    "generalAndAdministrativeExpenses": 0,
    "sellingAndMarketingExpenses": 0,
    "sellingGeneralAndAdministrativeExpenses": 9900000,
    "otherExpenses": 23300000,
    "operatingExpenses": 33200000,
    "costAndExpenses": 112800000,
    "interestIncome": 0,
    "interestExpense": 0,
    "depreciationAndAmortization": 23300000,
    "ebitda": 100500000,
    "ebitdaratio": 0.5289473684,
    "operatingIncome": 77200000,
    "operatingIncomeRatio": 0.4063157895,
    "totalOtherIncomeExpensesNet": -9300000,
    "incomeBeforeTax": 67900000,
    "incomeBeforeTaxRatio": 0.3573684211,
    "incomeTaxExpense": 24500000,
    "netIncome": 43400000,
    "netIncomeRatio": 0.2284210526,
    "eps": 0.11,
    "epsdiluted": 0.11,
    "weightedAverageShsOut": 412682927,
    "weightedAverageShsOutDil": 412682927,
    "link": "",
    "finalLink": ""
  }
]