[
  {
    "date": "2025-08-31",
    "symbol": "FDS",
    "reportedCurrency": "USD",
    "cik": "0001013237",
    "fillingDate": "2025-09-18",
    "acceptedDate": "2025-09-17 18:19:24",
    "calendarYear": "2025",
    "period": "Q4",
    "revenue": 596901000,
    "costOfRevenue": 288670000,
    "grossProfit": 308231000,
    "grossProfitRatio": 0.5163854643,
    "researchAndDevelopmentExpenses": 0,
    "generalAndAdministrativeExpenses": 0,
    "sellingAndMarketingExpenses": 0,
    "sellingGeneralAndAdministrativeExpenses": 130910000,
    "otherExpenses": 0,
    "operatingExpenses": 130910000,
    "costAndExpenses": 419580000,
    "interestIncome": 2050000,
    "interestExpense": 12886000,
    "depreciationAndAmortization": 0,
    "ebitda": 177321000,
    "ebitdaratio": 0.2970693633,
    "operatingIncome": 177321000,
    "operatingIncomeRatio": 0.2970693633,
    "totalOtherIncomeExpensesNet": 11630000,
    "incomeBeforeTax": 188951000,
    "incomeBeforeTaxRatio": 0.3165533313,
    "incomeTaxExpense": 35335000,
    "netIncome": 153616000,
    "netIncomeRatio": 0.2573559099,
    "eps": 4.07,
    "epsdiluted": 4.03,
    "weightedAverageShsOut": 37757000,
    "weightedAverageShsOutDil": 38158000,
    "link": "https://www.sec.gov/Archives/edgar/data/1013237/000101323725000084/0001013237-25-000084-index.htm",
    "finalLink": "https://www.sec.gov/Archives/edgar/data/1013237/000101323725000084/fdsq42025earningsrelease.htm"
  },
  {
    "date": "2025-05-31",
    "symbol": "FDS",
    "reportedCurrency": "USD",
    "cik": "0001013237",
    "fillingDate": "2025-07-03",
    "acceptedDate": "2025-07-02 17:49:15",
    "calendarYear": "2025",
    "period": "Q3",
    "revenue": 585520000,
    "costOfRevenue": 280729000,
    "grossProfit": 304791000,
    "grossProfitRatio": 0.5205475475,
    "researchAndDevelopmentExpenses": 0,
    "generalAndAdministrativeExpenses": 0,
    "sellingAndMarketingExpenses": 0,
    "sellingGeneralAndAdministrativeExpenses": 110636000,
    "otherExpenses": 0,
    "operatingExpenses": 110636000,
    "costAndExpenses": 391365000,
    "interestIncome": 1509000,
    "interestExpense": 15122000,
    "depreciationAndAmortization": 48820000,
    "ebitda": 243890000,
    "ebitdaratio": 0.4165357289,
    "operatingIncome": 194155000,
    "operatingIncomeRatio": 0.3315941385,
    "totalOtherIncomeExpensesNet": -14207000,
    "incomeBeforeTax": 179948000,
    "incomeBeforeTaxRatio": 0.3073302364,
    "incomeTaxExpense": 31406000,
    "netIncome": 148542000,
    "netIncomeRatio": 0.2536924443,
    "eps": 3.92,
    "epsdiluted": 3.88,
    "weightedAverageShsOut": 37976000,
    "weightedAverageShsOutDil": 38457000,
    "link": "https://www.sec.gov/Archives/edgar/data/1013237/000101323725000070/0001013237-25-000070-index.htm",
    "finalLink": "https://www.sec.gov/Archives/edgar/data/1013237/000101323725000070/fds-20250531.htm"
  },
  {
    "date": "2025-02-28",
    "symbol": "FDS",
    "reportedCurrency": "USD",
    "cik": "0001013237",
    "fillingDate": "2025-04-04",
    "acceptedDate": "2025-04-03 17:53:36",
    "calendarYear": "2025",
    "period": "Q2",
    "revenue": 570660000,
    "costOfRevenue": 269604000,
    "grossProfit": 301056000,
    "grossProfitRatio": 0.5275575649,
    "researchAndDevelopmentExpenses": 0,
    "generalAndAdministrativeExpenses": 0,
    "sellingAndMarketingExpenses": 0,
    "sellingGeneralAndAdministrativeExpenses": 115564000,
    "otherExpenses": 0,
    "operatingExpenses": 115564000,
    "costAndExpenses": 385168000,
    "interestIncome": 273000,
    "interestExpense": 13916000,
    "depreciationAndAmortization": 46015000,
    "ebitda": 232159000,
    "ebitdaratio": 0.4068254302,
    "operatingIncome": 185492000,
    "operatingIncomeRatio": 0.3250481898,
    "totalOtherIncomeExpensesNet": -13172000,
    "incomeBeforeTax": 172320000,
    "incomeBeforeTaxRatio": 0.3019661445,
    "incomeTaxExpense": 27460000,
    "netIncome": 144860000,
    "netIncomeRatio": 0.2538464234,
    "eps": 3.81,
    "epsdiluted": 3.76,
    "weightedAverageShsOut": 38015000,
    "weightedAverageShsOutDil": 38510000,
    "link": "https://www.sec.gov/Archives/edgar/data/1013237/000101323725000051/0001013237-25-000051-index.htm",
    "finalLink": "https://www.sec.gov/Archives/edgar/data/1013237/000101323725000051/fds-20250228.htm"
  },
  {
    "date": "2024-11-30",
    "symbol": "FDS",
    "reportedCurrency": "USD",
    "cik": "0001013237",
    "fillingDate": "2025-01-08",
    "acceptedDate": "2025-01-08 07:40:10",
    "calendarYear": "2025",
    "period": "Q1",
    "revenue": 568667000,
    "costOfRevenue": 258779000,
    "grossProfit": 309888000,
    "grossProfitRatio": 0.5449375469,
    "researchAndDevelopmentExpenses": 0,
    "generalAndAdministrativeExpenses": 0,
    "sellingAndMarketingExpenses": 0,
    "sellingGeneralAndAdministrativeExpenses": 115117000,
    "otherExpenses": 3436000,
    "operatingExpenses": 118553000,
    "costAndExpenses": 377332000,
    "interestIncome": 2701000,
    "interestExpense": 14400000,
    "depreciationAndAmortization": 43289000,
    "ebitda": 237428000,
    "ebitdaratio": 0.4175167541,
    "operatingIncome": 191335000,
    "operatingIncomeRatio": 0.3364622881,
    "totalOtherIncomeExpensesNet": -11596000,
    "incomeBeforeTax": 179739000,
    "incomeBeforeTaxRatio": 0.3160707409,
    "incomeTaxExpense": 29717000,
    "netIncome": 150022000,
    "netIncomeRatio": 0.2638134444,
    "eps": 3.95,
    "epsdiluted": 3.89,
    "weightedAverageShsOut": 38005000,
    "weightedAverageShsOutDil": 38517000,
    "link": "https://www.sec.gov/Archives/edgar/data/1013237/000101323725000010/0001013237-25-000010-index.htm",
    "finalLink": "https://www.sec.gov/Archives/edgar/data/1013237/000101323725000010/fds-20241130.htm"
  },
  {
    "date": "2024-08-31",
    "symbol": "FDS",
    "reportedCurrency": "USD",
    "cik": "0001013237",
    "fillingDate": "2024-10-29",
    "acceptedDate": "2024-10-29 16:54:42",
    "calendarYear": "2024",
    "period": "Q4",
    "revenue": 562187000,
    "costOfRevenue": 258196000,
    "grossProfit": 303991000,
    "grossProfitRatio": 0.5407293303,
    "researchAndDevelopmentExpenses": 0,
    "generalAndAdministrativeExpenses": 0,
    "sellingAndMarketingExpenses": 0,
    "sellingGeneralAndAdministrativeExpenses": 172519000,
    "otherExpenses": 3614000,
    "operatingExpenses": 176133000,
    "costAndExpenses": 434329000,
    "interestIncome": 4020000,
    "interestExpense": 15547000,
    "depreciationAndAmortization": 41594000,
    "ebitda": 174345000,
    "ebitdaratio": 0.3101192308,
    "operatingIncome": 127858000,
    "operatingIncomeRatio": 0.2274296631,
    "totalOtherIncomeExpensesNet": -10728000,
    "incomeBeforeTax": 117130000,
    "incomeBeforeTaxRatio": 0.2083470447,
    "incomeTaxExpense": 27634000,
    "netIncome": 89496000,
    "netIncomeRatio": 0.1591925818,
    "eps": 2.35,
    "epsdiluted": 2.32,
    "weightedAverageShsOut": 38517000,
    "weightedAverageShsOutDil": 38517000,
    "link": "https://www.sec.gov/Archives/edgar/data/1013237/000101323724000141/0001013237-24-000141-index.htm",
    "finalLink": "https://www.sec.gov/Archives/edgar/data/1013237/000101323724000141/fds-20240831.htm"
  },
  {
    "date": "2024-05-31",
    "symbol": "FDS",
    "reportedCurrency": "USD",
    "cik": "0001013237",
    "fillingDate": "2024-07-03",
    "acceptedDate": "2024-07-03 07:25:16",
    "calendarYear": "2024",
    "period": "Q3",
    "revenue": 552708000,
    "costOfRevenue": 246986000,
    "grossProfit": 305722000,
    "grossProfitRatio": 0.5531347475,
    "researchAndDevelopmentExpenses": 0,
    "generalAndAdministrativeExpenses": 0,
    "sellingAndMarketingExpenses": 0,
    "sellingGeneralAndAdministrativeExpenses": 103098000,
    "otherExpenses": 655000,
    "operatingExpenses": 103753000,
    "costAndExpenses": 350739000,
    "interestIncome": 4568000,
    "interestExpense": 16894000,
    "depreciationAndAmortization": 40087000,
    "ebitda": 247576000,
    "ebitdaratio": 0.447932724,
    "operatingIncome": 202459000,
    "operatingIncomeRatio": 0.3663037264,
    "totalOtherIncomeExpensesNet": -11927000,
    "incomeBeforeTax": 190532000,
    "incomeBeforeTaxRatio": 0.34472452,
    "incomeTaxExpense": 32397000,
    "netIncome": 158135000,
    "netIncomeRatio": 0.2861094828,
    "eps": 4.15,
    "epsdiluted": 4.09,
    "weightedAverageShsOut": 38089000,
    "weightedAverageShsOutDil": 38640000,
    "link": "https://www.sec.gov/Archives/edgar/data/1013237/000101323724000084/0001013237-24-000084-index.htm",
    "finalLink": "https://www.sec.gov/Archives/edgar/data/1013237/000101323724000084/fds-20240531.htm"
  },
  {
    "date": "2024-02-29",
    "symbol": "FDS",
    "reportedCurrency": "USD",
    "cik": "0001013237",
    "fillingDate": "2024-04-03",
    "acceptedDate": "2024-04-03 07:29:23",
    "calendarYear": "2024",
    "period": "Q2",
    "revenue": 545945000,
    "costOfRevenue": 255142000,
    "grossProfit": 290803000,
    "grossProfitRatio": 0.5326598833,
    "researchAndDevelopmentExpenses": 0,
    "generalAndAdministrativeExpenses": 0,
    "sellingAndMarketingExpenses": 0,
    "sellingGeneralAndAdministrativeExpenses": 108861000,
    "otherExpenses": 0,
    "operatingExpenses": 108861000,
    "costAndExpenses": 364003000,
    "interestIncome": 2847000,
    "interestExpense": 16599000,
    "depreciationAndAmortization": 39227000,
    "ebitda": 225517000,
    "ebitdaratio": 0.4130764088,
    "operatingIncome": 181942000,
    "operatingIncomeRatio": 0.3332606764,
    "totalOtherIncomeExpensesNet": -13297000,
    "incomeBeforeTax": 168645000,
    "incomeBeforeTaxRatio": 0.3089047432,
    "incomeTaxExpense": 27705000,
    "netIncome": 140940000,
    "netIncomeRatio": 0.258157873,
    "eps": 3.7,
    "epsdiluted": 3.65,
    "weightedAverageShsOut": 38103000,
    "weightedAverageShsOutDil": 38650000,
    "link": "https://www.sec.gov/Archives/edgar/data/1013237/000101323724000049/0001013237-24-000049-index.htm",
    "finalLink": "https://www.sec.gov/Archives/edgar/data/1013237/000101323724000049/fds-20240229.htm"
  },
  {
    "date": "2023-11-30",
    "symbol": "FDS",
    "reportedCurrency": "USD",
    "cik": "0001013237",
    "fillingDate": "2024-01-05",
    "acceptedDate": "2024-01-05 07:58:38",
    "calendarYear": "2024",
    "period": "Q1",
    "revenue": 542216000,
    "costOfRevenue": 251621000,
    "grossProfit": 290595000,
    "grossProfitRatio": 0.5359395518,
    "researchAndDevelopmentExpenses": 0,
    "generalAndAdministrativeExpenses": 0,
    "sellingAndMarketingExpenses": 0,
    "sellingGeneralAndAdministrativeExpenses": 103974000,
    "otherExpenses": -2419000,
    "operatingExpenses": 101555000,
    "costAndExpenses": 352332000,
    "interestIncome": 3012000,
    "interestExpense": 16738000,
    "depreciationAndAmortization": 34686000,
    "ebitda": 226620000,
    "ebitdaratio": 0.4179515175,
    "operatingIncome": 189040000,
    "operatingIncomeRatio": 0.3486433451,
    "totalOtherIncomeExpensesNet": -13844000,
    "incomeBeforeTax": 175196000,
    "incomeBeforeTaxRatio": 0.3231110849,
    "incomeTaxExpense": 26641000,
    "netIncome": 148555000,
    "netIncomeRatio": 0.2739775293,
    "eps": 3.91,
    "epsdiluted": 3.84,
    "weightedAverageShsOut": 38016000,
    "weightedAverageShsOutDil": 38643000,
    "link": "https://www.sec.gov/Archives/edgar/data/1013237/000101323724000009/0001013237-24-000009-index.htm",
    "finalLink": "https://www.sec.gov/Archives/edgar/data/1013237/000101323724000009/fds-20231130.htm"
  },
  {
    "date": "2023-08-31",
    "symbol": "FDS",
    "reportedCurrency": "USD",
    "cik": "0001013237",
    "fillingDate": "2023-10-27",
    "acceptedDate": "2023-10-27 08:37:38",
    "calendarYear": "2023",
    "period": "Q4",
    "revenue": 535797000,
    "costOfRevenue": 263688000,
    "grossProfit": 272109000,
    "grossProfitRatio": 0.5078583867,
    "researchAndDevelopmentExpenses": 267399999,
    "generalAndAdministrativeExpenses": 0,
    "sellingAndMarketingExpenses": 0,
    "sellingGeneralAndAdministrativeExpenses": 130227000,
    "otherExpenses": -241620999,
    "operatingExpenses": 156006000,
    "costAndExpenses": 419694000,
    "interestIncome": 4618000,
    "interestExpense": 16691000,
    "depreciationAndAmortization": 29802000,
    "ebitda": 153802000,
    "ebitdaratio": 0.2870527457,
    "operatingIncome": 116103000,
    "operatingIncomeRatio": 0.2166921427,
    "totalOtherIncomeExpensesNet": -8794000,
    "incomeBeforeTax": 107309000,
    "incomeBeforeTaxRatio": 0.2002792102,
    "incomeTaxExpense": 42190000,
    "netIncome": 65119000,
    "netIncomeRatio": 0.1215367014,
    "eps": 1.71,
    "epsdiluted": 1.68,
    "weightedAverageShsOut": 38092000,
    "weightedAverageShsOutDil": 38784000,
    "link": "https://www.sec.gov/Archives/edgar/data/1013237/000101323723000128/0001013237-23-000128-index.htm",
    "finalLink": "https://www.sec.gov/Archives/edgar/data/1013237/000101323723000128/fds-20230831.htm"
  },
  {
    "date": "2023-05-31",
    "symbol": "FDS",
    "reportedCurrency": "USD",
    "cik": "0001013237",
    "fillingDate": "2023-07-03",
    "acceptedDate": "2023-07-03 07:48:24",
    "calendarYear": "2023",
    "period": "Q3",
    "revenue": 529811000,
    "costOfRevenue": 241689000,
    "grossProfit": 288122000,
    "grossProfitRatio": 0.5438203435,
    "researchAndDevelopmentExpenses": 0,
    "generalAndAdministrativeExpenses": 0,
    "sellingAndMarketingExpenses": 0,
    "sellingGeneralAndAdministrativeExpenses": 115725000,
    "otherExpenses": 0,
    "operatingExpenses": 115725000,
    "costAndExpenses": 357414000,
    "interestIncome": 3083000,
    "interestExpense": 16354000,
    "depreciationAndAmortization": 36122000,
    "ebitda": 214474000,
    "ebitdaratio": 0.4048122821,
    "operatingIncome": 171959000,
    "operatingIncomeRatio": 0.3245666851,
    "totalOtherIncomeExpensesNet": -9961000,
    "incomeBeforeTax": 161998000,
    "incomeBeforeTaxRatio": 0.305765641,
    "incomeTaxExpense": 27335000,
    "netIncome": 134663000,
    "netIncomeRatio": 0.2541717707,
    "eps": 3.52,
    "epsdiluted": 3.46,
    "weightedAverageShsOut": 38278000,
    "weightedAverageShsOutDil": 38912000,
    "link": "https://www.sec.gov/Archives/edgar/data/1013237/000101323723000070/0001013237-23-000070-index.htm",
    "finalLink": "https://www.sec.gov/Archives/edgar/data/1013237/000101323723000070/fds-20230531.htm"
  },
  {
    "date": "2023-02-28",
    "symbol": "FDS",
    "reportedCurrency": "USD",
    "cik": "0001013237",
    "fillingDate": "2023-04-03",
    "acceptedDate": "2023-04-03 07:57:23",
    "calendarYear": "2023",
    "period": "Q2",
    "revenue": 515085000,
    "costOfRevenue": 240806000,
    "grossProfit": 274279000,
    "grossProfitRatio": 0.5324926954,
    "researchAndDevelopmentExpenses": 0,
    "generalAndAdministrativeExpenses": 0,
    "sellingAndMarketingExpenses": 0,
    "sellingGeneralAndAdministrativeExpenses": 104582000,
    "otherExpenses": 0,
    "operatingExpenses": 104582000,
    "costAndExpenses": 345388000,
    "interestIncome": 2903000,
    "interestExpense": 16737000,
    "depreciationAndAmortization": 36110000,
    "ebitda": 209609000,
    "ebitdaratio": 0.406940602,
    "operatingIncome": 169250000,
    "operatingIncomeRatio": 0.328586544,
    "totalOtherIncomeExpensesNet": -12488000,
    "incomeBeforeTax": 156762000,
    "incomeBeforeTaxRatio": 0.3043420018,
    "incomeTaxExpense": 25169000,
    "netIncome": 131593000,
    "netIncomeRatio": 0.255478222,
    "eps": 3.44,
    "epsdiluted": 3.38,
    "weightedAverageShsOut": 38281000,
    "weightedAverageShsOutDil": 38981000,
    "link": "https://www.sec.gov/Archives/edgar/data/1013237/000101323723000044/0001013237-23-000044-index.htm",
    "finalLink": "https://www.sec.gov/Archives/edgar/data/1013237/000101323723000044/fds-20230228.htm"
  },
  {
    "date": "2022-11-30",
    "symbol": "FDS",
    "reportedCurrency": "USD",
    "cik": "0001013237",
    "fillingDate": "2023-01-05",
    "acceptedDate": "2023-01-05 08:00:20",
    "calendarYear": "2023",
    "period": "Q1",
    "revenue": 504815000,
    "costOfRevenue": 227042000,
    "grossProfit": 277773000,
    "grossProfitRatio": 0.5502471202,
    "researchAndDevelopmentExpenses": 0,
    "generalAndAdministrativeExpenses": 0,
    "sellingAndMarketingExpenses": 0,
    "sellingGeneralAndAdministrativeExpenses": 105596000,
    "otherExpenses": 0,
    "operatingExpenses": 105596000,
    "costAndExpenses": 332638000,
    "interestIncome": 2205000,
    "interestExpense": 16537000,
    "depreciationAndAmortization": 35694000,
    "ebitda": 210116000,
    "ebitdaratio": 0.4162237651,
    "operatingIncome": 171895000,
    "operatingIncomeRatio": 0.3405108802,
    "totalOtherIncomeExpensesNet": -14010000,
    "incomeBeforeTax": 157885000,
    "incomeBeforeTaxRatio": 0.3127581391,
    "incomeTaxExpense": 21087000,
    "netIncome": 136798000,
    "netIncomeRatio": 0.270986401,
    "eps": 3.59,
    "epsdiluted": 3.52,
    "weightedAverageShsOut": 38122000,
    "weightedAverageShsOutDil": 38914000,
    "link": "https://www.sec.gov/Archives/edgar/data/1013237/000101323723000006/0001013237-23-000006-index.htm",
    "finalLink": "https://www.sec.gov/Archives/edgar/data/1013237/000101323723000006/fds-20221130.htm"
  },
  {
    "date": "2022-08-31",
    "symbol": "FDS",
    "reportedCurrency": "USD",
    "cik": "0001013237",
    "fillingDate": "2022-10-21",
    "acceptedDate": "2022-10-21 08:00:55",
    "calendarYear": "2022",
    "period": "Q4",
    "revenue": 499297000,
    "costOfRevenue": 241944000,
    "grossProfit": 257353000,
    "grossProfitRatio": 0.5154306956,
    "researchAndDevelopmentExpenses": 0,
    "generalAndAdministrativeExpenses": 0,
    "sellingAndMarketingExpenses": 0,
    "sellingGeneralAndAdministrativeExpenses": 123847000,
    "otherExpenses": 1287000,
    "operatingExpenses": 125134000,
    "costAndExpenses": 367078000,
    "interestIncome": 0,
    "interestExpense": 14304000,
    "depreciationAndAmortization": 36603000,
    "ebitda": 169509000,
    "ebitdaratio": 0.3394953304,
    "operatingIncome": 132219000,
    "operatingIncomeRatio": 0.2648103233,
    "totalOtherIncomeExpensesNet": -15791000,
    "incomeBeforeTax": 116428000,
    "incomeBeforeTaxRatio": 0.2331838565,
    "incomeTaxExpense": 12006000,
    "netIncome": 104422000,
    "netIncomeRatio": 0.2091380481,
    "eps": 2.74,
    "epsdiluted": 2.69,
    "weightedAverageShsOut": 38045000,
    "weightedAverageShsOutDil": 38820000,
    "link": "https://www.sec.gov/Archives/edgar/data/1013237/000101323722000159/0001013237-22-000159-index.htm",
    "finalLink": "https://www.sec.gov/Archives/edgar/data/1013237/000101323722000159/fds-20220831.htm"
  },
  {
    "date": "2022-05-31",
    "symbol": "FDS",
    "reportedCurrency": "USD",
    "cik": "0001013237",
    "fillingDate": "2022-07-01",
    "acceptedDate": "2022-07-01 16:02:01",
    "calendarYear": "2022",
    "period": "Q3",
    "revenue": 488751000,
    "costOfRevenue": 222618000,
    "grossProfit": 266133000,
    "grossProfitRatio": 0.544516533,
    "researchAndDevelopmentExpenses": 0,
    "generalAndAdministrativeExpenses": 0,
    "sellingAndMarketingExpenses": 0,
    "sellingGeneralAndAdministrativeExpenses": 119881000,
    "otherExpenses": 48998000,
    "operatingExpenses": 168879000,
    "costAndExpenses": 391497000,
    "interestIncome": 4133000,
    "interestExpense": 16184000,
    "depreciationAndAmortization": 38113000,
    "ebitda": 139577000,
    "ebitdaratio": 0.2855789553,
    "operatingIncome": 97254000,
    "operatingIncomeRatio": 0.1989847591,
    "totalOtherIncomeExpensesNet": -11974000,
    "incomeBeforeTax": 85280000,
    "incomeBeforeTaxRatio": 0.1744855765,
    "incomeTaxExpense": 10370000,
    "netIncome": 74910000,
    "netIncomeRatio": 0.1532682286,
    "eps": 1.97,
    "epsdiluted": 1.93,
    "weightedAverageShsOut": 37934000,
    "weightedAverageShsOutDil": 38720000,
    "link": "https://www.sec.gov/Archives/edgar/data/1013237/000101323722000096/0001013237-22-000096-index.htm",
    "finalLink": "https://www.sec.gov/Archives/edgar/data/1013237/000101323722000096/fds-20220531.htm"
  },
  {
    "date": "2022-02-28",
    "symbol": "FDS",
    "reportedCurrency": "USD",
    "cik": "0001013237",
    "fillingDate": "2022-04-04",
    "acceptedDate": "2022-04-04 08:01:15",
    "calendarYear": "2022",
    "period": "Q2",
    "revenue": 431119000,
    "costOfRevenue": 199395000,
    "grossProfit": 231724000,
    "grossProfitRatio": 0.5374942881,
    "researchAndDevelopmentExpenses": 0,
    "generalAndAdministrativeExpenses": 0,
    "sellingAndMarketingExpenses": 0,
    "sellingGeneralAndAdministrativeExpenses": 98066000,
    "otherExpenses": 10310000,
    "operatingExpenses": 108376000,
    "costAndExpenses": 307771000,
    "interestIncome": 0,
    "interestExpense": 1673000,
    "depreciationAndAmortization": 24450000,
    "ebitda": 147808000,
    "ebitdaratio": 0.3428473345,
    "operatingIncome": 123348000,
    "operatingIncomeRatio": 0.2861112593,
    "totalOtherIncomeExpensesNet": -1392000,
    "incomeBeforeTax": 121956000,
    "incomeBeforeTaxRatio": 0.2828824524,
    "incomeTaxExpense": 12018000,
    "netIncome": 109938000,
    "netIncomeRatio": 0.2550061584,
    "eps": 2.9,
    "epsdiluted": 2.84,
    "weightedAverageShsOut": 37837000,
    "weightedAverageShsOutDil": 38761000,
    "link": "https://www.sec.gov/Archives/edgar/data/1013237/000101323722000058/0001013237-22-000058-index.htm",
    "finalLink": "https://www.sec.gov/Archives/edgar/data/1013237/000101323722000058/fds-20220228.htm"
  },
  {
    "date": "2021-11-30",
    "symbol": "FDS",
    "reportedCurrency": "USD",
    "cik": "0001013237",
    "fillingDate": "2022-01-03",
    "acceptedDate": "2022-01-03 08:19:14",
    "calendarYear": "2022",
    "period": "Q1",
    "revenue": 424725000,
    "costOfRevenue": 207149000,
    "grossProfit": 217576000,
    "grossProfitRatio": 0.5122750015,
    "researchAndDevelopmentExpenses": 0,
    "generalAndAdministrativeExpenses": 0,
    "sellingAndMarketingExpenses": 0,
    "sellingGeneralAndAdministrativeExpenses": 91238000,
    "otherExpenses": 3677000,
    "operatingExpenses": 94915000,
    "costAndExpenses": 302064000,
    "interestIncome": 0,
    "interestExpense": 1494000,
    "depreciationAndAmortization": 30549000,
    "ebitda": 151863000,
    "ebitdaratio": 0.3575560657,
    "operatingIncome": 122661000,
    "operatingIncomeRatio": 0.2888009889,
    "totalOtherIncomeExpensesNet": -2731000,
    "incomeBeforeTax": 119930000,
    "incomeBeforeTaxRatio": 0.2823709459,
    "incomeTaxExpense": 12283000,
    "netIncome": 107647000,
    "netIncomeRatio": 0.2534510566,
    "eps": 2.86,
    "epsdiluted": 2.79,
    "weightedAverageShsOut": 37678000,
    "weightedAverageShsOutDil": 38641000,
    "link": "https://www.sec.gov/Archives/edgar/data/1013237/000101323722000005/0001013237-22-000005-index.htm",
    "finalLink": "https://www.sec.gov/Archives/edgar/data/1013237/000101323722000005/fds-20211130.htm"
  },
  {
    "date": "2021-08-31",
    "symbol": "FDS",
    "reportedCurrency": "USD",
    "cik": "0001013237",
    "fillingDate": "2021-10-22",
    "acceptedDate": "2021-10-22 07:02:00",
    "calendarYear": "2021",
    "period": "Q4",
    "revenue": 411894000,
    "costOfRevenue": 197532000,
    "grossProfit": 214362000,
    "grossProfitRatio": 0.5204300135,
    "researchAndDevelopmentExpenses": 0,
    "generalAndAdministrativeExpenses": 0,
    "sellingAndMarketingExpenses": 0,
    "sellingGeneralAndAdministrativeExpenses": 95186000,
    "otherExpenses": 0,
    "operatingExpenses": 95186000,
    "costAndExpenses": 292718000,
    "interestIncome": 0,
    "interestExpense": 1712000,
    "depreciationAndAmortization": 26896000,
    "ebitda": 146927000,
    "ebitdaratio": 0.3567107071,
    "operatingIncome": 119176000,
    "operatingIncomeRatio": 0.2893365769,
    "totalOtherIncomeExpensesNet": -733000,
    "incomeBeforeTax": 118443000,
    "incomeBeforeTaxRatio": 0.2875569928,
    "incomeTaxExpense": 17381000,
    "netIncome": 101062000,
    "netIncomeRatio": 0.2453592429,
    "eps": 2.69,
    "epsdiluted": 2.63,
    "weightedAverageShsOut": 37615000,
    "weightedAverageShsOutDil": 38476000,
    "link": "https://www.sec.gov/Archives/edgar/data/1013237/000101323721000142/0001013237-21-000142-index.htm",
    "finalLink": "https://www.sec.gov/Archives/edgar/data/1013237/000101323721000142/fds-20210831.htm"
  },
  {
    "date": "2021-05-31",
    "symbol": "FDS",
    "reportedCurrency": "USD",
    "cik": "0001013237",
    "fillingDate": "2021-07-02",
    "acceptedDate": "2021-07-02 08:17:47",
    "calendarYear": "2021",
    "period": "Q3",
    "revenue": 399558000,
    "costOfRevenue": 205257000,
    "grossProfit": 194301000,
    "grossProfitRatio": 0.4862898503,
    "researchAndDevelopmentExpenses": 0,
    "generalAndAdministrativeExpenses": 0,
    "sellingAndMarketingExpenses": 0,
    "sellingGeneralAndAdministrativeExpenses": 76599000,
    "otherExpenses": 0,
    "operatingExpenses": 76599000,
    "costAndExpenses": 281856000,
    "interestIncome": 0,
    "interestExpense": 1839000,
    "depreciationAndAmortization": 27947000,
    "ebitda": 143721000,
    "ebitdaratio": 0.3596999685,
    "operatingIncome": 117702000,
    "operatingIncomeRatio": 0.2945805115,
    "totalOtherIncomeExpensesNet": -3426000,
    "incomeBeforeTax": 114276000,
    "incomeBeforeTaxRatio": 0.2860060367,
    "incomeTaxExpense": 13597000,
    "netIncome": 100679000,
    "netIncomeRatio": 0.2519759334,
    "eps": 2.66,
    "epsdiluted": 2.62,
    "weightedAverageShsOut": 37806000,
    "weightedAverageShsOutDil": 38488000,
    "link": "https://www.sec.gov/Archives/edgar/data/1013237/000101323721000069/0001013237-21-000069-index.htm",
    "finalLink": "https://www.sec.gov/Archives/edgar/data/1013237/000101323721000069/fds-20210531.htm"
  },
  {
    "date": "2021-02-28",
    "symbol": "FDS",
    "reportedCurrency": "USD",
    "cik": "0001013237",
    "fillingDate": "2021-04-05",
    "acceptedDate": "2021-04-05 08:22:06",
    "calendarYear": "2021",
    "period": "Q2",
    "revenue": 391788000,
    "costOfRevenue": 195523000,
    "grossProfit": 196265000,
    "grossProfitRatio": 0.5009469407,
    "researchAndDevelopmentExpenses": 0,
    "generalAndAdministrativeExpenses": 0,
    "sellingAndMarketingExpenses": 0,
    "sellingGeneralAndAdministrativeExpenses": 80132000,
    "otherExpenses": 0,
    "operatingExpenses": 80132000,
    "costAndExpenses": 275655000,
    "interestIncome": 0,
    "interestExpense": 1814000,
    "depreciationAndAmortization": 26492000,
    "ebitda": 142586000,
    "ebitdaratio": 0.3639366188,
    "operatingIncome": 116133000,
    "operatingIncomeRatio": 0.2964179607,
    "totalOtherIncomeExpensesNet": -1467000,
    "incomeBeforeTax": 114666000,
    "incomeBeforeTaxRatio": 0.2926735888,
    "incomeTaxExpense": 18023000,
    "netIncome": 96643000,
    "netIncomeRatio": 0.2466716694,
    "eps": 2.55,
    "epsdiluted": 2.5,
    "weightedAverageShsOut": 37916000,
    "weightedAverageShsOutDil": 38620000,
    "link": "https://www.sec.gov/Archives/edgar/data/1013237/000101323721000048/0001013237-21-000048-index.htm",
    "finalLink": "https://www.sec.gov/Archives/edgar/data/1013237/000101323721000048/fds-20210228.htm"
  },
  {
    "date": "2020-11-30",
    "symbol": "FDS",
    "reportedCurrency": "USD",
    "cik": "0001013237",
    "fillingDate": "2021-01-06",
    "acceptedDate": "2021-01-06 08:27:26",
    "calendarYear": "2021",
    "period": "Q1",
    "revenue": 388206000,
    "costOfRevenue": 188088000,
    "grossProfit": 200118000,
    "grossProfitRatio": 0.5154943509,
    "researchAndDevelopmentExpenses": 0,
    "generalAndAdministrativeExpenses": 0,
    "sellingAndMarketingExpenses": 0,
    "sellingGeneralAndAdministrativeExpenses": 79087000,
    "otherExpenses": 0,
    "operatingExpenses": 79087000,
    "costAndExpenses": 267175000,
    "interestIncome": 0,
    "interestExpense": 1029000,
    "depreciationAndAmortization": 25987000,
    "ebitda": 147248000,
    "ebitdaratio": 0.3793037717,
    "operatingIncome": 121031000,
    "operatingIncomeRatio": 0.3117700396,
    "totalOtherIncomeExpensesNet": -799000,
    "incomeBeforeTax": 120232000,
    "incomeBeforeTaxRatio": 0.309711854,
    "incomeTaxExpense": 19026000,
    "netIncome": 101206000,
    "netIncomeRatio": 0.2607017923,
    "eps": 2.66,
    "epsdiluted": 2.62,
    "weightedAverageShsOut": 38007000,
    "weightedAverageShsOutDil": 38697000,
    "link": "https://www.sec.gov/Archives/edgar/data/1013237/000101323721000007/0001013237-21-000007-index.htm",
    "finalLink": "https://www.sec.gov/Archives/edgar/data/1013237/000101323721000007/fds-20201130.htm"
  },
  {
    "date": "2020-08-31",
    "symbol": "FDS",
    "reportedCurrency": "USD",
    "cik": "0001013237",
    "fillingDate": "2020-10-29",
    "acceptedDate": "2020-10-29 08:48:42",
    "calendarYear": "2020",
    "period": "Q4",
    "revenue": 383590000,
    "costOfRevenue": 183568000,
    "grossProfit": 200022000,
    "grossProfitRatio": 0.5214473787,
    "researchAndDevelopmentExpenses": 0,
    "generalAndAdministrativeExpenses": 175820000,
    "sellingAndMarketingExpenses": -74375000,
    "sellingGeneralAndAdministrativeExpenses": 101445000,
    "otherExpenses": 0,
    "operatingExpenses": 101445000,
    "costAndExpenses": 285013000,
    "interestIncome": 0,
    "interestExpense": 1826000,
    "depreciationAndAmortization": 16281000,
    "ebitda": 113967000,
    "ebitdaratio": 0.2971062854,
    "operatingIncome": 98577000,
    "operatingIncomeRatio": 0.2569853229,
    "totalOtherIncomeExpensesNet": -2433000,
    "incomeBeforeTax": 96144000,
    "incomeBeforeTaxRatio": 0.2506426132,
    "incomeTaxExpense": 7065000,
    "netIncome": 89079000,
    "netIncomeRatio": 0.2322245105,
    "eps": 2.34,
    "epsdiluted": 2.29,
    "weightedAverageShsOut": 38030000,
    "weightedAverageShsOutDil": 38940000,
    "link": "https://www.sec.gov/Archives/edgar/data/1013237/000101323720000153/0001013237-20-000153-index.htm",
    "finalLink": "https://www.sec.gov/Archives/edgar/data/1013237/000101323720000153/fds-20200831.htm"
  },
  {
    "date": "2020-05-31",
    "symbol": "FDS",
    "reportedCurrency": "USD",
    "cik": "0001013237",
    "fillingDate": "2020-07-09",
    "acceptedDate": "2020-07-09 07:58:06",
    "calendarYear": "2020",
    "period": "Q3",
    "revenue": 374083000,
    "costOfRevenue": 170703000,
    "grossProfit": 203380000,
    "grossProfitRatio": 0.543676136,
    "researchAndDevelopmentExpenses": 0,
    "generalAndAdministrativeExpenses": 0,
    "sellingAndMarketingExpenses": 0,
    "sellingGeneralAndAdministrativeExpenses": 81740000,
    "otherExpenses": 0,
    "operatingExpenses": 81740000,
    "costAndExpenses": 252443000,
    "interestIncome": 0,
    "interestExpense": 2211000,
    "depreciationAndAmortization": 13037000,
    "ebitda": 134677000,
    "ebitdaratio": 0.3600190332,
    "operatingIncome": 121640000,
    "operatingIncomeRatio": 0.3251684787,
    "totalOtherIncomeExpensesNet": -2500000,
    "incomeBeforeTax": 119140000,
    "incomeBeforeTaxRatio": 0.3184854698,
    "incomeTaxExpense": 17924000,
    "netIncome": 101216000,
    "netIncomeRatio": 0.2705709695,
    "eps": 2.67,
    "epsdiluted": 2.63,
    "weightedAverageShsOut": 37885000,
    "weightedAverageShsOutDil": 38481000,
    "link": "https://www.sec.gov/Archives/edgar/data/1013237/000101323720000103/0001013237-20-000103-index.htm",
    "finalLink": "https://www.sec.gov/Archives/edgar/data/1013237/000101323720000103/fds-20200531.htm"
  },
  {
    "date": "2020-02-29",
    "symbol": "FDS",
    "reportedCurrency": "USD",
    "cik": "0001013237",
    "fillingDate": "2020-04-09",
    "acceptedDate": "2020-04-09 06:56:16",
    "calendarYear": "2020",
    "period": "Q2",
    "revenue": 369780000,
    "costOfRevenue": 176218000,
    "grossProfit": 193562000,
    "grossProfitRatio": 0.5234517821,
    "researchAndDevelopmentExpenses": 0,
    "generalAndAdministrativeExpenses": 87305000,
    "sellingAndMarketingExpenses": 0,
    "sellingGeneralAndAdministrativeExpenses": 87305000,
    "otherExpenses": 0,
    "operatingExpenses": 87305000,
    "costAndExpenses": 263523000,
    "interestIncome": 0,
    "interestExpense": 2661000,
    "depreciationAndAmortization": 13906000,
    "ebitda": 120163000,
    "ebitdaratio": 0.3249580832,
    "operatingIncome": 106257000,
    "operatingIncomeRatio": 0.287351939,
    "totalOtherIncomeExpensesNet": -3148000,
    "incomeBeforeTax": 103109000,
    "incomeBeforeTaxRatio": 0.278838769,
    "incomeTaxExpense": 14423000,
    "netIncome": 88686000,
    "netIncomeRatio": 0.2398344962,
    "eps": 2.34,
    "epsdiluted": 2.3,
    "weightedAverageShsOut": 37875000,
    "weightedAverageShsOutDil": 38576000,
    "link": "https://www.sec.gov/Archives/edgar/data/1013237/000101323720000061/0001013237-20-000061-index.htm",
    "finalLink": "https://www.sec.gov/Archives/edgar/data/1013237/000101323720000061/fds-20200229.htm"
  },
  {
    "date": "2019-11-30",
    "symbol": "FDS",
    "reportedCurrency": "USD",
    "cik": "0001013237",
    "fillingDate": "2020-01-09",
    "acceptedDate": "2020-01-09 07:03:36",
    "calendarYear": "2020",
    "period": "Q1",
    "revenue": 366658000,
    "costOfRevenue": 164957000,
    "grossProfit": 201701000,
    "grossProfitRatio": 0.5501066389,
    "researchAndDevelopmentExpenses": 0,
    "generalAndAdministrativeExpenses": 88515000,
    "sellingAndMarketingExpenses": 0,
    "sellingGeneralAndAdministrativeExpenses": 88515000,
    "otherExpenses": 0,
    "operatingExpenses": 88515000,
    "costAndExpenses": 253472000,
    "interestIncome": 0,
    "interestExpense": 3131000,
    "depreciationAndAmortization": 14390000,
    "ebitda": 127576000,
    "ebitdaratio": 0.3479427696,
    "operatingIncome": 113186000,
    "operatingIncomeRatio": 0.3086963874,
    "totalOtherIncomeExpensesNet": -4445000,
    "incomeBeforeTax": 108741000,
    "incomeBeforeTaxRatio": 0.2965733736,
    "incomeTaxExpense": 14784000,
    "netIncome": 93957000,
    "netIncomeRatio": 0.2562524205,
    "eps": 2.47,
    "epsdiluted": 2.43,
    "weightedAverageShsOut": 37978000,
    "weightedAverageShsOutDil": 38587000,
    "link": "https://www.sec.gov/Archives/edgar/data/1013237/000101323720000015/0001013237-20-000015-index.htm",
    "finalLink": "https://www.sec.gov/Archives/edgar/data/1013237/000101323720000015/fds-20191130.htm"
  },
  {
    "date": "2019-08-31",
    "symbol": "FDS",
    "reportedCurrency": "USD",
    "cik": "0001013237",
    "fillingDate": "2019-10-30",
    "acceptedDate": "2019-10-30 11:37:54",
    "calendarYear": "2019",
    "period": "Q4",
    "revenue": 364283000,
    "costOfRevenue": 167730000,
    "grossProfit": 196553000,
    "grossProfitRatio": 0.5395612752,
    "researchAndDevelopmentExpenses": 0,
    "generalAndAdministrativeExpenses": 84985000,
    "sellingAndMarketingExpenses": 0,
    "sellingGeneralAndAdministrativeExpenses": 84985000,
    "otherExpenses": 0,
    "operatingExpenses": 84985000,
    "costAndExpenses": 252715000,
    "interestIncome": 1421000,
    "interestExpense": 4700000,
    "depreciationAndAmortization": 16520000,
    "ebitda": 128088000,
    "ebitdaratio": 0.3516167375,
    "operatingIncome": 111568000,
    "operatingIncomeRatio": 0.30626738,
    "totalOtherIncomeExpensesNet": -3279000,
    "incomeBeforeTax": 108289000,
    "incomeBeforeTaxRatio": 0.2972661365,
    "incomeTaxExpense": 16762000,
    "netIncome": 91527000,
    "netIncomeRatio": 0.2512524603,
    "eps": 2.4,
    "epsdiluted": 2.34,
    "weightedAverageShsOut": 38118000,
    "weightedAverageShsOutDil": 39056000,
    "link": "https://www.sec.gov/Archives/edgar/data/1013237/000143774919020894/0001437749-19-020894-index.htm",
    "finalLink": "https://www.sec.gov/Archives/edgar/data/1013237/000143774919020894/fds20190831_10k.htm"
  },
  {
    "date": "2019-05-31",
    "symbol": "FDS",
    "reportedCurrency": "USD",
    "cik": "0001013237",
    "fillingDate": "2019-07-10",
    "acceptedDate": "2019-07-10 16:01:36",
    "calendarYear": "2019",
    "period": "Q3",
    "revenue": 364533000,
    "costOfRevenue": 163832000,
    "grossProfit": 200701000,
    "grossProfitRatio": 0.5505701816,
    "researchAndDevelopmentExpenses": 0,
    "generalAndAdministrativeExpenses": 83461000,
    "sellingAndMarketingExpenses": 0,
    "sellingGeneralAndAdministrativeExpenses": 83461000,
    "otherExpenses": 0,
    "operatingExpenses": 83461000,
    "costAndExpenses": 247293000,
    "interestIncome": 0,
    "interestExpense": 4377000,
    "depreciationAndAmortization": 14891000,
    "ebitda": 132131000,
    "ebitdaratio": 0.3624664982,
    "operatingIncome": 117240000,
    "operatingIncomeRatio": 0.3216169729,
    "totalOtherIncomeExpensesNet": -3856000,
    "incomeBeforeTax": 113384000,
    "incomeBeforeTaxRatio": 0.3110390554,
    "incomeTaxExpense": 21119000,
    "netIncome": 92265000,
    "netIncomeRatio": 0.2531046572,
    "eps": 2.41,
    "epsdiluted": 2.37,
    "weightedAverageShsOut": 38223000,
    "weightedAverageShsOutDil": 38993000,
    "link": "https://www.sec.gov/Archives/edgar/data/1013237/000143774919013742/0001437749-19-013742-index.htm",
    "finalLink": "https://www.sec.gov/Archives/edgar/data/1013237/000143774919013742/fds20190531_10q.htm"
  },
  {
    "date": "2019-02-28",
    "symbol": "FDS",
    "reportedCurrency": "USD",
    "cik": "0001013237",
    "fillingDate": "2019-04-09",
    "acceptedDate": "2019-04-09 16:39:34",
    "calendarYear": "2019",
    "period": "Q2",
    "revenue": 354895000,
    "costOfRevenue": 165108000,
    "grossProfit": 189787000,
    "grossProfitRatio": 0.5347694388,
    "researchAndDevelopmentExpenses": 0,
    "generalAndAdministrativeExpenses": 81099000,
    "sellingAndMarketingExpenses": 0,
    "sellingGeneralAndAdministrativeExpenses": 81099000,
    "otherExpenses": 0,
    "operatingExpenses": 81099000,
    "costAndExpenses": 246207000,
    "interestIncome": 889000,
    "interestExpense": 5100000,
    "depreciationAndAmortization": 14811000,
    "ebitda": 123499000,
    "ebitdaratio": 0.3479874329,
    "operatingIncome": 108688000,
    "operatingIncomeRatio": 0.3062539624,
    "totalOtherIncomeExpensesNet": -4339000,
    "incomeBeforeTax": 104349000,
    "incomeBeforeTaxRatio": 0.294027811,
    "incomeTaxExpense": 19647000,
    "netIncome": 84702000,
    "netIncomeRatio": 0.238667775,
    "eps": 2.23,
    "epsdiluted": 2.19,
    "weightedAverageShsOut": 38055000,
    "weightedAverageShsOutDil": 38619000,
    "link": "https://www.sec.gov/Archives/edgar/data/1013237/000143774919006813/0001437749-19-006813-index.htm",
    "finalLink": "https://www.sec.gov/Archives/edgar/data/1013237/000143774919006813/fds20190228_10q.htm"
  },
  {
    "date": "2018-11-30",
    "symbol": "FDS",
    "reportedCurrency": "USD",
    "cik": "0001013237",
    "fillingDate": "2019-01-09",
    "acceptedDate": "2019-01-09 14:01:18",
    "calendarYear": "2019",
    "period": "Q1",
    "revenue": 351640000,
    "costOfRevenue": 166776000,
    "grossProfit": 184864000,
    "grossProfitRatio": 0.5257194858,
    "researchAndDevelopmentExpenses": 0,
    "generalAndAdministrativeExpenses": 84325000,
    "sellingAndMarketingExpenses": 0,
    "sellingGeneralAndAdministrativeExpenses": 84325000,
    "otherExpenses": 0,
    "operatingExpenses": 84325000,
    "costAndExpenses": 251101000,
    "interestIncome": 241000,
    "interestExpense": 4700000,
    "depreciationAndAmortization": 14241000,
    "ebitda": 114780000,
    "ebitdaratio": 0.3264133773,
    "operatingIncome": 100539000,
    "operatingIncomeRatio": 0.2859145717,
    "totalOtherIncomeExpensesNet": -4596000,
    "incomeBeforeTax": 95943000,
    "incomeBeforeTaxRatio": 0.2728443863,
    "incomeTaxExpense": 11647000,
    "netIncome": 84296000,
    "netIncomeRatio": 0.2397224434,
    "eps": 2.21,
    "epsdiluted": 2.17,
    "weightedAverageShsOut": 38106000,
    "weightedAverageShsOutDil": 38809000,
    "link": "https://www.sec.gov/Archives/edgar/data/1013237/000143774919000591/0001437749-19-000591-index.htm",
    "finalLink": "https://www.sec.gov/Archives/edgar/data/1013237/000143774919000591/fds20181130_10q.htm"
  },
  {
    "date": "2018-08-31",
    "symbol": "FDS",
    "reportedCurrency": "USD",
    "cik": "0001013237",
    "fillingDate": "2018-10-30",
    "acceptedDate": "2018-10-30 12:19:10",
    "calendarYear": "2018",
    "period": "Q4",
    "revenue": 345861000,
    "costOfRevenue": 169467000,
    "grossProfit": 176394000,
    "grossProfitRatio": 0.5100141386,
    "researchAndDevelopmentExpenses": 0,
    "generalAndAdministrativeExpenses": 88039000,
    "sellingAndMarketingExpenses": -1000,
    "sellingGeneralAndAdministrativeExpenses": 88038000,
    "otherExpenses": 0,
    "operatingExpenses": 88038000,
    "costAndExpenses": 257505000,
    "interestIncome": 179000,
    "interestExpense": 4600000,
    "depreciationAndAmortization": 14437000,
    "ebitda": 102793000,
    "ebitdaratio": 0.2972089944,
    "operatingIncome": 88356000,
    "operatingIncomeRatio": 0.2554667916,
    "totalOtherIncomeExpensesNet": -4421000,
    "incomeBeforeTax": 83935000,
    "incomeBeforeTaxRatio": 0.2426841997,
    "incomeTaxExpense": 15112000,
    "netIncome": 68823000,
    "netIncomeRatio": 0.1989903458,
    "eps": 1.8,
    "epsdiluted": 1.77,
    "weightedAverageShsOut": 38193000,
    "weightedAverageShsOutDil": 38879000,
    "link": "https://www.sec.gov/Archives/edgar/data/1013237/000143774918019028/0001437749-18-019028-index.htm",
    "finalLink": "https://www.sec.gov/Archives/edgar/data/1013237/000143774918019028/fds20180831_10k.htm"
  },
  {
    "date": "2018-05-31",
    "symbol": "FDS",
    "reportedCurrency": "USD",
    "cik": "0001013237",
    "fillingDate": "2018-07-10",
    "acceptedDate": "2018-07-10 14:01:34",
    "calendarYear": "2018",
    "period": "Q3",
    "revenue": 339911000,
    "costOfRevenue": 165073000,
    "grossProfit": 174838000,
    "grossProfitRatio": 0.5143640541,
    "researchAndDevelopmentExpenses": 0,
    "generalAndAdministrativeExpenses": 81573000,
    "sellingAndMarketingExpenses": 0,
    "sellingGeneralAndAdministrativeExpenses": 81573000,
    "otherExpenses": 0,
    "operatingExpenses": 81573000,
    "costAndExpenses": 246646000,
    "interestIncome": 546000,
    "interestExpense": 4300000,
    "depreciationAndAmortization": 14476000,
    "ebitda": 107741000,
    "ebitdaratio": 0.3169682652,
    "operatingIncome": 93265000,
    "operatingIncomeRatio": 0.2743806467,
    "totalOtherIncomeExpensesNet": -3754000,
    "incomeBeforeTax": 89511000,
    "incomeBeforeTaxRatio": 0.2633365793,
    "incomeTaxExpense": 14765000,
    "netIncome": 74746000,
    "netIncomeRatio": 0.2198987382,
    "eps": 1.94,
    "epsdiluted": 1.91,
    "weightedAverageShsOut": 38594000,
    "weightedAverageShsOutDil": 39104000,
    "link": "https://www.sec.gov/Archives/edgar/data/1013237/000143774918013171/0001437749-18-013171-index.htm",
    "finalLink": "https://www.sec.gov/Archives/edgar/data/1013237/000143774918013171/fds20180531_10q.htm"
  },
  {
    "date": "2018-02-28",
    "symbol": "FDS",
    "reportedCurrency": "USD",
    "cik": "0001013237",
    "fillingDate": "2018-04-09",
    "acceptedDate": "2018-04-09 14:20:15",
    "calendarYear": "2018",
    "period": "Q2",
    "revenue": 335231000,
    "costOfRevenue": 163232000,
    "grossProfit": 171999000,
    "grossProfitRatio": 0.513076058,
    "researchAndDevelopmentExpenses": 0,
    "generalAndAdministrativeExpenses": 76514000,
    "sellingAndMarketingExpenses": 0,
    "sellingGeneralAndAdministrativeExpenses": 76514000,
    "otherExpenses": 0,
    "operatingExpenses": 76514000,
    "costAndExpenses": 239746000,
    "interestIncome": 328000,
    "interestExpense": 3600000,
    "depreciationAndAmortization": 14086000,
    "ebitda": 109571000,
    "ebitdaratio": 0.3268522303,
    "operatingIncome": 95485000,
    "operatingIncomeRatio": 0.2848334432,
    "totalOtherIncomeExpensesNet": -3272000,
    "incomeBeforeTax": 92213000,
    "incomeBeforeTaxRatio": 0.2750730094,
    "incomeTaxExpense": 39076000,
    "netIncome": 53137000,
    "netIncomeRatio": 0.1585086105,
    "eps": 1.36,
    "epsdiluted": 1.33,
    "weightedAverageShsOut": 38991000,
    "weightedAverageShsOutDil": 39846000,
    "link": "https://www.sec.gov/Archives/edgar/data/1013237/000143774918006528/0001437749-18-006528-index.htm",
    "finalLink": "https://www.sec.gov/Archives/edgar/data/1013237/000143774918006528/fds20180228_10q.htm"
  },
  {
    "date": "2017-11-30",
    "symbol": "FDS",
    "reportedCurrency": "USD",
    "cik": "0001013237",
    "fillingDate": "2018-01-09",
    "acceptedDate": "2018-01-09 16:02:58",
    "calendarYear": "2018",
    "period": "Q1",
    "revenue": 329141000,
    "costOfRevenue": 161524000,
    "grossProfit": 167617000,
    "grossProfitRatio": 0.5092559116,
    "researchAndDevelopmentExpenses": 0,
    "generalAndAdministrativeExpenses": 78519000,
    "sellingAndMarketingExpenses": 0,
    "sellingGeneralAndAdministrativeExpenses": 78519000,
    "otherExpenses": 0,
    "operatingExpenses": 78519000,
    "costAndExpenses": 240043000,
    "interestIncome": 0,
    "interestExpense": 3400000,
    "depreciationAndAmortization": 14286000,
    "ebitda": 103384000,
    "ebitdaratio": 0.3141024667,
    "operatingIncome": 89098000,
    "operatingIncomeRatio": 0.270698576,
    "totalOtherIncomeExpensesNet": -2919000,
    "incomeBeforeTax": 86179000,
    "incomeBeforeTaxRatio": 0.2618300364,
    "incomeTaxExpense": 15800000,
    "netIncome": 70379000,
    "netIncomeRatio": 0.2138262933,
    "eps": 1.8,
    "epsdiluted": 1.77,
    "weightedAverageShsOut": 39110000,
    "weightedAverageShsOutDil": 39680000,
    "link": "https://www.sec.gov/Archives/edgar/data/1013237/000143774918000456/0001437749-18-000456-index.htm",
    "finalLink": "https://www.sec.gov/Archives/edgar/data/1013237/000143774918000456/fds20171130_10q.htm"
  },
  {
    "date": "2017-08-31",
    "symbol": "FDS",
    "reportedCurrency": "USD",
    "cik": "0001013237",
    "fillingDate": "2017-10-30",
    "acceptedDate": "2017-10-30 16:02:04",
    "calendarYear": "2017",
    "period": "Q4",
    "revenue": 326642000,
    "costOfRevenue": 161269000,
    "grossProfit": 165373000,
    "grossProfitRatio": 0.506282107,
    "researchAndDevelopmentExpenses": 0,
    "generalAndAdministrativeExpenses": 82945000,
    "sellingAndMarketingExpenses": 0,
    "sellingGeneralAndAdministrativeExpenses": 82945000,
    "otherExpenses": 0,
    "operatingExpenses": 82945000,
    "costAndExpenses": 244214000,
    "interestIncome": 245000,
    "interestExpense": 2900000,
    "depreciationAndAmortization": 14524000,
    "ebitda": 96952000,
    "ebitdaratio": 0.2968142492,
    "operatingIncome": 82428000,
    "operatingIncomeRatio": 0.2523496672,
    "totalOtherIncomeExpensesNet": -2655000,
    "incomeBeforeTax": 79773000,
    "incomeBeforeTaxRatio": 0.2442215024,
    "incomeTaxExpense": 20221000,
    "netIncome": 59552000,
    "netIncomeRatio": 0.1823158075,
    "eps": 1.52,
    "epsdiluted": 1.52,
    "weightedAverageShsOut": 39023000,
    "weightedAverageShsOutDil": 39281000,
    "link": "https://www.sec.gov/Archives/edgar/data/1013237/000143774917017840/0001437749-17-017840-index.htm",
    "finalLink": "https://www.sec.gov/Archives/edgar/data/1013237/000143774917017840/fds20170831_10k.htm"
  },
  {
    "date": "2017-05-31",
    "symbol": "FDS",
    "reportedCurrency": "USD",
    "cik": "0001013237",
    "fillingDate": "2017-07-10",
    "acceptedDate": "2017-07-10 15:33:39",
    "calendarYear": "2017",
    "period": "Q3",
    "revenue": 312120000,
    "costOfRevenue": 146426000,
    "grossProfit": 165694000,
    "grossProfitRatio": 0.5308663335,
    "researchAndDevelopmentExpenses": 0,
    "generalAndAdministrativeExpenses": 78052000,
    "sellingAndMarketingExpenses": 0,
    "sellingGeneralAndAdministrativeExpenses": 78052000,
    "otherExpenses": 0,
    "operatingExpenses": 78052000,
    "costAndExpenses": 224478000,
    "interestIncome": 487000,
    "interestExpense": 2900000,
    "depreciationAndAmortization": 13121000,
    "ebitda": 100763000,
    "ebitdaratio": 0.3228341663,
    "operatingIncome": 87642000,
    "operatingIncomeRatio": 0.2807958478,
    "totalOtherIncomeExpensesNet": -2413000,
    "incomeBeforeTax": 85229000,
    "incomeBeforeTaxRatio": 0.2730648469,
    "incomeTaxExpense": 19815000,
    "netIncome": 65414000,
    "netIncomeRatio": 0.2095796489,
    "eps": 1.66,
    "epsdiluted": 1.66,
    "weightedAverageShsOut": 39198000,
    "weightedAverageShsOutDil": 39457000,
    "link": "https://www.sec.gov/Archives/edgar/data/1013237/000143774917012413/0001437749-17-012413-index.htm",
    "finalLink": "https://www.sec.gov/Archives/edgar/data/1013237/000143774917012413/fds20170531_10q.htm"
  },
  {
    "date": "2017-02-28",
    "symbol": "FDS",
    "reportedCurrency": "USD",
    "cik": "0001013237",
    "fillingDate": "2017-04-10",
    "acceptedDate": "2017-04-10 16:33:44",
    "calendarYear": "2017",
    "period": "Q2",
    "revenue": 294354000,
    "costOfRevenue": 131635000,
    "grossProfit": 162719000,
    "grossProfitRatio": 0.5528003696,
    "researchAndDevelopmentExpenses": 0,
    "generalAndAdministrativeExpenses": 70973000,
    "sellingAndMarketingExpenses": 0,
    "sellingGeneralAndAdministrativeExpenses": 70973000,
    "otherExpenses": 0,
    "operatingExpenses": 70973000,
    "costAndExpenses": 202608000,
    "interestIncome": 252000,
    "interestExpense": 1300000,
    "depreciationAndAmortization": 10633000,
    "ebitda": 102379000,
    "ebitdaratio": 0.3478091006,
    "operatingIncome": 91746000,
    "operatingIncomeRatio": 0.3116859292,
    "totalOtherIncomeExpensesNet": -2256000,
    "incomeBeforeTax": 89490000,
    "incomeBeforeTaxRatio": 0.3040216882,
    "incomeTaxExpense": 22780000,
    "netIncome": 66710000,
    "netIncomeRatio": 0.2266318786,
    "eps": 1.69,
    "epsdiluted": 1.68,
    "weightedAverageShsOut": 39419000,
    "weightedAverageShsOutDil": 39700000,
    "link": "https://www.sec.gov/Archives/edgar/data/1013237/000143774917006364/0001437749-17-006364-index.htm",
    "finalLink": "https://www.sec.gov/Archives/edgar/data/1013237/000143774917006364/fds20170228_10q.htm"
  },
  {
    "date": "2016-11-30",
    "symbol": "FDS",
    "reportedCurrency": "USD",
    "cik": "0001013237",
    "fillingDate": "2017-01-09",
    "acceptedDate": "2017-01-09 15:37:39",
    "calendarYear": "2017",
    "period": "Q1",
    "revenue": 288063000,
    "costOfRevenue": 127250000,
    "grossProfit": 160813000,
    "grossProfitRatio": 0.5582563536,
    "researchAndDevelopmentExpenses": 0,
    "generalAndAdministrativeExpenses": 70494000,
    "sellingAndMarketingExpenses": 0,
    "sellingGeneralAndAdministrativeExpenses": 70494000,
    "otherExpenses": 0,
    "operatingExpenses": 70494000,
    "costAndExpenses": 197744000,
    "interestIncome": 0,
    "interestExpense": 1100000,
    "depreciationAndAmortization": 10016000,
    "ebitda": 101035000,
    "ebitdaratio": 0.350739248,
    "operatingIncome": 90319000,
    "operatingIncomeRatio": 0.3135390522,
    "totalOtherIncomeExpensesNet": -499000,
    "incomeBeforeTax": 89820000,
    "incomeBeforeTaxRatio": 0.3118067923,
    "incomeTaxExpense": 23237000,
    "netIncome": 66583000,
    "netIncomeRatio": 0.2311404103,
    "eps": 1.67,
    "epsdiluted": 1.66,
    "weightedAverageShsOut": 39700000,
    "weightedAverageShsOutDil": 40100000,
    "link": "https://www.sec.gov/Archives/edgar/data/1013237/000143774917000394/0001437749-17-000394-index.htm",
    "finalLink": "https://www.sec.gov/Archives/edgar/data/1013237/000143774917000394/fds20161130_10q.htm"
  },
  {
    "date": "2016-08-31",
    "symbol": "FDS",
    "reportedCurrency": "USD",
    "cik": "0001013237",
    "fillingDate": "2016-10-31",
    "acceptedDate": "2016-10-31 10:35:07",
    "calendarYear": "2016",
    "period": "Q4",
    "revenue": 287291000,
    "costOfRevenue": 124160000,
    "grossProfit": 163131000,
    "grossProfitRatio": 0.567824958,
    "researchAndDevelopmentExpenses": 0,
    "generalAndAdministrativeExpenses": 75397000,
    "sellingAndMarketingExpenses": 0,
    "sellingGeneralAndAdministrativeExpenses": 75397000,
    "otherExpenses": 0,
    "operatingExpenses": 75397000,
    "costAndExpenses": 199557000,
    "interestIncome": 165000,
    "interestExpense": 536000,
    "depreciationAndAmortization": 9830000,
    "ebitda": 97564000,
    "ebitdaratio": 0.3395999179,
    "operatingIncome": 87734000,
    "operatingIncomeRatio": 0.3053837398,
    "totalOtherIncomeExpensesNet": 112082000,
    "incomeBeforeTax": 199816000,
    "incomeBeforeTaxRatio": 0.6955177851,
    "incomeTaxExpense": 55510000,
    "netIncome": 144306000,
    "netIncomeRatio": 0.5022990626,
    "eps": 3.55,
    "epsdiluted": 3.55,
    "weightedAverageShsOut": 40038000,
    "weightedAverageShsOutDil": 40673000,
    "link": "https://www.sec.gov/Archives/edgar/data/1013237/000143774916040606/0001437749-16-040606-index.htm",
    "finalLink": "https://www.sec.gov/Archives/edgar/data/1013237/000143774916040606/fds20161020_10k.htm"
  },
  {
    "date": "2016-05-31",
    "symbol": "FDS",
    "reportedCurrency": "USD",
    "cik": "0001013237",
    "fillingDate": "2016-07-11",
    "acceptedDate": "2016-07-11 15:04:47",
    "calendarYear": "2016",
    "period": "Q3",
    "revenue": 287501000,
    "costOfRevenue": 124602000,
    "grossProfit": 162899000,
    "grossProfitRatio": 0.5666032466,
    "researchAndDevelopmentExpenses": 0,
    "generalAndAdministrativeExpenses": 73609000,
    "sellingAndMarketingExpenses": 0,
    "sellingGeneralAndAdministrativeExpenses": 73609000,
    "otherExpenses": 0,
    "operatingExpenses": 73609000,
    "costAndExpenses": 198211000,
    "interestIncome": 0,
    "interestExpense": 0,
    "depreciationAndAmortization": 9962000,
    "ebitda": 99252000,
    "ebitdaratio": 0.345223147,
    "operatingIncome": 89290000,
    "operatingIncomeRatio": 0.3105728328,
    "totalOtherIncomeExpensesNet": -433000,
    "incomeBeforeTax": 88857000,
    "incomeBeforeTaxRatio": 0.3090667511,
    "incomeTaxExpense": 22076000,
    "netIncome": 66781000,
    "netIncomeRatio": 0.2322809312,
    "eps": 1.64,
    "epsdiluted": 1.62,
    "weightedAverageShsOut": 40656000,
    "weightedAverageShsOutDil": 41189000,
    "link": "https://www.sec.gov/Archives/edgar/data/1013237/000143774916035100/0001437749-16-035100-index.htm",
    "finalLink": "https://www.sec.gov/Archives/edgar/data/1013237/000143774916035100/fds20160531_10q.htm"
  },
  {
    "date": "2016-02-29",
    "symbol": "FDS",
    "reportedCurrency": "USD",
    "cik": "0001013237",
    "fillingDate": "2016-04-11",
    "acceptedDate": "2016-04-11 15:04:20",
    "calendarYear": "2016",
    "period": "Q2",
    "revenue": 281796000,
    "costOfRevenue": 123911000,
    "grossProfit": 157885000,
    "grossProfitRatio": 0.5602811963,
    "researchAndDevelopmentExpenses": 0,
    "generalAndAdministrativeExpenses": 72541000,
    "sellingAndMarketingExpenses": 0,
    "sellingGeneralAndAdministrativeExpenses": 72541000,
    "otherExpenses": 0,
    "operatingExpenses": 72541000,
    "costAndExpenses": 196452000,
    "interestIncome": 0,
    "interestExpense": 0,
    "depreciationAndAmortization": 9823000,
    "ebitda": 95167000,
    "ebitdaratio": 0.3377159364,
    "operatingIncome": 85344000,
    "operatingIncomeRatio": 0.3028573862,
    "totalOtherIncomeExpensesNet": -424000,
    "incomeBeforeTax": 84920000,
    "incomeBeforeTaxRatio": 0.3013527516,
    "incomeTaxExpense": 17157000,
    "netIncome": 67763000,
    "netIncomeRatio": 0.240468282,
    "eps": 1.65,
    "epsdiluted": 1.63,
    "weightedAverageShsOut": 41008000,
    "weightedAverageShsOutDil": 41536000,
    "link": "https://www.sec.gov/Archives/edgar/data/1013237/000143774916029327/0001437749-16-029327-index.htm",
    "finalLink": "https://www.sec.gov/Archives/edgar/data/1013237/000143774916029327/fds20160113_10q.htm"
  },
  {
    "date": "2015-11-30",
    "symbol": "FDS",
    "reportedCurrency": "USD",
    "cik": "0001013237",
    "fillingDate": "2016-01-11",
    "acceptedDate": "2016-01-11 14:25:04",
    "calendarYear": "2016",
    "period": "Q1",
    "revenue": 270504000,
    "costOfRevenue": 114736000,
    "grossProfit": 155768000,
    "grossProfitRatio": 0.5758436104,
    "researchAndDevelopmentExpenses": 0,
    "generalAndAdministrativeExpenses": 68460000,
    "sellingAndMarketingExpenses": 0,
    "sellingGeneralAndAdministrativeExpenses": 68460000,
    "otherExpenses": 0,
    "operatingExpenses": 68460000,
    "costAndExpenses": 183196000,
    "interestIncome": 0,
    "interestExpense": 0,
    "depreciationAndAmortization": 8437000,
    "ebitda": 95745000,
    "ebitdaratio": 0.3539504037,
    "operatingIncome": 87308000,
    "operatingIncomeRatio": 0.3227604767,
    "totalOtherIncomeExpensesNet": 93000,
    "incomeBeforeTax": 87401000,
    "incomeBeforeTaxRatio": 0.3231042794,
    "incomeTaxExpense": 27436000,
    "netIncome": 59965000,
    "netIncomeRatio": 0.2216787922,
    "eps": 1.45,
    "epsdiluted": 1.43,
    "weightedAverageShsOut": 41383000,
    "weightedAverageShsOutDil": 42063000,
    "link": "https://www.sec.gov/Archives/edgar/data/1013237/000143774916023443/0001437749-16-023443-index.htm",
    "finalLink": "https://www.sec.gov/Archives/edgar/data/1013237/000143774916023443/fds20151230_10q.htm"
  },
  {
    "date": "2015-08-31",
    "symbol": "FDS",
    "reportedCurrency": "USD",
    "cik": "0001013237",
    "fillingDate": "2015-11-02",
    "acceptedDate": "2015-10-30 18:27:29",
    "calendarYear": "2015",
    "period": "Q4",
    "revenue": 261779000,
    "costOfRevenue": 107595000,
    "grossProfit": 154184000,
    "grossProfitRatio": 0.5889853655,
    "researchAndDevelopmentExpenses": 0,
    "generalAndAdministrativeExpenses": 68531000,
    "sellingAndMarketingExpenses": 0,
    "sellingGeneralAndAdministrativeExpenses": 68531000,
    "otherExpenses": 0,
    "operatingExpenses": 68531000,
    "costAndExpenses": 176126000,
    "interestIncome": 0,
    "interestExpense": 0,
    "depreciationAndAmortization": 7120000,
    "ebitda": 92773000,
    "ebitdaratio": 0.3543943555,
    "operatingIncome": 85653000,
    "operatingIncomeRatio": 0.3271958408,
    "totalOtherIncomeExpensesNet": 391000,
    "incomeBeforeTax": 86044000,
    "incomeBeforeTaxRatio": 0.3286894671,
    "incomeTaxExpense": 23860000,
    "netIncome": 62184000,
    "netIncomeRatio": 0.2375438824,
    "eps": 1.51,
    "epsdiluted": 1.48,
    "weightedAverageShsOut": 41317000,
    "weightedAverageShsOutDil": 41995000,
    "link": "https://www.sec.gov/Archives/edgar/data/1013237/000143774915019227/0001437749-15-019227-index.htm",
    "finalLink": "https://www.sec.gov/Archives/edgar/data/1013237/000143774915019227/fds20150831_10k.htm"
  },
  {
    "date": "2015-05-31",
    "symbol": "FDS",
    "reportedCurrency": "USD",
    "cik": "0001013237",
    "fillingDate": "2015-07-10",
    "acceptedDate": "2015-07-10 14:50:38",
    "calendarYear": "2015",
    "period": "Q3",
    "revenue": 254522000,
    "costOfRevenue": 100686000,
    "grossProfit": 153836000,
    "grossProfitRatio": 0.6044114065,
    "researchAndDevelopmentExpenses": 0,
    "generalAndAdministrativeExpenses": 68480000,
    "sellingAndMarketingExpenses": 0,
    "sellingGeneralAndAdministrativeExpenses": 68480000,
    "otherExpenses": 0,
    "operatingExpenses": 68480000,
    "costAndExpenses": 169166000,
    "interestIncome": 0,
    "interestExpense": 0,
    "depreciationAndAmortization": 8007000,
    "ebitda": 93363000,
    "ebitdaratio": 0.3668170139,
    "operatingIncome": 85356000,
    "operatingIncomeRatio": 0.3353580437,
    "totalOtherIncomeExpensesNet": 482000,
    "incomeBeforeTax": 85838000,
    "incomeBeforeTaxRatio": 0.3372517896,
    "incomeTaxExpense": 24429000,
    "netIncome": 61409000,
    "netIncomeRatio": 0.2412718743,
    "eps": 1.48,
    "epsdiluted": 1.45,
    "weightedAverageShsOut": 41531000,
    "weightedAverageShsOutDil": 42297000,
    "link": "https://www.sec.gov/Archives/edgar/data/1013237/000143774915013479/0001437749-15-013479-index.htm",
    "finalLink": "https://www.sec.gov/Archives/edgar/data/1013237/000143774915013479/fds20150630_10q.htm"
  },
  {
    "date": "2015-02-28",
    "symbol": "FDS",
    "reportedCurrency": "USD",
    "cik": "0001013237",
    "fillingDate": "2015-04-09",
    "acceptedDate": "2015-04-09 13:41:23",
    "calendarYear": "2015",
    "period": "Q2",
    "revenue": 247792000,
    "costOfRevenue": 99516000,
    "grossProfit": 148276000,
    "grossProfitRatio": 0.5983889714,
    "researchAndDevelopmentExpenses": 0,
    "generalAndAdministrativeExpenses": 67628000,
    "sellingAndMarketingExpenses": 0,
    "sellingGeneralAndAdministrativeExpenses": 67628000,
    "otherExpenses": 0,
    "operatingExpenses": 67628000,
    "costAndExpenses": 167144000,
    "interestIncome": 0,
    "interestExpense": 0,
    "depreciationAndAmortization": 8006000,
    "ebitda": 88654000,
    "ebitdaratio": 0.3577758765,
    "operatingIncome": 80648000,
    "operatingIncomeRatio": 0.3254665203,
    "totalOtherIncomeExpensesNet": 534000,
    "incomeBeforeTax": 81182000,
    "incomeBeforeTaxRatio": 0.3276215536,
    "incomeTaxExpense": 19584000,
    "netIncome": 61598000,
    "netIncomeRatio": 0.248587525,
    "eps": 1.48,
    "epsdiluted": 1.46,
    "weightedAverageShsOut": 41630000,
    "weightedAverageShsOutDil": 42306000,
    "link": "https://www.sec.gov/Archives/edgar/data/1013237/000143774915007095/0001437749-15-007095-index.htm",
    "finalLink": "https://www.sec.gov/Archives/edgar/data/1013237/000143774915007095/fds20150228_10q.htm"
  },
  {
    "date": "2014-11-30",
    "symbol": "FDS",
    "reportedCurrency": "USD",
    "cik": "0001013237",
    "fillingDate": "2015-01-09",
    "acceptedDate": "2015-01-09 14:35:15",
    "calendarYear": "2015",
    "period": "Q1",
    "revenue": 242676000,
    "costOfRevenue": 97543000,
    "grossProfit": 145133000,
    "grossProfitRatio": 0.5980525474,
    "researchAndDevelopmentExpenses": 0,
    "generalAndAdministrativeExpenses": 64873000,
    "sellingAndMarketingExpenses": 0,
    "sellingGeneralAndAdministrativeExpenses": 64873000,
    "otherExpenses": 0,
    "operatingExpenses": 64873000,
    "costAndExpenses": 162416000,
    "interestIncome": 0,
    "interestExpense": 0,
    "depreciationAndAmortization": 8216000,
    "ebitda": 88476000,
    "ebitdaratio": 0.3645848786,
    "operatingIncome": 80260000,
    "operatingIncomeRatio": 0.3307290379,
    "totalOtherIncomeExpensesNet": 430000,
    "incomeBeforeTax": 80690000,
    "incomeBeforeTaxRatio": 0.3325009478,
    "incomeTaxExpense": 24830000,
    "netIncome": 55860000,
    "netIncomeRatio": 0.2301834545,
    "eps": 1.34,
    "epsdiluted": 1.32,
    "weightedAverageShsOut": 41579000,
    "weightedAverageShsOutDil": 42340000,
    "link": "https://www.sec.gov/Archives/edgar/data/1013237/000143774915000501/0001437749-15-000501-index.htm",
    "finalLink": "https://www.sec.gov/Archives/edgar/data/1013237/000143774915000501/fds20141130_10q.htm"
  },
  {
    "date": "2014-08-31",
    "symbol": "FDS",
    "reportedCurrency": "USD",
    "cik": "0001013237",
    "fillingDate": "2014-10-30",
    "acceptedDate": "2014-10-30 13:46:05",
    "calendarYear": "2014",
    "period": "Q4",
    "revenue": 238664000,
    "costOfRevenue": 92521000,
    "grossProfit": 146143000,
    "grossProfitRatio": 0.6123378474,
    "researchAndDevelopmentExpenses": 0,
    "generalAndAdministrativeExpenses": 66757000,
    "sellingAndMarketingExpenses": 0,
    "sellingGeneralAndAdministrativeExpenses": 66757000,
    "otherExpenses": 0,
    "operatingExpenses": 66757000,
    "costAndExpenses": 159278000,
    "interestIncome": 0,
    "interestExpense": 0,
    "depreciationAndAmortization": 8583000,
    "ebitda": 87969000,
    "ebitdaratio": 0.3685893138,
    "operatingIncome": 79386000,
    "operatingIncomeRatio": 0.3326266215,
    "totalOtherIncomeExpensesNet": 227000,
    "incomeBeforeTax": 79613000,
    "incomeBeforeTaxRatio": 0.3335777495,
    "incomeTaxExpense": 24206000,
    "netIncome": 55407000,
    "netIncomeRatio": 0.2321548285,
    "eps": 1.33,
    "epsdiluted": 1.3,
    "weightedAverageShsOut": 41793000,
    "weightedAverageShsOutDil": 42386000,
    "link": "https://www.sec.gov/Archives/edgar/data/1013237/000143774914019084/0001437749-14-019084-index.htm",
    "finalLink": "https://www.sec.gov/Archives/edgar/data/1013237/000143774914019084/fds20140831_10k.htm"
  },
  {
    "date": "2014-05-31",
    "symbol": "FDS",
    "reportedCurrency": "USD",
    "cik": "0001013237",
    "fillingDate": "2014-07-10",
    "acceptedDate": "2014-07-10 15:05:00",
    "calendarYear": "2014",
    "period": "Q3",
    "revenue": 231761000,
    "costOfRevenue": 90661000,
    "grossProfit": 141100000,
    "grossProfitRatio": 0.6088168415,
    "researchAndDevelopmentExpenses": 0,
    "generalAndAdministrativeExpenses": 68063000,
    "sellingAndMarketingExpenses": 0,
    "sellingGeneralAndAdministrativeExpenses": 68063000,
    "otherExpenses": 0,
    "operatingExpenses": 68063000,
    "costAndExpenses": 158724000,
    "interestIncome": 0,
    "interestExpense": 0,
    "depreciationAndAmortization": 8410000,
    "ebitda": 81447000,
    "ebitdaratio": 0.3514266852,
    "operatingIncome": 73037000,
    "operatingIncomeRatio": 0.315139303,
    "totalOtherIncomeExpensesNet": 334000,
    "incomeBeforeTax": 73371000,
    "incomeBeforeTaxRatio": 0.3165804428,
    "incomeTaxExpense": 21839000,
    "netIncome": 51532000,
    "netIncomeRatio": 0.2223497482,
    "eps": 1.23,
    "epsdiluted": 1.21,
    "weightedAverageShsOut": 42016000,
    "weightedAverageShsOutDil": 42615000,
    "link": "https://www.sec.gov/Archives/edgar/data/1013237/000143774914012621/0001437749-14-012621-index.htm",
    "finalLink": "https://www.sec.gov/Archives/edgar/data/1013237/000143774914012621/fds20140531_10q.htm"
  },
  {
    "date": "2014-02-28",
    "symbol": "FDS",
    "reportedCurrency": "USD",
    "cik": "0001013237",
    "fillingDate": "2014-04-09",
    "acceptedDate": "2014-04-09 15:39:03",
    "calendarYear": "2014",
    "period": "Q2",
    "revenue": 226934000,
    "costOfRevenue": 87254000,
    "grossProfit": 139680000,
    "grossProfitRatio": 0.6155093551,
    "researchAndDevelopmentExpenses": 0,
    "generalAndAdministrativeExpenses": 64626000,
    "sellingAndMarketingExpenses": 0,
    "sellingGeneralAndAdministrativeExpenses": 64626000,
    "otherExpenses": 0,
    "operatingExpenses": 64626000,
    "costAndExpenses": 151880000,
    "interestIncome": 0,
    "interestExpense": 0,
    "depreciationAndAmortization": 8679000,
    "ebitda": 83733000,
    "ebitdaratio": 0.3689751205,
    "operatingIncome": 75054000,
    "operatingIncomeRatio": 0.3307305208,
    "totalOtherIncomeExpensesNet": 344000,
    "incomeBeforeTax": 75398000,
    "incomeBeforeTaxRatio": 0.33224638,
    "incomeTaxExpense": 22972000,
    "netIncome": 52426000,
    "netIncomeRatio": 0.2310187103,
    "eps": 1.24,
    "epsdiluted": 1.22,
    "weightedAverageShsOut": 42362000,
    "weightedAverageShsOutDil": 43107000,
    "link": "https://www.sec.gov/Archives/edgar/data/1013237/000143774914006351/0001437749-14-006351-index.htm",
    "finalLink": "https://www.sec.gov/Archives/edgar/data/1013237/000143774914006351/fds20140228_10q.htm"
  },
  {
    "date": "2013-11-30",
    "symbol": "FDS",
    "reportedCurrency": "USD",
    "cik": "0001013237",
    "fillingDate": "2014-01-09",
    "acceptedDate": "2014-01-09 14:52:28",
    "calendarYear": "2014",
    "period": "Q1",
    "revenue": 222975000,
    "costOfRevenue": 83250000,
    "grossProfit": 139725000,
    "grossProfitRatio": 0.6266397578,
    "researchAndDevelopmentExpenses": 0,
    "generalAndAdministrativeExpenses": 64985000,
    "sellingAndMarketingExpenses": 0,
    "sellingGeneralAndAdministrativeExpenses": 64985000,
    "otherExpenses": 0,
    "operatingExpenses": 64985000,
    "costAndExpenses": 148235000,
    "interestIncome": 0,
    "interestExpense": 0,
    "depreciationAndAmortization": 8763000,
    "ebitda": 83503000,
    "ebitdaratio": 0.3744948985,
    "operatingIncome": 74740000,
    "operatingIncomeRatio": 0.3351945285,
    "totalOtherIncomeExpensesNet": 341000,
    "incomeBeforeTax": 75081000,
    "incomeBeforeTaxRatio": 0.336723848,
    "incomeTaxExpense": 22903000,
    "netIncome": 52178000,
    "netIncomeRatio": 0.2340082969,
    "eps": 1.21,
    "epsdiluted": 1.19,
    "weightedAverageShsOut": 42988000,
    "weightedAverageShsOutDil": 43773000,
    "link": "https://www.sec.gov/Archives/edgar/data/1013237/000143774914000407/0001437749-14-000407-index.htm",
    "finalLink": "https://www.sec.gov/Archives/edgar/data/1013237/000143774914000407/fds20131130_10q.htm"
  },
  {
    "date": "2013-08-31",
    "symbol": "FDS",
    "reportedCurrency": "USD",
    "cik": "0001013237",
    "fillingDate": "2013-10-30",
    "acceptedDate": "2013-10-30 15:42:35",
    "calendarYear": "2013",
    "period": "Q4",
    "revenue": 219332000,
    "costOfRevenue": 80231000,
    "grossProfit": 139101000,
    "grossProfitRatio": 0.6342029435,
    "researchAndDevelopmentExpenses": 0,
    "generalAndAdministrativeExpenses": 68568000,
    "sellingAndMarketingExpenses": -1000,
    "sellingGeneralAndAdministrativeExpenses": 68567000,
    "otherExpenses": 0,
    "operatingExpenses": 68567000,
    "costAndExpenses": 148798000,
    "interestIncome": 0,
    "interestExpense": 0,
    "depreciationAndAmortization": 8838000,
    "ebitda": 79372000,
    "ebitdaratio": 0.3618806193,
    "operatingIncome": 70534000,
    "operatingIncomeRatio": 0.3215855416,
    "totalOtherIncomeExpensesNet": 346000,
    "incomeBeforeTax": 70880000,
    "incomeBeforeTaxRatio": 0.3231630587,
    "incomeTaxExpense": 19916000,
    "netIncome": 50964000,
    "netIncomeRatio": 0.2323600751,
    "eps": 1.18,
    "epsdiluted": 1.16,
    "weightedAverageShsOut": 43324000,
    "weightedAverageShsOutDil": 44043000,
    "link": "https://www.sec.gov/Archives/edgar/data/1013237/000143774913013610/0001437749-13-013610-index.htm",
    "finalLink": "https://www.sec.gov/Archives/edgar/data/1013237/000143774913013610/fds20130831_10k.htm"
  },
  {
    "date": "2013-05-31",
    "symbol": "FDS",
    "reportedCurrency": "USD",
    "cik": "0001013237",
    "fillingDate": "2013-07-10",
    "acceptedDate": "2013-07-10 13:49:14",
    "calendarYear": "2013",
    "period": "Q3",
    "revenue": 214613000,
    "costOfRevenue": 76721000,
    "grossProfit": 137892000,
    "grossProfitRatio": 0.6425146659,
    "researchAndDevelopmentExpenses": 0,
    "generalAndAdministrativeExpenses": 66255000,
    "sellingAndMarketingExpenses": 0,
    "sellingGeneralAndAdministrativeExpenses": 66255000,
    "otherExpenses": 0,
    "operatingExpenses": 66255000,
    "costAndExpenses": 142976000,
    "interestIncome": 0,
    "interestExpense": 0,
    "depreciationAndAmortization": 8931000,
    "ebitda": 80568000,
    "ebitdaratio": 0.3754106228,
    "operatingIncome": 71637000,
    "operatingIncomeRatio": 0.333796182,
    "totalOtherIncomeExpensesNet": 361000,
    "incomeBeforeTax": 71998000,
    "incomeBeforeTaxRatio": 0.3354782795,
    "incomeTaxExpense": 18631000,
    "netIncome": 53367000,
    "netIncomeRatio": 0.2486662038,
    "eps": 1.21,
    "epsdiluted": 1.2,
    "weightedAverageShsOut": 44038000,
    "weightedAverageShsOutDil": 44485000,
    "link": "https://www.sec.gov/Archives/edgar/data/1013237/000143774913008617/0001437749-13-008617-index.htm",
    "finalLink": "https://www.sec.gov/Archives/edgar/data/1013237/000143774913008617/fds20130628_10q.htm"
  },
  {
    "date": "2013-02-28",
    "symbol": "FDS",
    "reportedCurrency": "USD",
    "cik": "0001013237",
    "fillingDate": "2013-04-09",
    "acceptedDate": "2013-04-09 11:43:40",
    "calendarYear": "2013",
    "period": "Q2",
    "revenue": 213083000,
    "costOfRevenue": 75842000,
    "grossProfit": 137241000,
    "grossProfitRatio": 0.6440729669,
    "researchAndDevelopmentExpenses": 0,
    "generalAndAdministrativeExpenses": 81077000,
    "sellingAndMarketingExpenses": 0,
    "sellingGeneralAndAdministrativeExpenses": 81077000,
    "otherExpenses": 0,
    "operatingExpenses": 81077000,
    "costAndExpenses": 156919000,
    "interestIncome": 0,
    "interestExpense": 0,
    "depreciationAndAmortization": 9093000,
    "ebitda": 65257000,
    "ebitdaratio": 0.3062515546,
    "operatingIncome": 56164000,
    "operatingIncomeRatio": 0.2635780424,
    "totalOtherIncomeExpensesNet": 357000,
    "incomeBeforeTax": 56521000,
    "incomeBeforeTaxRatio": 0.2652534458,
    "incomeTaxExpense": 11982000,
    "netIncome": 44539000,
    "netIncomeRatio": 0.2090218366,
    "eps": 1.02,
    "epsdiluted": 1,
    "weightedAverageShsOut": 43579000,
    "weightedAverageShsOutDil": 44455000,
    "link": "https://www.sec.gov/Archives/edgar/data/1013237/000143774913004187/0001437749-13-004187-index.htm",
    "finalLink": "https://www.sec.gov/Archives/edgar/data/1013237/000143774913004187/fds_10q-022813.htm"
  },
  {
    "date": "2012-11-30",
    "symbol": "FDS",
    "reportedCurrency": "USD",
    "cik": "0001013237",
    "fillingDate": "2013-01-09",
    "acceptedDate": "2013-01-09 13:23:59",
    "calendarYear": "2013",
    "period": "Q1",
    "revenue": 211085000,
    "costOfRevenue": 73586000,
    "grossProfit": 137499000,
    "grossProfitRatio": 0.6513916195,
    "researchAndDevelopmentExpenses": 0,
    "generalAndAdministrativeExpenses": 66414000,
    "sellingAndMarketingExpenses": 0,
    "sellingGeneralAndAdministrativeExpenses": 66414000,
    "otherExpenses": 0,
    "operatingExpenses": 66414000,
    "costAndExpenses": 140000000,
    "interestIncome": 0,
    "interestExpense": 0,
    "depreciationAndAmortization": 8917000,
    "ebitda": 80002000,
    "ebitdaratio": 0.3790037189,
    "operatingIncome": 71085000,
    "operatingIncomeRatio": 0.336760073,
    "totalOtherIncomeExpensesNet": 428000,
    "incomeBeforeTax": 71513000,
    "incomeBeforeTaxRatio": 0.3387876922,
    "incomeTaxExpense": 21744000,
    "netIncome": 49769000,
    "netIncomeRatio": 0.2357770566,
    "eps": 1.12,
    "epsdiluted": 1.11,
    "weightedAverageShsOut": 44342000,
    "weightedAverageShsOutDil": 44984000,
    "link": "https://www.sec.gov/Archives/edgar/data/1013237/000143774913000323/0001437749-13-000323-index.htm",
    "finalLink": "https://www.sec.gov/Archives/edgar/data/1013237/000143774913000323/frs_10q-113012.htm"
  },
  {
    "date": "2012-08-31",
    "symbol": "FDS",
    "reportedCurrency": "USD",
    "cik": "0001013237",
    "fillingDate": "2012-10-30",
    "acceptedDate": "2012-10-30 12:53:58",
    "calendarYear": "2012",
    "period": "Q4",
    "revenue": 207663000,
    "costOfRevenue": 72295000,
    "grossProfit": 135368000,
    "grossProfitRatio": 0.6518638371,
    "researchAndDevelopmentExpenses": 0,
    "generalAndAdministrativeExpenses": 64742000,
    "sellingAndMarketingExpenses": -1000,
    "sellingGeneralAndAdministrativeExpenses": 64741000,
    "otherExpenses": 0,
    "operatingExpenses": 64741000,
    "costAndExpenses": 137036000,
    "interestIncome": 0,
    "interestExpense": 0,
    "depreciationAndAmortization": 8733000,
    "ebitda": 79360000,
    "ebitdaratio": 0.3821576304,
    "operatingIncome": 70627000,
    "operatingIncomeRatio": 0.3401039184,
    "totalOtherIncomeExpensesNet": 459000,
    "incomeBeforeTax": 71086000,
    "incomeBeforeTaxRatio": 0.3423142303,
    "incomeTaxExpense": 22547000,
    "netIncome": 48539000,
    "netIncomeRatio": 0.2337392795,
    "eps": 1.1,
    "epsdiluted": 1.08,
    "weightedAverageShsOut": 44279000,
    "weightedAverageShsOutDil": 45152000,
    "link": "https://www.sec.gov/Archives/edgar/data/1013237/000143774912010651/0001437749-12-010651-index.htm",
    "finalLink": "https://www.sec.gov/Archives/edgar/data/1013237/000143774912010651/fds_10k-083112.htm"
  },
  {
    "date": "2012-05-31",
    "symbol": "FDS",
    "reportedCurrency": "USD",
    "cik": "0001013237",
    "fillingDate": "2012-07-10",
    "acceptedDate": "2012-07-10 16:36:11",
    "calendarYear": "2012",
    "period": "Q3",
    "revenue": 202311000,
    "costOfRevenue": 68878000,
    "grossProfit": 133433000,
    "grossProfitRatio": 0.6595439694,
    "researchAndDevelopmentExpenses": 0,
    "generalAndAdministrativeExpenses": 64939000,
    "sellingAndMarketingExpenses": 0,
    "sellingGeneralAndAdministrativeExpenses": 64939000,
    "otherExpenses": 0,
    "operatingExpenses": 64939000,
    "costAndExpenses": 133817000,
    "interestIncome": 0,
    "interestExpense": 0,
    "depreciationAndAmortization": 8354000,
    "ebitda": 76848000,
    "ebitdaratio": 0.3798508237,
    "operatingIncome": 68494000,
    "operatingIncomeRatio": 0.3385579627,
    "totalOtherIncomeExpensesNet": 483000,
    "incomeBeforeTax": 68977000,
    "incomeBeforeTaxRatio": 0.3409453762,
    "incomeTaxExpense": 20997000,
    "netIncome": 47980000,
    "netIncomeRatio": 0.2371596206,
    "eps": 1.07,
    "epsdiluted": 1.05,
    "weightedAverageShsOut": 44815000,
    "weightedAverageShsOutDil": 45736000,
    "link": "https://www.sec.gov/Archives/edgar/data/1013237/000143774912006806/0001437749-12-006806-index.htm",
    "finalLink": "https://www.sec.gov/Archives/edgar/data/1013237/000143774912006806/frs_10q-053112.htm"
  },
  {
    "date": "2012-02-29",
    "symbol": "FDS",
    "reportedCurrency": "USD",
    "cik": "0001013237",
    "fillingDate": "2012-04-09",
    "acceptedDate": "2012-04-09 14:07:07",
    "calendarYear": "2012",
    "period": "Q2",
    "revenue": 199371000,
    "costOfRevenue": 67531000,
    "grossProfit": 131840000,
    "grossProfitRatio": 0.6612797247,
    "researchAndDevelopmentExpenses": 0,
    "generalAndAdministrativeExpenses": 64723000,
    "sellingAndMarketingExpenses": 0,
    "sellingGeneralAndAdministrativeExpenses": 64723000,
    "otherExpenses": 0,
    "operatingExpenses": 64723000,
    "costAndExpenses": 132254000,
    "interestIncome": 0,
    "interestExpense": 0,
    "depreciationAndAmortization": 8289000,
    "ebitda": 75406000,
    "ebitdaratio": 0.3782195003,
    "operatingIncome": 67117000,
    "operatingIncomeRatio": 0.3366437446,
    "totalOtherIncomeExpensesNet": 496000,
    "incomeBeforeTax": 67613000,
    "incomeBeforeTaxRatio": 0.3391315688,
    "incomeTaxExpense": 20867000,
    "netIncome": 46746000,
    "netIncomeRatio": 0.2344674,
    "eps": 1.04,
    "epsdiluted": 1.02,
    "weightedAverageShsOut": 44761000,
    "weightedAverageShsOutDil": 45707000,
    "link": "https://www.sec.gov/Archives/edgar/data/1013237/000143774912003528/0001437749-12-003528-index.htm",
    "finalLink": "https://www.sec.gov/Archives/edgar/data/1013237/000143774912003528/factset_10q-022912.htm"
  },
  {
    "date": "2011-11-30",
    "symbol": "FDS",
    "reportedCurrency": "USD",
    "cik": "0001013237",
    "fillingDate": "2012-01-09",
    "acceptedDate": "2012-01-09 13:50:48",
    "calendarYear": "2012",
    "period": "Q1",
    "revenue": 196448000,
    "costOfRevenue": 66833000,
    "grossProfit": 129615000,
    "grossProfitRatio": 0.6597929223,
    "researchAndDevelopmentExpenses": 0,
    "generalAndAdministrativeExpenses": 62862000,
    "sellingAndMarketingExpenses": 0,
    "sellingGeneralAndAdministrativeExpenses": 62862000,
    "otherExpenses": 0,
    "operatingExpenses": 62862000,
    "costAndExpenses": 129695000,
    "interestIncome": 0,
    "interestExpense": 0,
    "depreciationAndAmortization": 8403000,
    "ebitda": 75156000,
    "ebitdaratio": 0.3825745235,
    "operatingIncome": 66753000,
    "operatingIncomeRatio": 0.3397998453,
    "totalOtherIncomeExpensesNet": 277000,
    "incomeBeforeTax": 67030000,
    "incomeBeforeTaxRatio": 0.3412098876,
    "incomeTaxExpense": 21486000,
    "netIncome": 45544000,
    "netIncomeRatio": 0.2318374328,
    "eps": 1.01,
    "epsdiluted": 0.99,
    "weightedAverageShsOut": 45114000,
    "weightedAverageShsOutDil": 46103000,
    "link": "https://www.sec.gov/Archives/edgar/data/1013237/000143774912000310/0001437749-12-000310-index.htm",
    "finalLink": "https://www.sec.gov/Archives/edgar/data/1013237/000143774912000310/fsrs_10q-113011.htm"
  },
  {
    "date": "2011-08-31",
    "symbol": "FDS",
    "reportedCurrency": "USD",
    "cik": "0001013237",
    "fillingDate": "2011-10-31",
    "acceptedDate": "2011-10-31 15:35:51",
    "calendarYear": "2011",
    "period": "Q4",
    "revenue": 191939000,
    "costOfRevenue": 65477000,
    "grossProfit": 126462000,
    "grossProfitRatio": 0.6588655771,
    "researchAndDevelopmentExpenses": 0,
    "generalAndAdministrativeExpenses": 67472000,
    "sellingAndMarketingExpenses": 0,
    "sellingGeneralAndAdministrativeExpenses": 67472000,
    "otherExpenses": 0,
    "operatingExpenses": 67472000,
    "costAndExpenses": 132949000,
    "interestIncome": 0,
    "interestExpense": 0,
    "depreciationAndAmortization": 8897000,
    "ebitda": 67887000,
    "ebitdaratio": 0.3536904954,
    "operatingIncome": 58990000,
    "operatingIncomeRatio": 0.3073372269,
    "totalOtherIncomeExpensesNet": 194000,
    "incomeBeforeTax": 59184000,
    "incomeBeforeTaxRatio": 0.3083479647,
    "incomeTaxExpense": 18304000,
    "netIncome": 40880000,
    "netIncomeRatio": 0.2129843336,
    "eps": 0.91,
    "epsdiluted": 0.91,
    "weightedAverageShsOut": 45114000,
    "weightedAverageShsOutDil": 45114000,
    "link": "https://www.sec.gov/Archives/edgar/data/1013237/000119312511288590/0001193125-11-288590-index.htm",
    "finalLink": "https://www.sec.gov/Archives/edgar/data/1013237/000119312511288590/d235920d10k.htm"
  },
  {
    "date": "2011-05-31",
    "symbol": "FDS",
    "reportedCurrency": "USD",
    "cik": "0001013237",
    "fillingDate": "2011-07-11",
    "acceptedDate": "2011-07-11 15:50:33",
    "calendarYear": "2011",
    "period": "Q3",
    "revenue": 183647000,
    "costOfRevenue": 62224000,
    "grossProfit": 121423000,
    "grossProfitRatio": 0.6611760606,
    "researchAndDevelopmentExpenses": 0,
    "generalAndAdministrativeExpenses": 59600000,
    "sellingAndMarketingExpenses": 0,
    "sellingGeneralAndAdministrativeExpenses": 59600000,
    "otherExpenses": 0,
    "operatingExpenses": 59600000,
    "costAndExpenses": 121824000,
    "interestIncome": 0,
    "interestExpense": 0,
    "depreciationAndAmortization": 9192000,
    "ebitda": 71015000,
    "ebitdaratio": 0.386692949,
    "operatingIncome": 61823000,
    "operatingIncomeRatio": 0.3366404025,
    "totalOtherIncomeExpensesNet": 172000,
    "incomeBeforeTax": 61995000,
    "incomeBeforeTaxRatio": 0.3375769819,
    "incomeTaxExpense": 18684000,
    "netIncome": 43311000,
    "netIncomeRatio": 0.2358383203,
    "eps": 0.95,
    "epsdiluted": 0.92,
    "weightedAverageShsOut": 45830000,
    "weightedAverageShsOutDil": 47154000,
    "link": "https://www.sec.gov/Archives/edgar/data/1013237/000119312511185908/0001193125-11-185908-index.htm",
    "finalLink": "https://www.sec.gov/Archives/edgar/data/1013237/000119312511185908/d10q.htm"
  },
  {
    "date": "2011-02-28",
    "symbol": "FDS",
    "reportedCurrency": "USD",
    "cik": "0001013237",
    "fillingDate": "2011-04-06",
    "acceptedDate": "2011-04-06 13:21:36",
    "calendarYear": "2011",
    "period": "Q2",
    "revenue": 177635000,
    "costOfRevenue": 60137000,
    "grossProfit": 117498000,
    "grossProfitRatio": 0.661457483,
    "researchAndDevelopmentExpenses": 0,
    "generalAndAdministrativeExpenses": 59405000,
    "sellingAndMarketingExpenses": 0,
    "sellingGeneralAndAdministrativeExpenses": 59405000,
    "otherExpenses": 0,
    "operatingExpenses": 59405000,
    "costAndExpenses": 119542000,
    "interestIncome": 0,
    "interestExpense": 0,
    "depreciationAndAmortization": 9366000,
    "ebitda": 67459000,
    "ebitdaratio": 0.3797618713,
    "operatingIncome": 58093000,
    "operatingIncomeRatio": 0.3270357756,
    "totalOtherIncomeExpensesNet": 132000,
    "incomeBeforeTax": 58225000,
    "incomeBeforeTaxRatio": 0.3277788724,
    "incomeTaxExpense": 12971000,
    "netIncome": 45254000,
    "netIncomeRatio": 0.2547583528,
    "eps": 0.98,
    "epsdiluted": 0.95,
    "weightedAverageShsOut": 46226000,
    "weightedAverageShsOutDil": 47427000,
    "link": "https://www.sec.gov/Archives/edgar/data/1013237/000119312511089990/0001193125-11-089990-index.htm",
    "finalLink": "https://www.sec.gov/Archives/edgar/data/1013237/000119312511089990/d10q.htm"
  },
  {
    "date": "2010-11-30",
    "symbol": "FDS",
    "reportedCurrency": "USD",
    "cik": "0001013237",
    "fillingDate": "2011-01-10",
    "acceptedDate": "2011-01-10 15:11:01",
    "calendarYear": "2011",
    "period": "Q1",
    "revenue": 173289000,
    "costOfRevenue": 56785000,
    "grossProfit": 116504000,
    "grossProfitRatio": 0.6723104179,
    "researchAndDevelopmentExpenses": 0,
    "generalAndAdministrativeExpenses": 57075000,
    "sellingAndMarketingExpenses": 0,
    "sellingGeneralAndAdministrativeExpenses": 57075000,
    "otherExpenses": 0,
    "operatingExpenses": 57075000,
    "costAndExpenses": 113860000,
    "interestIncome": 0,
    "interestExpense": 0,
    "depreciationAndAmortization": 9392000,
    "ebitda": 68821000,
    "ebitdaratio": 0.3971458084,
    "operatingIncome": 59429000,
    "operatingIncomeRatio": 0.3429473308,
    "totalOtherIncomeExpensesNet": 125000,
    "incomeBeforeTax": 59554000,
    "incomeBeforeTaxRatio": 0.3436686691,
    "incomeTaxExpense": 17953000,
    "netIncome": 41601000,
    "netIncomeRatio": 0.240067171,
    "eps": 0.9,
    "epsdiluted": 0.88,
    "weightedAverageShsOut": 46347000,
    "weightedAverageShsOutDil": 47487000,
    "link": "https://www.sec.gov/Archives/edgar/data/1013237/000119312511005034/0001193125-11-005034-index.htm",
    "finalLink": "https://www.sec.gov/Archives/edgar/data/1013237/000119312511005034/d10q.htm"
  },
  {
    "date": "2010-08-31",
    "symbol": "FDS",
    "reportedCurrency": "USD",
    "cik": "0001013237",
    "fillingDate": "2010-10-29",
    "acceptedDate": "2010-10-29 15:32:44",
    "calendarYear": "2010",
    "period": "Q4",
    "revenue": 168234000,
    "costOfRevenue": 53918000,
    "grossProfit": 114316000,
    "grossProfitRatio": 0.6795059263,
    "researchAndDevelopmentExpenses": 0,
    "generalAndAdministrativeExpenses": 56886000,
    "sellingAndMarketingExpenses": 0,
    "sellingGeneralAndAdministrativeExpenses": 56886000,
    "otherExpenses": 0,
    "operatingExpenses": 56886000,
    "costAndExpenses": 110804000,
    "interestIncome": 0,
    "interestExpense": 0,
    "depreciationAndAmortization": 9919000,
    "ebitda": 67349000,
    "ebitdaratio": 0.4003293032,
    "operatingIncome": 57430000,
    "operatingIncomeRatio": 0.3413697588,
    "totalOtherIncomeExpensesNet": 72000,
    "incomeBeforeTax": 57502000,
    "incomeBeforeTaxRatio": 0.3417977341,
    "incomeTaxExpense": 18211000,
    "netIncome": 39291000,
    "netIncomeRatio": 0.2335496986,
    "eps": 0.85,
    "epsdiluted": 0.85,
    "weightedAverageShsOut": 46176000,
    "weightedAverageShsOutDil": 46347000,
    "link": "https://www.sec.gov/Archives/edgar/data/1013237/000119312510241170/0001193125-10-241170-index.htm",
    "finalLink": "https://www.sec.gov/Archives/edgar/data/1013237/000119312510241170/d10k.htm"
  },
  {
    "date": "2010-05-31",
    "symbol": "FDS",
    "reportedCurrency": "USD",
    "cik": "0001013237",
    "fillingDate": "2010-07-09",
    "acceptedDate": "2010-07-09 17:05:22",
    "calendarYear": "2010",
    "period": "Q3",
    "revenue": 160301000,
    "costOfRevenue": 51355000,
    "grossProfit": 108946000,
    "grossProfitRatio": 0.6796339387,
    "researchAndDevelopmentExpenses": 0,
    "generalAndAdministrativeExpenses": 53262000,
    "sellingAndMarketingExpenses": 0,
    "sellingGeneralAndAdministrativeExpenses": 53262000,
    "otherExpenses": 0,
    "operatingExpenses": 53262000,
    "costAndExpenses": 104617000,
    "interestIncome": 0,
    "interestExpense": 0,
    "depreciationAndAmortization": 9213000,
    "ebitda": 64897000,
    "ebitdaratio": 0.404844636,
    "operatingIncome": 55684000,
    "operatingIncomeRatio": 0.3473715074,
    "totalOtherIncomeExpensesNet": 86000,
    "incomeBeforeTax": 55770000,
    "incomeBeforeTaxRatio": 0.3479079981,
    "incomeTaxExpense": 17112000,
    "netIncome": 38658000,
    "netIncomeRatio": 0.24115882,
    "eps": 0.83,
    "epsdiluted": 0.81,
    "weightedAverageShsOut": 47413000,
    "weightedAverageShsOutDil": 47725000,
    "link": "https://www.sec.gov/Archives/edgar/data/1013237/000119312510156656/0001193125-10-156656-index.htm",
    "finalLink": "https://www.sec.gov/Archives/edgar/data/1013237/000119312510156656/d10q.htm"
  },
  {
    "date": "2010-02-28",
    "symbol": "FDS",
    "reportedCurrency": "USD",
    "cik": "0001013237",
    "fillingDate": "2010-04-09",
    "acceptedDate": "2010-04-09 14:01:22",
    "calendarYear": "2010",
    "period": "Q2",
    "revenue": 157281000,
    "costOfRevenue": 50870000,
    "grossProfit": 106411000,
    "grossProfitRatio": 0.6765661459,
    "researchAndDevelopmentExpenses": 0,
    "generalAndAdministrativeExpenses": 51938000,
    "sellingAndMarketingExpenses": 0,
    "sellingGeneralAndAdministrativeExpenses": 51938000,
    "otherExpenses": 0,
    "operatingExpenses": 51938000,
    "costAndExpenses": 102808000,
    "interestIncome": 0,
    "interestExpense": 0,
    "depreciationAndAmortization": 9062000,
    "ebitda": 63535000,
    "ebitdaratio": 0.4039585201,
    "operatingIncome": 54473000,
    "operatingIncomeRatio": 0.3463418976,
    "totalOtherIncomeExpensesNet": 151000,
    "incomeBeforeTax": 54624000,
    "incomeBeforeTaxRatio": 0.3473019627,
    "incomeTaxExpense": 18505000,
    "netIncome": 36119000,
    "netIncomeRatio": 0.2296463018,
    "eps": 0.77,
    "epsdiluted": 0.75,
    "weightedAverageShsOut": 47156000,
    "weightedAverageShsOutDil": 48066000,
    "link": "https://www.sec.gov/Archives/edgar/data/1013237/000119312510080345/0001193125-10-080345-index.htm",
    "finalLink": "https://www.sec.gov/Archives/edgar/data/1013237/000119312510080345/d10q.htm"
  },
  {
    "date": "2009-11-30",
    "symbol": "FDS",
    "reportedCurrency": "USD",
    "cik": "0001013237",
    "fillingDate": "2010-01-08",
    "acceptedDate": "2010-01-08 16:20:29",
    "calendarYear": "2010",
    "period": "Q1",
    "revenue": 155243000,
    "costOfRevenue": 50407000,
    "grossProfit": 104836000,
    "grossProfitRatio": 0.6753025901,
    "researchAndDevelopmentExpenses": 0,
    "generalAndAdministrativeExpenses": 50789000,
    "sellingAndMarketingExpenses": 0,
    "sellingGeneralAndAdministrativeExpenses": 50789000,
    "otherExpenses": 0,
    "operatingExpenses": 50789000,
    "costAndExpenses": 101196000,
    "interestIncome": 0,
    "interestExpense": 0,
    "depreciationAndAmortization": 9149000,
    "ebitda": 63196000,
    "ebitdaratio": 0.4070779359,
    "operatingIncome": 54047000,
    "operatingIncomeRatio": 0.3481445218,
    "totalOtherIncomeExpensesNet": 238000,
    "incomeBeforeTax": 54285000,
    "incomeBeforeTaxRatio": 0.3496776022,
    "incomeTaxExpense": 18142000,
    "netIncome": 36143000,
    "netIncomeRatio": 0.2328156503,
    "eps": 0.77,
    "epsdiluted": 0.74,
    "weightedAverageShsOut": 47117000,
    "weightedAverageShsOutDil": 48876000,
    "link": "https://www.sec.gov/Archives/edgar/data/1013237/000119312510003531/0001193125-10-003531-index.htm",
    "finalLink": "https://www.sec.gov/Archives/edgar/data/1013237/000119312510003531/d10q.htm"
  },
  {
    "date": "2009-08-31",
    "symbol": "FDS",
    "reportedCurrency": "USD",
    "cik": "0001013237",
    "fillingDate": "2009-10-30",
    "acceptedDate": "2009-10-30 14:34:10",
    "calendarYear": "2009",
    "period": "Q4",
    "revenue": 155462000,
    "costOfRevenue": 52647000,
    "grossProfit": 102815000,
    "grossProfitRatio": 0.661351327,
    "researchAndDevelopmentExpenses": 0,
    "generalAndAdministrativeExpenses": 48456000,
    "sellingAndMarketingExpenses": 0,
    "sellingGeneralAndAdministrativeExpenses": 48456000,
    "otherExpenses": 0,
    "operatingExpenses": 48456000,
    "costAndExpenses": 101103000,
    "interestIncome": 0,
    "interestExpense": 0,
    "depreciationAndAmortization": 8770000,
    "ebitda": 63129000,
    "ebitdaratio": 0.4060735099,
    "operatingIncome": 54359000,
    "operatingIncomeRatio": 0.3496610104,
    "totalOtherIncomeExpensesNet": 96000,
    "incomeBeforeTax": 54455000,
    "incomeBeforeTaxRatio": 0.3502785247,
    "incomeTaxExpense": 18180000,
    "netIncome": 36275000,
    "netIncomeRatio": 0.233336764,
    "eps": 0.77,
    "epsdiluted": 0.77,
    "weightedAverageShsOut": 47101000,
    "weightedAverageShsOutDil": 47117000,
    "link": "https://www.sec.gov/Archives/edgar/data/1013237/000119312509218675/0001193125-09-218675-index.htm",
    "finalLink": "https://www.sec.gov/Archives/edgar/data/1013237/000119312509218675/d10k.htm"
  },
  {
    "date": "2009-05-31",
    "symbol": "FDS",
    "reportedCurrency": "USD",
    "cik": "0001013237",
    "fillingDate": "2009-07-10",
    "acceptedDate": "2009-07-10 10:15:35",
    "calendarYear": "2009",
    "period": "Q3",
    "revenue": 154387000,
    "costOfRevenue": 50847000,
    "grossProfit": 103540000,
    "grossProfitRatio": 0.6706523218,
    "researchAndDevelopmentExpenses": 0,
    "generalAndAdministrativeExpenses": 50234000,
    "sellingAndMarketingExpenses": 0,
    "sellingGeneralAndAdministrativeExpenses": 50234000,
    "otherExpenses": 0,
    "operatingExpenses": 50234000,
    "costAndExpenses": 101081000,
    "interestIncome": 0,
    "interestExpense": 0,
    "depreciationAndAmortization": 8566000,
    "ebitda": 61872000,
    "ebitdaratio": 0.4007591313,
    "operatingIncome": 53306000,
    "operatingIncomeRatio": 0.3452751851,
    "totalOtherIncomeExpensesNet": 181000,
    "incomeBeforeTax": 53487000,
    "incomeBeforeTaxRatio": 0.3464475636,
    "incomeTaxExpense": 14951000,
    "netIncome": 38536000,
    "netIncomeRatio": 0.2496065083,
    "eps": 0.82,
    "epsdiluted": 0.79,
    "weightedAverageShsOut": 47120000,
    "weightedAverageShsOutDil": 48836000,
    "link": "https://www.sec.gov/Archives/edgar/data/1013237/000119312509147061/0001193125-09-147061-index.htm",
    "finalLink": "https://www.sec.gov/Archives/edgar/data/1013237/000119312509147061/d10q.htm"
  },
  {
    "date": "2009-02-28",
    "symbol": "FDS",
    "reportedCurrency": "USD",
    "cik": "0001013237",
    "fillingDate": "2009-04-09",
    "acceptedDate": "2009-04-09 10:01:00",
    "calendarYear": "2009",
    "period": "Q2",
    "revenue": 156542000,
    "costOfRevenue": 52537000,
    "grossProfit": 104005000,
    "grossProfitRatio": 0.6643903872,
    "researchAndDevelopmentExpenses": 0,
    "generalAndAdministrativeExpenses": 51969000,
    "sellingAndMarketingExpenses": 0,
    "sellingGeneralAndAdministrativeExpenses": 51969000,
    "otherExpenses": 0,
    "operatingExpenses": 51969000,
    "costAndExpenses": 104506000,
    "interestIncome": 0,
    "interestExpense": 0,
    "depreciationAndAmortization": 8546000,
    "ebitda": 60582000,
    "ebitdaratio": 0.3870015715,
    "operatingIncome": 52036000,
    "operatingIncomeRatio": 0.3324091937,
    "totalOtherIncomeExpensesNet": 197000,
    "incomeBeforeTax": 52233000,
    "incomeBeforeTaxRatio": 0.3336676419,
    "incomeTaxExpense": 17678000,
    "netIncome": 34555000,
    "netIncomeRatio": 0.2207394821,
    "eps": 0.74,
    "epsdiluted": 0.71,
    "weightedAverageShsOut": 47000000,
    "weightedAverageShsOutDil": 48500000,
    "link": "https://www.sec.gov/Archives/edgar/data/1013237/000116923209002037/0001169232-09-002037-index.htm",
    "finalLink": "https://www.sec.gov/Archives/edgar/data/1013237/000116923209002037/d76692_10-q.htm"
  },
  {
    "date": "2008-11-30",
    "symbol": "FDS",
    "reportedCurrency": "USD",
    "cik": "0001013237",
    "fillingDate": "2009-01-09",
    "acceptedDate": "2009-01-09 12:29:18",
    "calendarYear": "2009",
    "period": "Q1",
    "revenue": 155632000,
    "costOfRevenue": 53332000,
    "grossProfit": 102300000,
    "grossProfitRatio": 0.6573198314,
    "researchAndDevelopmentExpenses": 0,
    "generalAndAdministrativeExpenses": 50970000,
    "sellingAndMarketingExpenses": 0,
    "sellingGeneralAndAdministrativeExpenses": 50970000,
    "otherExpenses": 0,
    "operatingExpenses": 50970000,
    "costAndExpenses": 104302000,
    "interestIncome": 0,
    "interestExpense": 0,
    "depreciationAndAmortization": 8455000,
    "ebitda": 59785000,
    "ebitdaratio": 0.3841433638,
    "operatingIncome": 51330000,
    "operatingIncomeRatio": 0.3298164902,
    "totalOtherIncomeExpensesNet": 618000,
    "incomeBeforeTax": 51948000,
    "incomeBeforeTaxRatio": 0.3337873959,
    "incomeTaxExpense": 16363000,
    "netIncome": 35585000,
    "netIncomeRatio": 0.22864835,
    "eps": 0.75,
    "epsdiluted": 0.73,
    "weightedAverageShsOut": 47412000,
    "weightedAverageShsOutDil": 49076000,
    "link": "https://www.sec.gov/Archives/edgar/data/1013237/000119312509003859/0001193125-09-003859-index.htm",
    "finalLink": "https://www.sec.gov/Archives/edgar/data/1013237/000119312509003859/d10q.htm"
  },
  {
    "date": "2008-08-31",
    "symbol": "FDS",
    "reportedCurrency": "USD",
    "cik": "0001013237",
    "fillingDate": "2008-10-30",
    "acceptedDate": "2008-10-30 16:52:47",
    "calendarYear": "2008",
    "period": "Q4",
    "revenue": 153707000,
    "costOfRevenue": 50684000,
    "grossProfit": 103023000,
    "grossProfitRatio": 0.6702557463,
    "researchAndDevelopmentExpenses": 0,
    "generalAndAdministrativeExpenses": 52792000,
    "sellingAndMarketingExpenses": 0,
    "sellingGeneralAndAdministrativeExpenses": 52792000,
    "otherExpenses": 0,
    "operatingExpenses": 52792000,
    "costAndExpenses": 103476000,
    "interestIncome": 0,
    "interestExpense": 0,
    "depreciationAndAmortization": 8156000,
    "ebitda": 58387000,
    "ebitdaratio": 0.3798590825,
    "operatingIncome": 50231000,
    "operatingIncomeRatio": 0.326797088,
    "totalOtherIncomeExpensesNet": 835000,
    "incomeBeforeTax": 51066000,
    "incomeBeforeTaxRatio": 0.3322295016,
    "incomeTaxExpense": 17482000,
    "netIncome": 33584000,
    "netIncomeRatio": 0.2184936275,
    "eps": 0.71,
    "epsdiluted": 0.71,
    "weightedAverageShsOut": 47412000,
    "weightedAverageShsOutDil": 47412000,
    "link": "https://www.sec.gov/Archives/edgar/data/1013237/000119312508220373/0001193125-08-220373-index.htm",
    "finalLink": "https://www.sec.gov/Archives/edgar/data/1013237/000119312508220373/d10k.htm"
  },
  {
    "date": "2008-05-31",
    "symbol": "FDS",
    "reportedCurrency": "USD",
    "cik": "0001013237",
    "fillingDate": "2008-07-10",
    "acceptedDate": "2008-07-10 14:43:23",
    "calendarYear": "2008",
    "period": "Q3",
    "revenue": 147399000,
    "costOfRevenue": 48134000,
    "grossProfit": 99265000,
    "grossProfitRatio": 0.6734441889,
    "researchAndDevelopmentExpenses": 0,
    "generalAndAdministrativeExpenses": 51346000,
    "sellingAndMarketingExpenses": 0,
    "sellingGeneralAndAdministrativeExpenses": 51346000,
    "otherExpenses": 0,
    "operatingExpenses": 51346000,
    "costAndExpenses": 99480000,
    "interestIncome": 0,
    "interestExpense": 0,
    "depreciationAndAmortization": 7566000,
    "ebitda": 55485000,
    "ebitdaratio": 0.3764272485,
    "operatingIncome": 47919000,
    "operatingIncomeRatio": 0.3250971852,
    "totalOtherIncomeExpensesNet": 852000,
    "incomeBeforeTax": 48771000,
    "incomeBeforeTaxRatio": 0.3308774144,
    "incomeTaxExpense": 16229000,
    "netIncome": 32542000,
    "netIncomeRatio": 0.2207749035,
    "eps": 0.68,
    "epsdiluted": 0.65,
    "weightedAverageShsOut": 47934000,
    "weightedAverageShsOutDil": 49821000,
    "link": "https://www.sec.gov/Archives/edgar/data/1013237/000119312508149240/0001193125-08-149240-index.htm",
    "finalLink": "https://www.sec.gov/Archives/edgar/data/1013237/000119312508149240/d10q.htm"
  },
  {
    "date": "2008-02-29",
    "symbol": "FDS",
    "reportedCurrency": "USD",
    "cik": "0001013237",
    "fillingDate": "2008-04-09",
    "acceptedDate": "2008-04-09 14:28:27",
    "calendarYear": "2008",
    "period": "Q2",
    "revenue": 140238000,
    "costOfRevenue": 47478000,
    "grossProfit": 92760000,
    "grossProfitRatio": 0.6614469687,
    "researchAndDevelopmentExpenses": 0,
    "generalAndAdministrativeExpenses": 49520000,
    "sellingAndMarketingExpenses": 0,
    "sellingGeneralAndAdministrativeExpenses": 49520000,
    "otherExpenses": 0,
    "operatingExpenses": 49520000,
    "costAndExpenses": 96998000,
    "interestIncome": 0,
    "interestExpense": 0,
    "depreciationAndAmortization": 7820000,
    "ebitda": 51060000,
    "ebitdaratio": 0.3640953237,
    "operatingIncome": 43240000,
    "operatingIncomeRatio": 0.3083329768,
    "totalOtherIncomeExpensesNet": 1431000,
    "incomeBeforeTax": 44671000,
    "incomeBeforeTaxRatio": 0.3185370584,
    "incomeTaxExpense": 15179000,
    "netIncome": 29492000,
    "netIncomeRatio": 0.2102996335,
    "eps": 0.61,
    "epsdiluted": 0.59,
    "weightedAverageShsOut": 48069000,
    "weightedAverageShsOutDil": 50023000,
    "link": "https://www.sec.gov/Archives/edgar/data/1013237/000119312508077957/0001193125-08-077957-index.htm",
    "finalLink": "https://www.sec.gov/Archives/edgar/data/1013237/000119312508077957/d10q.htm"
  },
  {
    "date": "2007-11-30",
    "symbol": "FDS",
    "reportedCurrency": "USD",
    "cik": "0001013237",
    "fillingDate": "2008-01-09",
    "acceptedDate": "2008-01-09 15:19:03",
    "calendarYear": "2008",
    "period": "Q1",
    "revenue": 134175000,
    "costOfRevenue": 44943000,
    "grossProfit": 89232000,
    "grossProfitRatio": 0.6650419229,
    "researchAndDevelopmentExpenses": 0,
    "generalAndAdministrativeExpenses": 46735000,
    "sellingAndMarketingExpenses": 0,
    "sellingGeneralAndAdministrativeExpenses": 46735000,
    "otherExpenses": 0,
    "operatingExpenses": 46735000,
    "costAndExpenses": 91678000,
    "interestIncome": 0,
    "interestExpense": 0,
    "depreciationAndAmortization": 7112000,
    "ebitda": 49609000,
    "ebitdaratio": 0.3697335569,
    "operatingIncome": 42497000,
    "operatingIncomeRatio": 0.3167281535,
    "totalOtherIncomeExpensesNet": 2042000,
    "incomeBeforeTax": 44539000,
    "incomeBeforeTaxRatio": 0.331947084,
    "incomeTaxExpense": 15140000,
    "netIncome": 29399000,
    "netIncomeRatio": 0.2191093721,
    "eps": 0.61,
    "epsdiluted": 0.58,
    "weightedAverageShsOut": 48381000,
    "weightedAverageShsOutDil": 50610000,
    "link": "https://www.sec.gov/Archives/edgar/data/1013237/000119312508003811/0001193125-08-003811-index.htm",
    "finalLink": "https://www.sec.gov/Archives/edgar/data/1013237/000119312508003811/d10q.htm"
  },
  {
    "date": "2007-08-31",
    "symbol": "FDS",
    "reportedCurrency": "USD",
    "cik": "0001013237",
    "fillingDate": "2007-10-30",
    "acceptedDate": "2007-10-30 13:41:59",
    "calendarYear": "2007",
    "period": "Q4",
    "revenue": 129532000,
    "costOfRevenue": 41697000,
    "grossProfit": 87835000,
    "grossProfitRatio": 0.6780949881,
    "researchAndDevelopmentExpenses": 0,
    "generalAndAdministrativeExpenses": 45167000,
    "sellingAndMarketingExpenses": 0,
    "sellingGeneralAndAdministrativeExpenses": 45167000,
    "otherExpenses": 0,
    "operatingExpenses": 45167000,
    "costAndExpenses": 86864000,
    "interestIncome": 0,
    "interestExpense": 0,
    "depreciationAndAmortization": 7337000,
    "ebitda": 50005000,
    "ebitdaratio": 0.3860436031,
    "operatingIncome": 42668000,
    "operatingIncomeRatio": 0.329401229,
    "totalOtherIncomeExpensesNet": 2358000,
    "incomeBeforeTax": 45026000,
    "incomeBeforeTaxRatio": 0.347605225,
    "incomeTaxExpense": 14310000,
    "netIncome": 30716000,
    "netIncomeRatio": 0.2371305932,
    "eps": 0.63,
    "epsdiluted": 0.63,
    "weightedAverageShsOut": 48381000,
    "weightedAverageShsOutDil": 48381000,
    "link": "https://www.sec.gov/Archives/edgar/data/1013237/000119312507229389/0001193125-07-229389-index.htm",
    "finalLink": "https://www.sec.gov/Archives/edgar/data/1013237/000119312507229389/d10k.htm"
  },
  {
    "date": "2007-05-31",
    "symbol": "FDS",
    "reportedCurrency": "USD",
    "cik": "0001013237",
    "fillingDate": "2007-07-10",
    "acceptedDate": "2007-07-10 07:26:41",
    "calendarYear": "2007",
    "period": "Q3",
    "revenue": 121075000,
    "costOfRevenue": 39429000,
    "grossProfit": 81646000,
    "grossProfitRatio": 0.6743423498,
    "researchAndDevelopmentExpenses": 0,
    "generalAndAdministrativeExpenses": 42429000,
    "sellingAndMarketingExpenses": 0,
    "sellingGeneralAndAdministrativeExpenses": 42429000,
    "otherExpenses": 0,
    "operatingExpenses": 42429000,
    "costAndExpenses": 81858000,
    "interestIncome": 0,
    "interestExpense": 0,
    "depreciationAndAmortization": 7650000,
    "ebitda": 46867000,
    "ebitdaratio": 0.3870906463,
    "operatingIncome": 39217000,
    "operatingIncomeRatio": 0.3239066694,
    "totalOtherIncomeExpensesNet": 2143000,
    "incomeBeforeTax": 41360000,
    "incomeBeforeTaxRatio": 0.3416064423,
    "incomeTaxExpense": 12785000,
    "netIncome": 28575000,
    "netIncomeRatio": 0.2360107371,
    "eps": 0.58,
    "epsdiluted": 0.56,
    "weightedAverageShsOut": 48911000,
    "weightedAverageShsOutDil": 51387000,
    "link": "https://www.sec.gov/Archives/edgar/data/1013237/000119312507152122/0001193125-07-152122-index.htm",
    "finalLink": "https://www.sec.gov/Archives/edgar/data/1013237/000119312507152122/d10q.htm"
  },
  {
    "date": "2007-02-28",
    "symbol": "FDS",
    "reportedCurrency": "USD",
    "cik": "0001013237",
    "fillingDate": "2007-04-09",
    "acceptedDate": "2007-04-09 10:13:05",
    "calendarYear": "2007",
    "period": "Q2",
    "revenue": 116313000,
    "costOfRevenue": 36730000,
    "grossProfit": 79583000,
    "grossProfitRatio": 0.6842141463,
    "researchAndDevelopmentExpenses": 0,
    "generalAndAdministrativeExpenses": 41798000,
    "sellingAndMarketingExpenses": 0,
    "sellingGeneralAndAdministrativeExpenses": 41798000,
    "otherExpenses": 0,
    "operatingExpenses": 41798000,
    "costAndExpenses": 78528000,
    "interestIncome": 0,
    "interestExpense": 0,
    "depreciationAndAmortization": 6999000,
    "ebitda": 44784000,
    "ebitdaratio": 0.3850300482,
    "operatingIncome": 37785000,
    "operatingIncomeRatio": 0.324856207,
    "totalOtherIncomeExpensesNet": 1797000,
    "incomeBeforeTax": 39582000,
    "incomeBeforeTaxRatio": 0.3403058987,
    "incomeTaxExpense": 13101000,
    "netIncome": 26481000,
    "netIncomeRatio": 0.2276701658,
    "eps": 0.54,
    "epsdiluted": 0.52,
    "weightedAverageShsOut": 48957000,
    "weightedAverageShsOutDil": 51314000,
    "link": "https://www.sec.gov/Archives/edgar/data/1013237/000119312507076714/0001193125-07-076714-index.htm",
    "finalLink": "https://www.sec.gov/Archives/edgar/data/1013237/000119312507076714/d10q.htm"
  },
  {
    "date": "2006-11-30",
    "symbol": "FDS",
    "reportedCurrency": "USD",
    "cik": "0001013237",
    "fillingDate": "2007-01-09",
    "acceptedDate": "2007-01-09 10:46:06",
    "calendarYear": "2007",
    "period": "Q1",
    "revenue": 108881000,
    "costOfRevenue": 34941000,
    "grossProfit": 73940000,
    "grossProfitRatio": 0.6790900157,
    "researchAndDevelopmentExpenses": 0,
    "generalAndAdministrativeExpenses": 38519000,
    "sellingAndMarketingExpenses": 0,
    "sellingGeneralAndAdministrativeExpenses": 38519000,
    "otherExpenses": 0,
    "operatingExpenses": 38519000,
    "costAndExpenses": 73460000,
    "interestIncome": 0,
    "interestExpense": 0,
    "depreciationAndAmortization": 6574000,
    "ebitda": 41995000,
    "ebitdaratio": 0.3856963107,
    "operatingIncome": 35421000,
    "operatingIncomeRatio": 0.325318467,
    "totalOtherIncomeExpensesNet": 1487000,
    "incomeBeforeTax": 36908000,
    "incomeBeforeTaxRatio": 0.3389755788,
    "incomeTaxExpense": 13113000,
    "netIncome": 23795000,
    "netIncomeRatio": 0.2185413433,
    "eps": 0.49,
    "epsdiluted": 0.47,
    "weightedAverageShsOut": 48957000,
    "weightedAverageShsOutDil": 51079000,
    "link": "https://www.sec.gov/Archives/edgar/data/1013237/000119312507003504/0001193125-07-003504-index.htm",
    "finalLink": "https://www.sec.gov/Archives/edgar/data/1013237/000119312507003504/d10q.htm"
  },
  {
    "date": "2006-08-31",
    "symbol": "FDS",
    "reportedCurrency": "USD",
    "cik": "0001013237",
    "fillingDate": "2006-11-13",
    "acceptedDate": "2006-11-13 09:08:50",
    "calendarYear": "2006",
    "period": "Q4",
    "revenue": 105216000,
    "costOfRevenue": 32623000,
    "grossProfit": 72593000,
    "grossProfitRatio": 0.6899425943,
    "researchAndDevelopmentExpenses": 0,
    "generalAndAdministrativeExpenses": 39305000,
    "sellingAndMarketingExpenses": 0,
    "sellingGeneralAndAdministrativeExpenses": 39305000,
    "otherExpenses": 0,
    "operatingExpenses": 39305000,
    "costAndExpenses": 71928000,
    "interestIncome": 0,
    "interestExpense": 0,
    "depreciationAndAmortization": 6507000,
    "ebitda": 39795000,
    "ebitdaratio": 0.3782219434,
    "operatingIncome": 33288000,
    "operatingIncomeRatio": 0.3163777372,
    "totalOtherIncomeExpensesNet": 1420000,
    "incomeBeforeTax": 34708000,
    "incomeBeforeTaxRatio": 0.3298737835,
    "incomeTaxExpense": 11265000,
    "netIncome": 23443000,
    "netIncomeRatio": 0.2228083181,
    "eps": 0.48,
    "epsdiluted": 0.48,
    "weightedAverageShsOut": 48957000,
    "weightedAverageShsOutDil": 48957000,
    "link": "https://www.sec.gov/Archives/edgar/data/1013237/000110465906074114/0001104659-06-074114-index.htm",
    "finalLink": "https://www.sec.gov/Archives/edgar/data/1013237/000110465906074114/a06-22686_110k.htm"
  },
  {
    "date": "2006-05-31",
    "symbol": "FDS",
    "reportedCurrency": "USD",
    "cik": "0001013237",
    "fillingDate": "2006-07-10",
    "acceptedDate": "2006-07-10 14:56:39",
    "calendarYear": "2006",
    "period": "Q3",
    "revenue": 98815000,
    "costOfRevenue": 31543000,
    "grossProfit": 67272000,
    "grossProfitRatio": 0.6807873299,
    "researchAndDevelopmentExpenses": 0,
    "generalAndAdministrativeExpenses": 36319000,
    "sellingAndMarketingExpenses": 0,
    "sellingGeneralAndAdministrativeExpenses": 36319000,
    "otherExpenses": 0,
    "operatingExpenses": 36319000,
    "costAndExpenses": 67862000,
    "interestIncome": 0,
    "interestExpense": 0,
    "depreciationAndAmortization": 6317000,
    "ebitda": 37270000,
    "ebitdaratio": 0.3771694581,
    "operatingIncome": 30953000,
    "operatingIncomeRatio": 0.3132419167,
    "totalOtherIncomeExpensesNet": 1060000,
    "incomeBeforeTax": 32013000,
    "incomeBeforeTaxRatio": 0.323969033,
    "incomeTaxExpense": 10977000,
    "netIncome": 21036000,
    "netIncomeRatio": 0.2128826595,
    "eps": 0.43,
    "epsdiluted": 0.41,
    "weightedAverageShsOut": 48849000,
    "weightedAverageShsOutDil": 50909000,
    "link": "https://www.sec.gov/Archives/edgar/data/1013237/000119312506143960/0001193125-06-143960-index.htm",
    "finalLink": "https://www.sec.gov/Archives/edgar/data/1013237/000119312506143960/d10q.htm"
  },
  {
    "date": "2006-02-28",
    "symbol": "FDS",
    "reportedCurrency": "USD",
    "cik": "0001013237",
    "fillingDate": "2006-04-10",
    "acceptedDate": "2006-04-10 13:43:03",
    "calendarYear": "2006",
    "period": "Q2",
    "revenue": 93665000,
    "costOfRevenue": 29122000,
    "grossProfit": 64543000,
    "grossProfitRatio": 0.6890834356,
    "researchAndDevelopmentExpenses": 0,
    "generalAndAdministrativeExpenses": 34899000,
    "sellingAndMarketingExpenses": 0,
    "sellingGeneralAndAdministrativeExpenses": 34899000,
    "otherExpenses": 0,
    "operatingExpenses": 34899000,
    "costAndExpenses": 64021000,
    "interestIncome": 0,
    "interestExpense": 0,
    "depreciationAndAmortization": 5757000,
    "ebitda": 35401000,
    "ebitdaratio": 0.3779533444,
    "operatingIncome": 29644000,
    "operatingIncomeRatio": 0.3164896173,
    "totalOtherIncomeExpensesNet": 562000,
    "incomeBeforeTax": 30206000,
    "incomeBeforeTaxRatio": 0.322489724,
    "incomeTaxExpense": 10964000,
    "netIncome": 19242000,
    "netIncomeRatio": 0.2054342604,
    "eps": 0.4,
    "epsdiluted": 0.38,
    "weightedAverageShsOut": 48569000,
    "weightedAverageShsOutDil": 50767000,
    "link": "https://www.sec.gov/Archives/edgar/data/1013237/000119312506076660/0001193125-06-076660-index.htm",
    "finalLink": "https://www.sec.gov/Archives/edgar/data/1013237/000119312506076660/d10q.htm"
  },
  {
    "date": "2005-11-30",
    "symbol": "FDS",
    "reportedCurrency": "USD",
    "cik": "0001013237",
    "fillingDate": "2006-01-09",
    "acceptedDate": "2006-01-09 14:30:20",
    "calendarYear": "2006",
    "period": "Q1",
    "revenue": 89654000,
    "costOfRevenue": 28064000,
    "grossProfit": 61590000,
    "grossProfitRatio": 0.6869743681,
    "researchAndDevelopmentExpenses": 0,
    "generalAndAdministrativeExpenses": 34187000,
    "sellingAndMarketingExpenses": 0,
    "sellingGeneralAndAdministrativeExpenses": 34187000,
    "otherExpenses": 0,
    "operatingExpenses": 34187000,
    "costAndExpenses": 62251000,
    "interestIncome": 0,
    "interestExpense": 0,
    "depreciationAndAmortization": 5675000,
    "ebitda": 33078000,
    "ebitdaratio": 0.3689517478,
    "operatingIncome": 27403000,
    "operatingIncomeRatio": 0.3056528432,
    "totalOtherIncomeExpensesNet": 1702000,
    "incomeBeforeTax": 29105000,
    "incomeBeforeTaxRatio": 0.3246369376,
    "incomeTaxExpense": 9910000,
    "netIncome": 19195000,
    "netIncomeRatio": 0.2141008767,
    "eps": 0.4,
    "epsdiluted": 0.38,
    "weightedAverageShsOut": 48373000,
    "weightedAverageShsOutDil": 50061000,
    "link": "https://www.sec.gov/Archives/edgar/data/1013237/000119312506003316/0001193125-06-003316-index.htm",
    "finalLink": "https://www.sec.gov/Archives/edgar/data/1013237/000119312506003316/d10q.htm"
  },
  {
    "date": "2005-08-31",
    "symbol": "FDS",
    "reportedCurrency": "USD",
    "cik": "0001013237",
    "fillingDate": "2005-11-14",
    "acceptedDate": "2005-11-14 10:27:05",
    "calendarYear": "2005",
    "period": "Q4",
    "revenue": 82767000,
    "costOfRevenue": 24731000,
    "grossProfit": 58036000,
    "grossProfitRatio": 0.7011973371,
    "researchAndDevelopmentExpenses": 0,
    "generalAndAdministrativeExpenses": 29259000,
    "sellingAndMarketingExpenses": 0,
    "sellingGeneralAndAdministrativeExpenses": 29259000,
    "otherExpenses": 0,
    "operatingExpenses": 29259000,
    "costAndExpenses": 53990000,
    "interestIncome": 0,
    "interestExpense": 0,
    "depreciationAndAmortization": 4810000,
    "ebitda": 33587000,
    "ebitdaratio": 0.4058018292,
    "operatingIncome": 28777000,
    "operatingIncomeRatio": 0.34768688,
    "totalOtherIncomeExpensesNet": 442000,
    "incomeBeforeTax": 29219000,
    "incomeBeforeTaxRatio": 0.3530271727,
    "incomeTaxExpense": 10572000,
    "netIncome": 18647000,
    "netIncomeRatio": 0.2252951055,
    "eps": 0.39,
    "epsdiluted": 0.39,
    "weightedAverageShsOut": 47979000,
    "weightedAverageShsOutDil": 48373000,
    "link": "https://www.sec.gov/Archives/edgar/data/1013237/000104746905026820/0001047469-05-026820-index.htm",
    "finalLink": "https://www.sec.gov/Archives/edgar/data/1013237/000104746905026820/a2164963z10-k.htm"
  },
  {
    "date": "2005-05-31",
    "symbol": "FDS",
    "reportedCurrency": "USD",
    "cik": "0001013237",
    "fillingDate": "2005-07-11",
    "acceptedDate": "2005-07-11 12:52:41",
    "calendarYear": "2005",
    "period": "Q3",
    "revenue": 79342000,
    "costOfRevenue": 23770000,
    "grossProfit": 55572000,
    "grossProfitRatio": 0.7004108795,
    "researchAndDevelopmentExpenses": 0,
    "generalAndAdministrativeExpenses": 28205000,
    "sellingAndMarketingExpenses": 0,
    "sellingGeneralAndAdministrativeExpenses": 28205000,
    "otherExpenses": 0,
    "operatingExpenses": 28205000,
    "costAndExpenses": 51975000,
    "interestIncome": 0,
    "interestExpense": 0,
    "depreciationAndAmortization": 4427000,
    "ebitda": 31794000,
    "ebitdaratio": 0.4007209296,
    "operatingIncome": 27367000,
    "operatingIncomeRatio": 0.344924504,
    "totalOtherIncomeExpensesNet": 316000,
    "incomeBeforeTax": 27683000,
    "incomeBeforeTaxRatio": 0.3489072622,
    "incomeTaxExpense": 8132000,
    "netIncome": 19551000,
    "netIncomeRatio": 0.2464142573,
    "eps": 0.41,
    "epsdiluted": 0.39,
    "weightedAverageShsOut": 48044000,
    "weightedAverageShsOutDil": 49993000,
    "link": "https://www.sec.gov/Archives/edgar/data/1013237/000119312505140114/0001193125-05-140114-index.htm",
    "finalLink": "https://www.sec.gov/Archives/edgar/data/1013237/000119312505140114/d10q.htm"
  },
  {
    "date": "2005-02-28",
    "symbol": "FDS",
    "reportedCurrency": "USD",
    "cik": "0001013237",
    "fillingDate": "2005-04-11",
    "acceptedDate": "2005-04-11 13:11:28",
    "calendarYear": "2005",
    "period": "Q2",
    "revenue": 76472000,
    "costOfRevenue": 21293000,
    "grossProfit": 55179000,
    "grossProfitRatio": 0.7215582174,
    "researchAndDevelopmentExpenses": 0,
    "generalAndAdministrativeExpenses": 28147000,
    "sellingAndMarketingExpenses": 0,
    "sellingGeneralAndAdministrativeExpenses": 28147000,
    "otherExpenses": 0,
    "operatingExpenses": 28147000,
    "costAndExpenses": 49440000,
    "interestIncome": 0,
    "interestExpense": 0,
    "depreciationAndAmortization": 4488000,
    "ebitda": 31520000,
    "ebitdaratio": 0.412177006,
    "operatingIncome": 27032000,
    "operatingIncomeRatio": 0.3534888587,
    "totalOtherIncomeExpensesNet": 216000,
    "incomeBeforeTax": 27248000,
    "incomeBeforeTaxRatio": 0.3563134219,
    "incomeTaxExpense": 10078000,
    "netIncome": 17170000,
    "netIncomeRatio": 0.2245266241,
    "eps": 0.36,
    "epsdiluted": 0.34,
    "weightedAverageShsOut": 48001000,
    "weightedAverageShsOutDil": 50397000,
    "link": "https://www.sec.gov/Archives/edgar/data/1013237/000119312505073668/0001193125-05-073668-index.htm",
    "finalLink": "https://www.sec.gov/Archives/edgar/data/1013237/000119312505073668/d10q.htm"
  },
  {
    "date": "2004-11-30",
    "symbol": "FDS",
    "reportedCurrency": "USD",
    "cik": "0001013237",
    "fillingDate": "2005-01-10",
    "acceptedDate": "2005-01-10 17:12:03",
    "calendarYear": "2005",
    "period": "Q1",
    "revenue": 74063000,
    "costOfRevenue": 22007000,
    "grossProfit": 52056000,
    "grossProfitRatio": 0.7028610777,
    "researchAndDevelopmentExpenses": 0,
    "generalAndAdministrativeExpenses": 26211000,
    "sellingAndMarketingExpenses": 0,
    "sellingGeneralAndAdministrativeExpenses": 26211000,
    "otherExpenses": 0,
    "operatingExpenses": 26211000,
    "costAndExpenses": 48218000,
    "interestIncome": 0,
    "interestExpense": 0,
    "depreciationAndAmortization": 4593000,
    "ebitda": 30438000,
    "ebitdaratio": 0.4109744407,
    "operatingIncome": 25845000,
    "operatingIncomeRatio": 0.3489596695,
    "totalOtherIncomeExpensesNet": 168000,
    "incomeBeforeTax": 26013000,
    "incomeBeforeTaxRatio": 0.3512280086,
    "incomeTaxExpense": 9616000,
    "netIncome": 16397000,
    "netIncomeRatio": 0.2213925982,
    "eps": 0.34,
    "epsdiluted": 0.33,
    "weightedAverageShsOut": 47592000,
    "weightedAverageShsOutDil": 50024000,
    "link": "https://www.sec.gov/Archives/edgar/data/1013237/000119312505003952/0001193125-05-003952-index.htm",
    "finalLink": "https://www.sec.gov/Archives/edgar/data/1013237/000119312505003952/d10q.htm"
  },
  {
    "date": "2004-08-31",
    "symbol": "FDS",
    "reportedCurrency": "USD",
    "cik": "0001013237",
    "fillingDate": "2004-11-10",
    "acceptedDate": "2004-11-10 12:47:02",
    "calendarYear": "2004",
    "period": "Q4",
    "revenue": 67682000,
    "costOfRevenue": 19727000,
    "grossProfit": 47955000,
    "grossProfitRatio": 0.7085340268,
    "researchAndDevelopmentExpenses": 0,
    "generalAndAdministrativeExpenses": 24725000,
    "sellingAndMarketingExpenses": 0,
    "sellingGeneralAndAdministrativeExpenses": 24725000,
    "otherExpenses": 0,
    "operatingExpenses": 24725000,
    "costAndExpenses": 44452000,
    "interestIncome": 0,
    "interestExpense": 0,
    "depreciationAndAmortization": 3928000,
    "ebitda": 27158000,
    "ebitdaratio": 0.401258828,
    "operatingIncome": 23230000,
    "operatingIncomeRatio": 0.343222718,
    "totalOtherIncomeExpensesNet": 128000,
    "incomeBeforeTax": 23358000,
    "incomeBeforeTaxRatio": 0.3451139151,
    "incomeTaxExpense": 8673000,
    "netIncome": 14685000,
    "netIncomeRatio": 0.2169705387,
    "eps": 0.21,
    "epsdiluted": 0.2,
    "weightedAverageShsOut": 71394000,
    "weightedAverageShsOutDil": 74579500,
    "link": "https://www.sec.gov/Archives/edgar/data/1013237/000119312504192497/0001193125-04-192497-index.htm",
    "finalLink": "https://www.sec.gov/Archives/edgar/data/1013237/000119312504192497/d10k.htm"
  },
  {
    "date": "2004-05-31",
    "symbol": "FDS",
    "reportedCurrency": "USD",
    "cik": "0001013237",
    "fillingDate": "2004-07-15",
    "acceptedDate": "2004-07-15 15:43:22",
    "calendarYear": "2004",
    "period": "Q3",
    "revenue": 63600000,
    "costOfRevenue": 18394000,
    "grossProfit": 45206000,
    "grossProfitRatio": 0.7107861635,
    "researchAndDevelopmentExpenses": 0,
    "generalAndAdministrativeExpenses": 23375000,
    "sellingAndMarketingExpenses": 0,
    "sellingGeneralAndAdministrativeExpenses": 23375000,
    "otherExpenses": 0,
    "operatingExpenses": 23375000,
    "costAndExpenses": 41769000,
    "interestIncome": 0,
    "interestExpense": 0,
    "depreciationAndAmortization": 3181000,
    "ebitda": 25012000,
    "ebitdaratio": 0.3932704403,
    "operatingIncome": 21831000,
    "operatingIncomeRatio": 0.343254717,
    "totalOtherIncomeExpensesNet": 223000,
    "incomeBeforeTax": 22054000,
    "incomeBeforeTaxRatio": 0.3467610063,
    "incomeTaxExpense": 7367000,
    "netIncome": 14687000,
    "netIncomeRatio": 0.230927673,
    "eps": 0.21,
    "epsdiluted": 0.2,
    "weightedAverageShsOut": 70176000,
    "weightedAverageShsOutDil": 73235000,
    "link": "https://www.sec.gov/Archives/edgar/data/1013237/000101323704000054/0001013237-04-000054-index.htm",
    "finalLink": "https://www.sec.gov/Archives/edgar/data/1013237/000101323704000054/form10q-03_04.htm"
  },
  {
    "date": "2004-02-29",
    "symbol": "FDS",
    "reportedCurrency": "USD",
    "cik": "0001013237",
    "fillingDate": "2004-04-14",
    "acceptedDate": "2004-04-14 17:10:36",
    "calendarYear": "2004",
    "period": "Q2",
    "revenue": 61371000,
    "costOfRevenue": 18198000,
    "grossProfit": 43173000,
    "grossProfitRatio": 0.7034755829,
    "researchAndDevelopmentExpenses": 0,
    "generalAndAdministrativeExpenses": 21671000,
    "sellingAndMarketingExpenses": 0,
    "sellingGeneralAndAdministrativeExpenses": 21671000,
    "otherExpenses": 0,
    "operatingExpenses": 21671000,
    "costAndExpenses": 39869000,
    "interestIncome": 0,
    "interestExpense": 0,
    "depreciationAndAmortization": 3143000,
    "ebitda": 24645000,
    "ebitdaratio": 0.4015740333,
    "operatingIncome": 21502000,
    "operatingIncomeRatio": 0.3503609197,
    "totalOtherIncomeExpensesNet": 687000,
    "incomeBeforeTax": 22189000,
    "incomeBeforeTaxRatio": 0.3615551319,
    "incomeTaxExpense": 7452000,
    "netIncome": 14737000,
    "netIncomeRatio": 0.240129703,
    "eps": 0.2,
    "epsdiluted": 0.19,
    "weightedAverageShsOut": 74088000,
    "weightedAverageShsOutDil": 76869000,
    "link": "https://www.sec.gov/Archives/edgar/data/1013237/000101323704000043/0001013237-04-000043-index.htm",
    "finalLink": "https://www.sec.gov/Archives/edgar/data/1013237/000101323704000043/form10q-02_04.htm"
  },
  {
    "date": "2003-11-30",
    "symbol": "FDS",
    "reportedCurrency": "USD",
    "cik": "0001013237",
    "fillingDate": "2004-01-14",
    "acceptedDate": "2004-01-14 13:55:30",
    "calendarYear": "2004",
    "period": "Q1",
    "revenue": 59257000,
    "costOfRevenue": 17875000,
    "grossProfit": 41382000,
    "grossProfitRatio": 0.6983478745,
    "researchAndDevelopmentExpenses": 0,
    "generalAndAdministrativeExpenses": 20343000,
    "sellingAndMarketingExpenses": 0,
    "sellingGeneralAndAdministrativeExpenses": 20343000,
    "otherExpenses": 0,
    "operatingExpenses": 20343000,
    "costAndExpenses": 38218000,
    "interestIncome": 0,
    "interestExpense": 0,
    "depreciationAndAmortization": 4406000,
    "ebitda": 25445000,
    "ebitdaratio": 0.4294007459,
    "operatingIncome": 21039000,
    "operatingIncomeRatio": 0.3550466612,
    "totalOtherIncomeExpensesNet": 735000,
    "incomeBeforeTax": 21774000,
    "incomeBeforeTaxRatio": 0.367450259,
    "incomeTaxExpense": 7866000,
    "netIncome": 13908000,
    "netIncomeRatio": 0.2347064482,
    "eps": 0.27,
    "epsdiluted": 0.26,
    "weightedAverageShsOut": 50700000,
    "weightedAverageShsOutDil": 53310000,
    "link": "https://www.sec.gov/Archives/edgar/data/1013237/000101323704000017/0001013237-04-000017-index.htm",
    "finalLink": "https://www.sec.gov/Archives/edgar/data/1013237/000101323704000017/form10q-01_04.htm"
  },
  {
    "date": "2003-08-31",
    "symbol": "FDS",
    "reportedCurrency": "USD",
    "cik": "0001013237",
    "fillingDate": "2003-11-25",
    "acceptedDate": "2003-11-25 08:00:15",
    "calendarYear": "2003",
    "period": "Q4",
    "revenue": 51721000,
    "costOfRevenue": 11633000,
    "grossProfit": 40088000,
    "grossProfitRatio": 0.7750816883,
    "researchAndDevelopmentExpenses": 0,
    "generalAndAdministrativeExpenses": 19616000,
    "sellingAndMarketingExpenses": 0,
    "sellingGeneralAndAdministrativeExpenses": 19616000,
    "otherExpenses": 0,
    "operatingExpenses": 19616000,
    "costAndExpenses": 31249000,
    "interestIncome": 0,
    "interestExpense": 0,
    "depreciationAndAmortization": 4531000,
    "ebitda": 25003000,
    "ebitdaratio": 0.4834206609,
    "operatingIncome": 20472000,
    "operatingIncomeRatio": 0.3958160128,
    "totalOtherIncomeExpensesNet": 638000,
    "incomeBeforeTax": 21110000,
    "incomeBeforeTaxRatio": 0.4081514279,
    "incomeTaxExpense": 7623000,
    "netIncome": 13487000,
    "netIncomeRatio": 0.2607644864,
    "eps": 0.27,
    "epsdiluted": 0.27,
    "weightedAverageShsOut": 50514000,
    "weightedAverageShsOutDil": 50700000,
    "link": "https://www.sec.gov/Archives/edgar/data/1013237/000095013503005820/0000950135-03-005820-index.htm",
    "finalLink": "https://www.sec.gov/Archives/edgar/data/1013237/000095013503005820/b48557fre10vk.htm"
  },
  {
    "date": "2003-05-31",
    "symbol": "FDS",
    "reportedCurrency": "USD",
    "cik": "0001013237",
    "fillingDate": "2003-07-15",
    "acceptedDate": "2003-07-15 16:45:13",
    "calendarYear": "2003",
    "period": "Q3",
    "revenue": 59106000,
    "costOfRevenue": 18947000,
    "grossProfit": 40159000,
    "grossProfitRatio": 0.6794403275,
    "researchAndDevelopmentExpenses": 0,
    "generalAndAdministrativeExpenses": 20656000,
    "sellingAndMarketingExpenses": 0,
    "sellingGeneralAndAdministrativeExpenses": 20656000,
    "otherExpenses": 0,
    "operatingExpenses": 20656000,
    "costAndExpenses": 39603000,
    "interestIncome": 0,
    "interestExpense": 0,
    "depreciationAndAmortization": 4346000,
    "ebitda": 23849000,
    "ebitdaratio": 0.403495415,
    "operatingIncome": 19503000,
    "operatingIncomeRatio": 0.3299665009,
    "totalOtherIncomeExpensesNet": 509000,
    "incomeBeforeTax": 20012000,
    "incomeBeforeTaxRatio": 0.3385781477,
    "incomeTaxExpense": 5744000,
    "netIncome": 14268000,
    "netIncomeRatio": 0.2413968125,
    "eps": 0.28,
    "epsdiluted": 0.27,
    "weightedAverageShsOut": 50183000,
    "weightedAverageShsOutDil": 51911000,
    "link": "https://www.sec.gov/Archives/edgar/data/1013237/000101323703000039/0001013237-03-000039-index.htm",
    "finalLink": "https://www.sec.gov/Archives/edgar/data/1013237/000101323703000039/q3-2003.htm"
  },
  {
    "date": "2003-02-28",
    "symbol": "FDS",
    "reportedCurrency": "USD",
    "cik": "0001013237",
    "fillingDate": "2003-04-14",
    "acceptedDate": "2003-04-14 14:30:53",
    "calendarYear": "2003",
    "period": "Q2",
    "revenue": 56655000,
    "costOfRevenue": 17960000,
    "grossProfit": 38695000,
    "grossProfitRatio": 0.6829935575,
    "researchAndDevelopmentExpenses": 0,
    "generalAndAdministrativeExpenses": 19808000,
    "sellingAndMarketingExpenses": 0,
    "sellingGeneralAndAdministrativeExpenses": 19808000,
    "otherExpenses": 0,
    "operatingExpenses": 19808000,
    "costAndExpenses": 37768000,
    "interestIncome": 0,
    "interestExpense": 0,
    "depreciationAndAmortization": 4385000,
    "ebitda": 23272000,
    "ebitdaratio": 0.4107669226,
    "operatingIncome": 18887000,
    "operatingIncomeRatio": 0.3333686347,
    "totalOtherIncomeExpensesNet": 546000,
    "incomeBeforeTax": 19433000,
    "incomeBeforeTaxRatio": 0.343005913,
    "incomeTaxExpense": 7286000,
    "netIncome": 12147000,
    "netIncomeRatio": 0.2144029653,
    "eps": 0.24,
    "epsdiluted": 0.23,
    "weightedAverageShsOut": 50426000,
    "weightedAverageShsOutDil": 51848000,
    "link": "https://www.sec.gov/Archives/edgar/data/1013237/000101323703000028/0001013237-03-000028-index.htm",
    "finalLink": "https://www.sec.gov/Archives/edgar/data/1013237/000101323703000028/q2-2003.htm"
  },
  {
    "date": "2002-11-30",
    "symbol": "FDS",
    "reportedCurrency": "USD",
    "cik": "0001013237",
    "fillingDate": "2003-01-14",
    "acceptedDate": "2003-01-14 11:38:50",
    "calendarYear": "2003",
    "period": "Q1",
    "revenue": 54813000,
    "costOfRevenue": 17746000,
    "grossProfit": 37067000,
    "grossProfitRatio": 0.6762446865,
    "researchAndDevelopmentExpenses": 0,
    "generalAndAdministrativeExpenses": 19202000,
    "sellingAndMarketingExpenses": 0,
    "sellingGeneralAndAdministrativeExpenses": 19202000,
    "otherExpenses": 0,
    "operatingExpenses": 19202000,
    "costAndExpenses": 36948000,
    "interestIncome": 0,
    "interestExpense": 0,
    "depreciationAndAmortization": 4279000,
    "ebitda": 22144000,
    "ebitdaratio": 0.4039917538,
    "operatingIncome": 17865000,
    "operatingIncomeRatio": 0.3259263313,
    "totalOtherIncomeExpensesNet": 596000,
    "incomeBeforeTax": 18461000,
    "incomeBeforeTaxRatio": 0.3367996643,
    "incomeTaxExpense": 6925000,
    "netIncome": 11536000,
    "netIncomeRatio": 0.210461022,
    "eps": 0.23,
    "epsdiluted": 0.22,
    "weightedAverageShsOut": 50561500,
    "weightedAverageShsOutDil": 51282500,
    "link": "https://www.sec.gov/Archives/edgar/data/1013237/000101323703000017/0001013237-03-000017-index.htm",
    "finalLink": "https://www.sec.gov/Archives/edgar/data/1013237/000101323703000017/q1-2003.htm"
  },
  {
    "date": "2002-08-31",
    "symbol": "FDS",
    "reportedCurrency": "USD",
    "cik": "0001013237",
    "fillingDate": "2002-11-26",
    "acceptedDate": "2002-11-26 11:51:28",
    "calendarYear": "2002",
    "period": "Q4",
    "revenue": 54061000,
    "costOfRevenue": 17709000,
    "grossProfit": 36352000,
    "grossProfitRatio": 0.6724255933,
    "researchAndDevelopmentExpenses": 0,
    "generalAndAdministrativeExpenses": 19012000,
    "sellingAndMarketingExpenses": 0,
    "sellingGeneralAndAdministrativeExpenses": 19012000,
    "otherExpenses": -82017000,
    "operatingExpenses": -63005000,
    "costAndExpenses": -45296000,
    "interestIncome": 0,
    "interestExpense": 0,
    "depreciationAndAmortization": 4428000,
    "ebitda": 21768000,
    "ebitdaratio": 0.4026562587,
    "operatingIncome": 99357000,
    "operatingIncomeRatio": 1.8378683339,
    "totalOtherIncomeExpensesNet": -81402000,
    "incomeBeforeTax": 17955000,
    "incomeBeforeTaxRatio": 0.332124822,
    "incomeTaxExpense": 6787000,
    "netIncome": 11168000,
    "netIncomeRatio": 0.2065814543,
    "eps": 0.22,
    "epsdiluted": 0.22,
    "weightedAverageShsOut": 50697000,
    "weightedAverageShsOutDil": 50717000,
    "link": "https://www.sec.gov/Archives/edgar/data/1013237/000101323702000114/0001013237-02-000114-index.htm",
    "finalLink": "https://www.sec.gov/Archives/edgar/data/1013237/000101323702000114/f10k.htm"
  },
  {
    "date": "2002-05-31",
    "symbol": "FDS",
    "reportedCurrency": "USD",
    "cik": "0001013237",
    "fillingDate": "2002-07-15",
    "acceptedDate": "2002-07-15 13:28:37",
    "calendarYear": "2002",
    "period": "Q3",
    "revenue": 52416000,
    "costOfRevenue": 17339000,
    "grossProfit": 35077000,
    "grossProfitRatio": 0.6692040598,
    "researchAndDevelopmentExpenses": 0,
    "generalAndAdministrativeExpenses": 18956000,
    "sellingAndMarketingExpenses": 0,
    "sellingGeneralAndAdministrativeExpenses": 18956000,
    "otherExpenses": 0,
    "operatingExpenses": 18956000,
    "costAndExpenses": 36295000,
    "interestIncome": 0,
    "interestExpense": 0,
    "depreciationAndAmortization": 4377000,
    "ebitda": 20498000,
    "ebitdaratio": 0.3910637973,
    "operatingIncome": 16121000,
    "operatingIncomeRatio": 0.3075587607,
    "totalOtherIncomeExpensesNet": 522000,
    "incomeBeforeTax": 16643000,
    "incomeBeforeTaxRatio": 0.3175175519,
    "incomeTaxExpense": 6291000,
    "netIncome": 10352000,
    "netIncomeRatio": 0.1974969475,
    "eps": 0.21,
    "epsdiluted": 0.19,
    "weightedAverageShsOut": 50619000,
    "weightedAverageShsOutDil": 52832000,
    "link": "https://www.sec.gov/Archives/edgar/data/1013237/000101323702000065/0001013237-02-000065-index.htm",
    "finalLink": "https://www.sec.gov/Archives/edgar/data/1013237/000101323702000065/q3-2002.htm"
  },
  {
    "date": "2002-02-28",
    "symbol": "FDS",
    "reportedCurrency": "USD",
    "cik": "0001013237",
    "fillingDate": "2002-04-12",
    "acceptedDate": "2002-04-12 00:00:00",
    "calendarYear": "2002",
    "period": "Q2",
    "revenue": 50367000,
    "costOfRevenue": 16598000,
    "grossProfit": 33769000,
    "grossProfitRatio": 0.6704588322,
    "researchAndDevelopmentExpenses": 0,
    "generalAndAdministrativeExpenses": 18729000,
    "sellingAndMarketingExpenses": 0,
    "sellingGeneralAndAdministrativeExpenses": 18729000,
    "otherExpenses": 0,
    "operatingExpenses": 18729000,
    "costAndExpenses": 35327000,
    "interestIncome": 0,
    "interestExpense": 0,
    "depreciationAndAmortization": 4488000,
    "ebitda": 19528000,
    "ebitdaratio": 0.3877141779,
    "operatingIncome": 15040000,
    "operatingIncomeRatio": 0.2986082157,
    "totalOtherIncomeExpensesNet": 574000,
    "incomeBeforeTax": 15614000,
    "incomeBeforeTaxRatio": 0.3100045665,
    "incomeTaxExpense": 4897000,
    "netIncome": 10717000,
    "netIncomeRatio": 0.212778208,
    "eps": 0.21,
    "epsdiluted": 0.2,
    "weightedAverageShsOut": 50319000,
    "weightedAverageShsOutDil": 52617000,
    "link": "https://www.sec.gov/Archives/edgar/data/1013237/000101323702000053/0001013237-02-000053-index.htm",
    "finalLink": "https://www.sec.gov/Archives/edgar/data/1013237/000101323702000053/q2-2002.htm"
  },
  {
    "date": "2001-11-30",
    "symbol": "FDS",
    "reportedCurrency": "USD",
    "cik": "0001013237",
    "fillingDate": "2002-01-14",
    "acceptedDate": "2002-01-14 00:00:00",
    "calendarYear": "2002",
    "period": "Q1",
    "revenue": 49009000,
    "costOfRevenue": 16301000,
    "grossProfit": 32708000,
    "grossProfitRatio": 0.6673876227,
    "researchAndDevelopmentExpenses": 0,
    "generalAndAdministrativeExpenses": 18387000,
    "sellingAndMarketingExpenses": 0,
    "sellingGeneralAndAdministrativeExpenses": 18387000,
    "otherExpenses": 904000,
    "operatingExpenses": 19291000,
    "costAndExpenses": 35592000,
    "interestIncome": 0,
    "interestExpense": 0,
    "depreciationAndAmortization": 4983000,
    "ebitda": 18400000,
    "ebitdaratio": 0.3754412455,
    "operatingIncome": 13417000,
    "operatingIncomeRatio": 0.273766043,
    "totalOtherIncomeExpensesNet": 608000,
    "incomeBeforeTax": 14025000,
    "incomeBeforeTaxRatio": 0.2861719276,
    "incomeTaxExpense": 5414000,
    "netIncome": 8611000,
    "netIncomeRatio": 0.175702422,
    "eps": 0.17,
    "epsdiluted": 0.17,
    "weightedAverageShsOut": 50241000,
    "weightedAverageShsOutDil": 51933000,
    "link": "https://www.sec.gov/Archives/edgar/data/1013237/000101323702000013/0001013237-02-000013-index.htm",
    "finalLink": "https://www.sec.gov/Archives/edgar/data/1013237/000101323702000013/q1-2002.htm"
  },
  {
    "date": "2001-08-31",
    "symbol": "FDS",
    "reportedCurrency": "USD",
    "cik": "0001013237",
    "fillingDate": "2001-11-20",
    "acceptedDate": "2001-11-20 00:00:00",
    "calendarYear": "2001",
    "period": "Q4",
    "revenue": 47479000,
    "costOfRevenue": 28959000,
    "grossProfit": 18520000,
    "grossProfitRatio": 0.3900671876,
    "researchAndDevelopmentExpenses": 0,
    "generalAndAdministrativeExpenses": 16868000,
    "sellingAndMarketingExpenses": 0,
    "sellingGeneralAndAdministrativeExpenses": 16868000,
    "otherExpenses": -11944000,
    "operatingExpenses": 4924000,
    "costAndExpenses": 33883000,
    "interestIncome": 0,
    "interestExpense": 0,
    "depreciationAndAmortization": 4580000,
    "ebitda": 18176000,
    "ebitdaratio": 0.3828218791,
    "operatingIncome": 13596000,
    "operatingIncomeRatio": 0.2863581794,
    "totalOtherIncomeExpensesNet": 640000,
    "incomeBeforeTax": 14236000,
    "incomeBeforeTaxRatio": 0.299837823,
    "incomeTaxExpense": 5531000,
    "netIncome": 8705000,
    "netIncomeRatio": 0.1833442153,
    "eps": 0.17,
    "epsdiluted": 0.17,
    "weightedAverageShsOut": 49515000,
    "weightedAverageShsOutDil": 50241000,
    "link": "https://www.sec.gov/Archives/edgar/data/1013237/000101323701500062/0001013237-01-500062-index.htm",
    "finalLink": "https://www.sec.gov/Archives/edgar/data/1013237/000101323701500062/f10kstart.htm"
  },
  {
    "date": "2001-05-31",
    "symbol": "FDS",
    "reportedCurrency": "USD",
    "cik": "0001013237",
    "fillingDate": "2001-07-12",
    "acceptedDate": "2001-07-12 00:00:00",
    "calendarYear": "2001",
    "period": "Q3",
    "revenue": 45374000,
    "costOfRevenue": 11554000,
    "grossProfit": 33820000,
    "grossProfitRatio": 0.7453607793,
    "researchAndDevelopmentExpenses": 0,
    "generalAndAdministrativeExpenses": 16524000,
    "sellingAndMarketingExpenses": 0,
    "sellingGeneralAndAdministrativeExpenses": 16524000,
    "otherExpenses": 4309000,
    "operatingExpenses": 20833000,
    "costAndExpenses": 32387000,
    "interestIncome": 0,
    "interestExpense": 0,
    "depreciationAndAmortization": 4309000,
    "ebitda": 17296000,
    "ebitdaratio": 0.3811874642,
    "operatingIncome": 12987000,
    "operatingIncomeRatio": 0.2862211839,
    "totalOtherIncomeExpensesNet": 830000,
    "incomeBeforeTax": 13814000,
    "incomeBeforeTaxRatio": 0.3044474809,
    "incomeTaxExpense": 5245000,
    "netIncome": 8572000,
    "netIncomeRatio": 0.188918764,
    "eps": 0.17,
    "epsdiluted": 0.17,
    "weightedAverageShsOut": 49759500,
    "weightedAverageShsOutDil": 52089000,
    "link": "https://www.sec.gov/Archives/edgar/data/1013237/000101323701500018/0001013237-01-500018-index.htm",
    "finalLink": "https://www.sec.gov/Archives/edgar/data/1013237/000101323701500018/q3f2001.htm"
  },
  {
    "date": "2001-02-28",
    "symbol": "FDS",
    "reportedCurrency": "USD",
    "cik": "0001013237",
    "fillingDate": "2001-04-12",
    "acceptedDate": "2001-04-12 00:00:00",
    "calendarYear": "2001",
    "period": "Q2",
    "revenue": 42924000,
    "costOfRevenue": 10745000,
    "grossProfit": 32179000,
    "grossProfitRatio": 0.7496738421,
    "researchAndDevelopmentExpenses": 0,
    "generalAndAdministrativeExpenses": 15818000,
    "sellingAndMarketingExpenses": 0,
    "sellingGeneralAndAdministrativeExpenses": 15818000,
    "otherExpenses": 3824000,
    "operatingExpenses": 19642000,
    "costAndExpenses": 30387000,
    "interestIncome": 0,
    "interestExpense": 0,
    "depreciationAndAmortization": 3824000,
    "ebitda": 16361000,
    "ebitdaratio": 0.3811620539,
    "operatingIncome": 12537000,
    "operatingIncomeRatio": 0.292074364,
    "totalOtherIncomeExpensesNet": 942000,
    "incomeBeforeTax": 13479000,
    "incomeBeforeTaxRatio": 0.3140201286,
    "incomeTaxExpense": 5107000,
    "netIncome": 8372000,
    "netIncomeRatio": 0.1950424005,
    "eps": 0.17,
    "epsdiluted": 0.16,
    "weightedAverageShsOut": 49459500,
    "weightedAverageShsOutDil": 52168500,
    "link": "https://www.sec.gov/Archives/edgar/data/1013237/000101323701000036/0001013237-01-000036-index.htm",
    "finalLink": "https://www.sec.gov/Archives/edgar/data/1013237/000101323701000036/0001013237-01-000036-0001.txt"
  },
  {
    "date": "2000-11-30",
    "symbol": "FDS",
    "reportedCurrency": "USD",
    "cik": "0001013237",
    "fillingDate": "2001-01-12",
    "acceptedDate": "2001-01-12 00:00:00",
    "calendarYear": "2001",
    "period": "Q1",
    "revenue": 40911000,
    "costOfRevenue": 10318000,
    "grossProfit": 30593000,
    "grossProfitRatio": 0.7477939918,
    "researchAndDevelopmentExpenses": 0,
    "generalAndAdministrativeExpenses": 14999000,
    "sellingAndMarketingExpenses": 0,
    "sellingGeneralAndAdministrativeExpenses": 14999000,
    "otherExpenses": 3811000,
    "operatingExpenses": 18810000,
    "costAndExpenses": 29128000,
    "interestIncome": 0,
    "interestExpense": 0,
    "depreciationAndAmortization": 3811000,
    "ebitda": 15594000,
    "ebitdaratio": 0.3811688788,
    "operatingIncome": 11783000,
    "operatingIncomeRatio": 0.2880154482,
    "totalOtherIncomeExpensesNet": 931000,
    "incomeBeforeTax": 12714000,
    "incomeBeforeTaxRatio": 0.310772164,
    "incomeTaxExpense": 4962000,
    "netIncome": 7752000,
    "netIncomeRatio": 0.1894844907,
    "eps": 0.16,
    "epsdiluted": 0.15,
    "weightedAverageShsOut": 49318500,
    "weightedAverageShsOutDil": 52216500,
    "link": "https://www.sec.gov/Archives/edgar/data/1013237/000101323701000006/0001013237-01-000006-index.htm",
    "finalLink": "https://www.sec.gov/Archives/edgar/data/1013237/000101323701000006/0001013237-01-000006-0001.txt"
  },
  {
    "date": "2000-08-31",
    "symbol": "FDS",
    "reportedCurrency": "USD",
    "cik": "0001013237",
    "fillingDate": "2000-11-22",
    "acceptedDate": "2000-11-22 00:00:00",
    "calendarYear": "2000",
    "period": "Q4",
    "revenue": 37114000,
    "costOfRevenue": 8794000,
    "grossProfit": 28320000,
    "grossProfitRatio": 0.763054373,
    "researchAndDevelopmentExpenses": 0,
    "generalAndAdministrativeExpenses": 14100000,
    "sellingAndMarketingExpenses": 0,
    "sellingGeneralAndAdministrativeExpenses": 14100000,
    "otherExpenses": 3160000,
    "operatingExpenses": 17260000,
    "costAndExpenses": 26054000,
    "interestIncome": 0,
    "interestExpense": 0,
    "depreciationAndAmortization": 3160000,
    "ebitda": 14220000,
    "ebitdaratio": 0.3831438271,
    "operatingIncome": 11060000,
    "operatingIncomeRatio": 0.2980007544,
    "totalOtherIncomeExpensesNet": 812000,
    "incomeBeforeTax": 11872000,
    "incomeBeforeTaxRatio": 0.3198792908,
    "incomeTaxExpense": 4583000,
    "netIncome": 7289000,
    "netIncomeRatio": 0.1963948914,
    "eps": 0.15,
    "epsdiluted": 0.15,
    "weightedAverageShsOut": 49318500,
    "weightedAverageShsOutDil": 49318500,
    "link": "https://www.sec.gov/Archives/edgar/data/1013237/000101323700000049/0001013237-00-000049-index.htm",
    "finalLink": "https://www.sec.gov/Archives/edgar/data/1013237/000101323700000049/0001013237-00-000049-0001.txt"
  },
  {
    "date": "2000-05-31",
    "symbol": "FDS",
    "reportedCurrency": "USD",
    "cik": "0001013237",
    "fillingDate": "2000-07-14",
    "acceptedDate": "2000-07-14 00:00:00",
    "calendarYear": "2000",
    "period": "Q3",
    "revenue": 34295000,
    "costOfRevenue": 8779000,
    "grossProfit": 25516000,
    "grossProfitRatio": 0.7440151626,
    "researchAndDevelopmentExpenses": 0,
    "generalAndAdministrativeExpenses": 12700000,
    "sellingAndMarketingExpenses": 0,
    "sellingGeneralAndAdministrativeExpenses": 12700000,
    "otherExpenses": 2636000,
    "operatingExpenses": 15336000,
    "costAndExpenses": 24115000,
    "interestIncome": 0,
    "interestExpense": 0,
    "depreciationAndAmortization": 2636000,
    "ebitda": 12816000,
    "ebitdaratio": 0.3736987899,
    "operatingIncome": 10180000,
    "operatingIncomeRatio": 0.2968362735,
    "totalOtherIncomeExpensesNet": -1705000,
    "incomeBeforeTax": 8457000,
    "incomeBeforeTaxRatio": 0.2465957137,
    "incomeTaxExpense": 3281000,
    "netIncome": 5150000,
    "netIncomeRatio": 0.1501676629,
    "eps": 0.11,
    "epsdiluted": 0.1,
    "weightedAverageShsOut": 48646500,
    "weightedAverageShsOutDil": 51757500,
    "link": "https://www.sec.gov/Archives/edgar/data/1013237/000101323700000036/0001013237-00-000036-index.htm",
    "finalLink": "https://www.sec.gov/Archives/edgar/data/1013237/000101323700000036/0001013237-00-000036-0001.txt"
  },
  {
    "date": "2000-02-29",
    "symbol": "FDS",
    "reportedCurrency": "USD",
    "cik": "0001013237",
    "fillingDate": "2000-04-14",
    "acceptedDate": "2000-04-14 00:00:00",
    "calendarYear": "2000",
    "period": "Q2",
    "revenue": 32485000,
    "costOfRevenue": 8393000,
    "grossProfit": 24092000,
    "grossProfitRatio": 0.7416346006,
    "researchAndDevelopmentExpenses": 0,
    "generalAndAdministrativeExpenses": 11676000,
    "sellingAndMarketingExpenses": 0,
    "sellingGeneralAndAdministrativeExpenses": 11676000,
    "otherExpenses": 3169000,
    "operatingExpenses": 14845000,
    "costAndExpenses": 23238000,
    "interestIncome": 0,
    "interestExpense": 0,
    "depreciationAndAmortization": 3169000,
    "ebitda": 12416000,
    "ebitdaratio": 0.3822071725,
    "operatingIncome": 9247000,
    "operatingIncomeRatio": 0.2846544559,
    "totalOtherIncomeExpensesNet": 787000,
    "incomeBeforeTax": 10016000,
    "incomeBeforeTaxRatio": 0.3083269201,
    "incomeTaxExpense": 2676000,
    "netIncome": 7314000,
    "netIncomeRatio": 0.2251500693,
    "eps": 0.15,
    "epsdiluted": 0.14,
    "weightedAverageShsOut": 47830500,
    "weightedAverageShsOutDil": 51988500,
    "link": "https://www.sec.gov/Archives/edgar/data/1013237/000101323700000034/0001013237-00-000034-index.html",
    "finalLink": "https://www.sec.gov/Archives/edgar/data/1013237/000101323700000034/"
  },
  {
    "date": "1999-11-30",
    "symbol": "FDS",
    "reportedCurrency": "USD",
    "cik": "0001013237",
    "fillingDate": "2000-01-14",
    "acceptedDate": "2000-01-14 00:00:00",
    "calendarYear": "2000",
    "period": "Q1",
    "revenue": 30300000,
    "costOfRevenue": 7700000,
    "grossProfit": 22600000,
    "grossProfitRatio": 0.7458745875,
    "researchAndDevelopmentExpenses": 0,
    "generalAndAdministrativeExpenses": 11000000,
    "sellingAndMarketingExpenses": 0,
    "sellingGeneralAndAdministrativeExpenses": 11000000,
    "otherExpenses": 2900000,
    "operatingExpenses": 13900000,
    "costAndExpenses": 21600000,
    "interestIncome": 0,
    "interestExpense": 0,
    "depreciationAndAmortization": 2900000,
    "ebitda": 11600000,
    "ebitdaratio": 0.3828382838,
    "operatingIncome": 8700000,
    "operatingIncomeRatio": 0.2871287129,
    "totalOtherIncomeExpensesNet": 600000,
    "incomeBeforeTax": 9300000,
    "incomeBeforeTaxRatio": 0.3069306931,
    "incomeTaxExpense": 3800000,
    "netIncome": 5500000,
    "netIncomeRatio": 0.1815181518,
    "eps": 0.12,
    "epsdiluted": 0.1,
    "weightedAverageShsOut": 47443281,
    "weightedAverageShsOutDil": 47443281,
    "link": "https://www.sec.gov/Archives/edgar/data/1013237/000101323700000010/0001013237-00-000010-index.html",
    "finalLink": "https://www.sec.gov/Archives/edgar/data/1013237/000101323700000010/"
  },
  {
    "date": "1999-08-31",
    "symbol": "FDS",
    "reportedCurrency": "USD",
    "cik": "0001013237",
    "fillingDate": "1999-11-23",
    "acceptedDate": "1999-11-23 00:00:00",
    "calendarYear": "1999",
    "period": "Q4",
    "revenue": 28300000,
    "costOfRevenue": 7300000,
    "grossProfit": 21000000,
    "grossProfitRatio": 0.74204947,
    "researchAndDevelopmentExpenses": 0,
    "generalAndAdministrativeExpenses": 10300000,
    "sellingAndMarketingExpenses": 0,
    "sellingGeneralAndAdministrativeExpenses": 10300000,
    "otherExpenses": 3000000,
    "operatingExpenses": 13300000,
    "costAndExpenses": 20600000,
    "interestIncome": 0,
    "interestExpense": 0,
    "depreciationAndAmortization": 3000000,
    "ebitda": 10700000,
    "ebitdaratio": 0.3780918728,
    "operatingIncome": 7700000,
    "operatingIncomeRatio": 0.2720848057,
    "totalOtherIncomeExpensesNet": 700000,
    "incomeBeforeTax": 8400000,
    "incomeBeforeTaxRatio": 0.296819788,
    "incomeTaxExpense": 3500000,
    "netIncome": 4900000,
    "netIncomeRatio": 0.1731448763,
    "eps": 0.1,
    "epsdiluted": 0.1,
    "weightedAverageShsOut": 47178912,
    "weightedAverageShsOutDil": 47178912,
    "link": "https://www.sec.gov/Archives/edgar/data/1013237/000101323799000032/0001013237-99-000032-index.html",
    "finalLink": "https://www.sec.gov/Archives/edgar/data/1013237/000101323799000032/"
  },
  {
    "date": "1999-05-31",
    "symbol": "FDS",
    "reportedCurrency": "USD",
    "cik": "0001013237",
    "fillingDate": "1999-07-15",
    "acceptedDate": "1999-07-15 00:00:00",
    "calendarYear": "1999",
    "period": "Q3",
    "revenue": 26500000,
    "costOfRevenue": 6900000,
    "grossProfit": 19600000,
    "grossProfitRatio": 0.7396226415,
    "researchAndDevelopmentExpenses": 0,
    "generalAndAdministrativeExpenses": 9600000,
    "sellingAndMarketingExpenses": 0,
    "sellingGeneralAndAdministrativeExpenses": 9600000,
    "otherExpenses": 2600000,
    "operatingExpenses": 12200000,
    "costAndExpenses": 19100000,
    "interestIncome": 0,
    "interestExpense": 0,
    "depreciationAndAmortization": 2600000,
    "ebitda": 9951000,
    "ebitdaratio": 0.375509434,
    "operatingIncome": 7400000,
    "operatingIncomeRatio": 0.279245283,
    "totalOtherIncomeExpensesNet": 300000,
    "incomeBeforeTax": 7700000,
    "incomeBeforeTaxRatio": 0.2905660377,
    "incomeTaxExpense": 2900000,
    "netIncome": 4800000,
    "netIncomeRatio": 0.1811320755,
    "eps": 0.0927,
    "epsdiluted": 0.12,
    "weightedAverageShsOut": 46914543,
    "weightedAverageShsOutDil": 46914543,
    "link": "https://www.sec.gov/Archives/edgar/data/1013237/000101323799000029/0001013237-99-000029-index.html",
    "finalLink": "https://www.sec.gov/Archives/edgar/data/1013237/000101323799000029/"
  },
  {
    "date": "1999-02-28",
    "symbol": "FDS",
    "reportedCurrency": "USD",
    "cik": "0001013237",
    "fillingDate": "1999-04-14",
    "acceptedDate": "1999-04-14 00:00:00",
    "calendarYear": "1999",
    "period": "Q2",
    "revenue": 25200000,
    "costOfRevenue": 6800000,
    "grossProfit": 18400000,
    "grossProfitRatio": 0.7301587302,
    "researchAndDevelopmentExpenses": 0,
    "generalAndAdministrativeExpenses": 9200000,
    "sellingAndMarketingExpenses": 0,
    "sellingGeneralAndAdministrativeExpenses": 9200000,
    "otherExpenses": 2300000,
    "operatingExpenses": 11500000,
    "costAndExpenses": 18300000,
    "interestIncome": 0,
    "interestExpense": 0,
    "depreciationAndAmortization": 2300000,
    "ebitda": 9235000,
    "ebitdaratio": 0.366468254,
    "operatingIncome": 6900000,
    "operatingIncomeRatio": 0.2738095238,
    "totalOtherIncomeExpensesNet": 600000,
    "incomeBeforeTax": 7400000,
    "incomeBeforeTaxRatio": 0.2936507937,
    "incomeTaxExpense": 2900000,
    "netIncome": 4500000,
    "netIncomeRatio": 0.1785714286,
    "eps": 0.0975,
    "epsdiluted": 0.0975,
    "weightedAverageShsOut": 46152923,
    "weightedAverageShsOutDil": 46152923,
    "link": "https://www.sec.gov/Archives/edgar/data/1013237/000101323799000024/0001013237-99-000024-index.html",
    "finalLink": "https://www.sec.gov/Archives/edgar/data/1013237/"
  },
  {
    "date": "1998-11-30",
    "symbol": "FDS",
    "reportedCurrency": "USD",
    "cik": "0001013237",
    "fillingDate": "1999-01-14",
    "acceptedDate": "1999-01-14 00:00:00",
    "calendarYear": "1999",
    "period": "Q1",
    "revenue": 23800000,
    "costOfRevenue": 6600000,
    "grossProfit": 17200000,
    "grossProfitRatio": 0.7226890756,
    "researchAndDevelopmentExpenses": 0,
    "generalAndAdministrativeExpenses": 8700000,
    "sellingAndMarketingExpenses": 0,
    "sellingGeneralAndAdministrativeExpenses": 8700000,
    "otherExpenses": 1900000,
    "operatingExpenses": 10600000,
    "costAndExpenses": 17200000,
    "interestIncome": 0,
    "interestExpense": 0,
    "depreciationAndAmortization": 1900000,
    "ebitda": 8500000,
    "ebitdaratio": 0.3571428571,
    "operatingIncome": 6600000,
    "operatingIncomeRatio": 0.2773109244,
    "totalOtherIncomeExpensesNet": 500000,
    "incomeBeforeTax": 7100000,
    "incomeBeforeTaxRatio": 0.2983193277,
    "incomeTaxExpense": 2800000,
    "netIncome": 4300000,
    "netIncomeRatio": 0.1806722689,
    "eps": 0.0998,
    "epsdiluted": 0.1,
    "weightedAverageShsOut": 45391302,
    "weightedAverageShsOutDil": 45391302,
    "link": "https://www.sec.gov/Archives/edgar/data/1013237/000101323799000001/0001013237-99-000001-index.html",
    "finalLink": "https://www.sec.gov/Archives/edgar/data/1013237/"
  },
  {
    "date": "1998-08-31",
    "symbol": "FDS",
    "reportedCurrency": "USD",
    "cik": "0001013237",
    "fillingDate": "1998-11-25",
    "acceptedDate": "1998-11-25 00:00:00",
    "calendarYear": "1998",
    "period": "Q4",
    "revenue": 22200000,
    "costOfRevenue": 6300000,
    "grossProfit": 15900000,
    "grossProfitRatio": 0.7162162162,
    "researchAndDevelopmentExpenses": 0,
    "generalAndAdministrativeExpenses": 10000000,
    "sellingAndMarketingExpenses": 0,
    "sellingGeneralAndAdministrativeExpenses": 10000000,
    "otherExpenses": 2000000,
    "operatingExpenses": 12000000,
    "costAndExpenses": 18300000,
    "interestIncome": 0,
    "interestExpense": 0,
    "depreciationAndAmortization": 2000000,
    "ebitda": 7100000,
    "ebitdaratio": 0.3198198198,
    "operatingIncome": 3900000,
    "operatingIncomeRatio": 0.1756756757,
    "totalOtherIncomeExpensesNet": 2500000,
    "incomeBeforeTax": 6400000,
    "incomeBeforeTaxRatio": 0.2882882883,
    "incomeTaxExpense": 2800000,
    "netIncome": 3600000,
    "netIncomeRatio": 0.1621621622,
    "eps": 0.0793,
    "epsdiluted": 0.0793,
    "weightedAverageShsOut": 43484256,
    "weightedAverageShsOutDil": 45391302,
    "link": "https://www.sec.gov/Archives/edgar/data/1013237/000101323798000014/0001013237-98-000014-index.html",
    "finalLink": "https://www.sec.gov/Archives/edgar/data/1013237/"
  },
  {
    "date": "1998-05-31",
    "symbol": "FDS",
    "reportedCurrency": "USD",
    "cik": "0001013237",
    "fillingDate": "1998-07-15",
    "acceptedDate": "1998-07-15 00:00:00",
    "calendarYear": "1998",
    "period": "Q3",
    "revenue": 20200000,
    "costOfRevenue": 5700000,
    "grossProfit": 14500000,
    "grossProfitRatio": 0.7178217822,
    "researchAndDevelopmentExpenses": 0,
    "generalAndAdministrativeExpenses": 5700000,
    "sellingAndMarketingExpenses": 0,
    "sellingGeneralAndAdministrativeExpenses": 5700000,
    "otherExpenses": 3400000,
    "operatingExpenses": 9100000,
    "costAndExpenses": 13500000,
    "interestIncome": 0,
    "interestExpense": 0,
    "depreciationAndAmortization": 2000000,
    "ebitda": 7400000,
    "ebitdaratio": 0.3663366337,
    "operatingIncome": 6600000,
    "operatingIncomeRatio": 0.3267326733,
    "totalOtherIncomeExpensesNet": -800000,
    "incomeBeforeTax": 5800000,
    "incomeBeforeTaxRatio": 0.2871287129,
    "incomeTaxExpense": 2500000,
    "netIncome": 3300000,
    "netIncomeRatio": 0.1633663366,
    "eps": 0.0178,
    "epsdiluted": -0.0222,
    "weightedAverageShsOut": 43427286,
    "weightedAverageShsOutDil": 43427286,
    "link": "https://www.sec.gov/Archives/edgar/data/1013237/000101323798000008/0001013237-98-000008-index.html",
    "finalLink": "https://www.sec.gov/Archives/edgar/data/1013237/"
  },
  {
    "date": "1998-02-28",
    "symbol": "FDS",
    "reportedCurrency": "USD",
    "cik": "0001013237",
    "fillingDate": "1998-04-13",
    "acceptedDate": "1998-04-13 00:00:00",
    "calendarYear": "1998",
    "period": "Q2",
    "revenue": 19100000,
    "costOfRevenue": 6100000,
    "grossProfit": 13000000,
    "grossProfitRatio": 0.6806282723,
    "researchAndDevelopmentExpenses": 0,
    "generalAndAdministrativeExpenses": 5800000,
    "sellingAndMarketingExpenses": 0,
    "sellingGeneralAndAdministrativeExpenses": 5800000,
    "otherExpenses": 1500000,
    "operatingExpenses": 7300000,
    "costAndExpenses": 13400000,
    "interestIncome": 0,
    "interestExpense": 0,
    "depreciationAndAmortization": 1500000,
    "ebitda": 7200000,
    "ebitdaratio": 0.3769633508,
    "operatingIncome": 5700000,
    "operatingIncomeRatio": 0.2984293194,
    "totalOtherIncomeExpensesNet": -500000,
    "incomeBeforeTax": 5200000,
    "incomeBeforeTaxRatio": 0.2722513089,
    "incomeTaxExpense": 2300000,
    "netIncome": 3100000,
    "netIncomeRatio": 0.1623036649,
    "eps": 0.0163,
    "epsdiluted": -0.0207,
    "weightedAverageShsOut": 43313341,
    "weightedAverageShsOutDil": 43313341,
    "link": "https://www.sec.gov/Archives/edgar/data/1013237/000101323798000006/0001013237-98-000006-index.html",
    "finalLink": "https://www.sec.gov/Archives/edgar/data/1013237/"
  },
  {
    "date": "1997-11-30",
    "symbol": "FDS",
    "reportedCurrency": "USD",
    "cik": "0001013237",
    "fillingDate": "1998-01-14",
    "acceptedDate": "1998-01-14 00:00:00",
    "calendarYear": "1998",
    "period": "Q1",
    "revenue": 17500000,
    "costOfRevenue": 5800000,
    "grossProfit": 11700000,
    "grossProfitRatio": 0.6685714286,
    "researchAndDevelopmentExpenses": 0,
    "generalAndAdministrativeExpenses": 6000000,
    "sellingAndMarketingExpenses": 0,
    "sellingGeneralAndAdministrativeExpenses": 6000000,
    "otherExpenses": 1100000,
    "operatingExpenses": 7100000,
    "costAndExpenses": 12900000,
    "interestIncome": 0,
    "interestExpense": 0,
    "depreciationAndAmortization": 1100000,
    "ebitda": 5700000,
    "ebitdaratio": 0.3257142857,
    "operatingIncome": 4600000,
    "operatingIncomeRatio": 0.2628571429,
    "totalOtherIncomeExpensesNet": 400000,
    "incomeBeforeTax": 5000000,
    "incomeBeforeTaxRatio": 0.2857142857,
    "incomeTaxExpense": 2200000,
    "netIncome": 2800000,
    "netIncomeRatio": 0.16,
    "eps": 0.0133,
    "epsdiluted": -0.0237,
    "weightedAverageShsOut": 43139430,
    "weightedAverageShsOutDil": 43139430,
    "link": "https://www.sec.gov/Archives/edgar/data/1013237/000101323798000002/0001013237-98-000002-index.html",
    "finalLink": "https://www.sec.gov/Archives/edgar/data/1013237/"
  },
  {
    "date": "1997-08-31",
    "symbol": "FDS",
    "reportedCurrency": "USD",
    "cik": "0001013237",
    "fillingDate": "1997-11-26",
    "acceptedDate": "1997-11-26 00:00:00",
    "calendarYear": "1997",
    "period": "Q4",
    "revenue": 16500000,
    "costOfRevenue": 7800000,
    "grossProfit": 8700000,
    "grossProfitRatio": 0.5272727273,
    "researchAndDevelopmentExpenses": 0,
    "generalAndAdministrativeExpenses": 3300000,
    "sellingAndMarketingExpenses": 0,
    "sellingGeneralAndAdministrativeExpenses": 3300000,
    "otherExpenses": 1200000,
    "operatingExpenses": 4500000,
    "costAndExpenses": 12300000,
    "interestIncome": 0,
    "interestExpense": 0,
    "depreciationAndAmortization": 1200000,
    "ebitda": 5400000,
    "ebitdaratio": 0.3272727273,
    "operatingIncome": 4200000,
    "operatingIncomeRatio": 0.2545454545,
    "totalOtherIncomeExpensesNet": 200000,
    "incomeBeforeTax": 4400000,
    "incomeBeforeTaxRatio": 0.2666666667,
    "incomeTaxExpense": 1900000,
    "netIncome": 2500000,
    "netIncomeRatio": 0.1515151515,
    "eps": 0.058,
    "epsdiluted": 0.058,
    "weightedAverageShsOut": 43016490,
    "weightedAverageShsOutDil": 43139430,
    "link": "https://www.sec.gov/Archives/edgar/data/1013237/000101323797000009/0001013237-97-000009-index.html",
    "finalLink": "https://www.sec.gov/Archives/edgar/data/1013237/"
  },
  {
    "date": "1997-05-31",
    "symbol": "FDS",
    "reportedCurrency": "USD",
    "cik": "0001013237",
    "fillingDate": "1997-07-14",
    "acceptedDate": "1997-07-14 00:00:00",
    "calendarYear": "1997",
    "period": "Q3",
    "revenue": 15100000,
    "costOfRevenue": 3900000,
    "grossProfit": 11200000,
    "grossProfitRatio": 0.7417218543,
    "researchAndDevelopmentExpenses": 0,
    "generalAndAdministrativeExpenses": 6000000,
    "sellingAndMarketingExpenses": 0,
    "sellingGeneralAndAdministrativeExpenses": 6000000,
    "otherExpenses": 1300000,
    "operatingExpenses": 7300000,
    "costAndExpenses": 11200000,
    "interestIncome": 0,
    "interestExpense": 0,
    "depreciationAndAmortization": 1300000,
    "ebitda": 5200000,
    "ebitdaratio": 0.3443708609,
    "operatingIncome": 3900000,
    "operatingIncomeRatio": 0.2582781457,
    "totalOtherIncomeExpensesNet": 300000,
    "incomeBeforeTax": 4200000,
    "incomeBeforeTaxRatio": 0.2781456954,
    "incomeTaxExpense": 1800000,
    "netIncome": 2300000,
    "netIncomeRatio": 0.1523178808,
    "eps": 0.0119,
    "epsdiluted": 0.0119,
    "weightedAverageShsOut": 42908544,
    "weightedAverageShsOutDil": 42908544,
    "link": "https://www.sec.gov/Archives/edgar/data/1013237/000101323797000005/0001013237-97-000005-index.html",
    "finalLink": "https://www.sec.gov/Archives/edgar/data/1013237/"
  },
  {
    "date": "1997-02-28",
    "symbol": "FDS",
    "reportedCurrency": "USD",
    "cik": "0001013237",
    "fillingDate": "1997-04-14",
    "acceptedDate": "1997-04-14 00:00:00",
    "calendarYear": "1997",
    "period": "Q2",
    "revenue": 13900000,
    "costOfRevenue": 4400000,
    "grossProfit": 9600000,
    "grossProfitRatio": 0.690647482,
    "researchAndDevelopmentExpenses": 0,
    "generalAndAdministrativeExpenses": 4300000,
    "sellingAndMarketingExpenses": 0,
    "sellingGeneralAndAdministrativeExpenses": 4300000,
    "otherExpenses": 1300000,
    "operatingExpenses": 5600000,
    "costAndExpenses": 10500000,
    "interestIncome": 0,
    "interestExpense": 0,
    "depreciationAndAmortization": 1300000,
    "ebitda": 4700000,
    "ebitdaratio": 0.3381294964,
    "operatingIncome": 3400000,
    "operatingIncomeRatio": 0.2446043165,
    "totalOtherIncomeExpensesNet": 200000,
    "incomeBeforeTax": 3600000,
    "incomeBeforeTaxRatio": 0.2589928058,
    "incomeTaxExpense": 1600000,
    "netIncome": 2100000,
    "netIncomeRatio": 0.1510791367,
    "eps": 0.0104,
    "epsdiluted": 0.0104,
    "weightedAverageShsOut": 42674661,
    "weightedAverageShsOutDil": 42674661,
    "link": "https://www.sec.gov/Archives/edgar/data/1013237/000101323797000002/0001013237-97-000002-index.html",
    "finalLink": "https://www.sec.gov/Archives/edgar/data/1013237/"
  },
  {
    "date": "1996-11-30",
    "symbol": "FDS",
    "reportedCurrency": "USD",
    "cik": "0001013237",
    "fillingDate": "1997-01-09",
    "acceptedDate": "1997-01-09 00:00:00",
    "calendarYear": "1997",
    "period": "Q1",
    "revenue": 12900000,
    "costOfRevenue": 3500000,
    "grossProfit": 9400000,
    "grossProfitRatio": 0.7286821705,
    "researchAndDevelopmentExpenses": 0,
    "generalAndAdministrativeExpenses": 5100000,
    "sellingAndMarketingExpenses": 0,
    "sellingGeneralAndAdministrativeExpenses": 5100000,
    "otherExpenses": 900000,
    "operatingExpenses": 6000000,
    "costAndExpenses": 9500000,
    "interestIncome": 0,
    "interestExpense": 0,
    "depreciationAndAmortization": 900000,
    "ebitda": 4300000,
    "ebitdaratio": 0.3333333333,
    "operatingIncome": 3400000,
    "operatingIncomeRatio": 0.2635658915,
    "totalOtherIncomeExpensesNet": 100000,
    "incomeBeforeTax": 3500000,
    "incomeBeforeTaxRatio": 0.2713178295,
    "incomeTaxExpense": 1500000,
    "netIncome": 2000000,
    "netIncomeRatio": 0.1550387597,
    "eps": 0.0089,
    "epsdiluted": 0.0089,
    "weightedAverageShsOut": 42914542,
    "weightedAverageShsOutDil": 42914542,
    "link": "https://www.sec.gov/Archives/edgar/data/1013237/000101323797000001/0001013237-97-000001-index.html",
    "finalLink": "https://www.sec.gov/Archives/edgar/data/1013237/"
  },
  {
    "date": "1996-08-31",
    "symbol": "FDS",
    "reportedCurrency": "USD",
    "cik": "0001013237",
    "fillingDate": "1996-11-26",
    "acceptedDate": "1996-11-26 00:00:00",
    "calendarYear": "1996",
    "period": "Q4",
    "revenue": 12200000,
    "costOfRevenue": 4000000,
    "grossProfit": 8200000,
    "grossProfitRatio": 0.6721311475,
    "researchAndDevelopmentExpenses": 0,
    "generalAndAdministrativeExpenses": 5700000,
    "sellingAndMarketingExpenses": 0,
    "sellingGeneralAndAdministrativeExpenses": 5700000,
    "otherExpenses": 800000,
    "operatingExpenses": 6500000,
    "costAndExpenses": 10500000,
    "interestIncome": 0,
    "interestExpense": 0,
    "depreciationAndAmortization": 800000,
    "ebitda": 2500000,
    "ebitdaratio": 0.2049180328,
    "operatingIncome": 1700000,
    "operatingIncomeRatio": 0.1393442623,
    "totalOtherIncomeExpensesNet": 1500000,
    "incomeBeforeTax": 3200000,
    "incomeBeforeTaxRatio": 0.262295082,
    "incomeTaxExpense": 1400000,
    "netIncome": 1800000,
    "netIncomeRatio": 0.1475409836,
    "eps": 0.0419,
    "epsdiluted": 0.0419,
    "weightedAverageShsOut": 42824588,
    "weightedAverageShsOutDil": 42914542,
    "link": "https://www.sec.gov/Archives/edgar/data/1013237/000101323796000009/0001013237-96-000009-index.html",
    "finalLink": "https://www.sec.gov/Archives/edgar/data/1013237/"
  },
  {
    "date": "1996-05-31",
    "symbol": "FDS",
    "reportedCurrency": "USD",
    "cik": "0001013237",
    "fillingDate": "1996-07-31",
    "acceptedDate": "1996-07-31 00:00:00",
    "calendarYear": "1996",
    "period": "Q3",
    "revenue": 11400000,
    "costOfRevenue": 3400000,
    "grossProfit": 8000000,
    "grossProfitRatio": 0.701754386,
    "researchAndDevelopmentExpenses": 0,
    "generalAndAdministrativeExpenses": 0,
    "sellingAndMarketingExpenses": 0,
    "sellingGeneralAndAdministrativeExpenses": 4500000,
    "otherExpenses": 700000,
    "operatingExpenses": 5200000,
    "costAndExpenses": 8600000,
    "interestIncome": 0,
    "interestExpense": 0,
    "depreciationAndAmortization": 700000,
    "ebitda": 3500000,
    "ebitdaratio": 0.3070175439,
    "operatingIncome": 2800000,
    "operatingIncomeRatio": 0.2456140351,
    "totalOtherIncomeExpensesNet": 200000,
    "incomeBeforeTax": 3000000,
    "incomeBeforeTaxRatio": 0.2631578947,
    "incomeTaxExpense": 1300000,
    "netIncome": 1700000,
    "netIncomeRatio": 0.149122807,
    "eps": 0.0089,
    "epsdiluted": 0.0089,
    "weightedAverageShsOut": 42824587,
    "weightedAverageShsOutDil": 42824587,
    "link": "https://www.sec.gov/Archives/edgar/data/1013237/000095015796000193/0000950157-96-000193-index.html",
    "finalLink": "https://www.sec.gov/Archives/edgar/data/1013237/"
  }
]