[
  {
    "date": "2025-08-31",
    "symbol": "FDS",
    "reportedCurrency": "USD",
    "cik": "0001013237",
    "fillingDate": "2025-09-18",
    "acceptedDate": "2025-09-17 18:19:24",
    "calendarYear": "2025",
    "period": "FY",
    "revenue": 2321748000,
    "costOfRevenue": 1097782000,
    "grossProfit": 1223966000,
    "grossProfitRatio": 0.5271743531,
    "researchAndDevelopmentExpenses": 0,
    "generalAndAdministrativeExpenses": 0,
    "sellingAndMarketingExpenses": 0,
    "sellingGeneralAndAdministrativeExpenses": 475663000,
    "otherExpenses": 0,
    "operatingExpenses": 475663000,
    "costAndExpenses": 1573445000,
    "interestIncome": 6533000,
    "interestExpense": 56324000,
    "depreciationAndAmortization": 0,
    "ebitda": 748303000,
    "ebitdaratio": 0.322301559,
    "operatingIncome": 748303000,
    "operatingIncomeRatio": 0.322301559,
    "totalOtherIncomeExpensesNet": -27345000,
    "incomeBeforeTax": 720958000,
    "incomeBeforeTaxRatio": 0.310523795,
    "incomeTaxExpense": 123918000,
    "netIncome": 597040000,
    "netIncomeRatio": 0.2571510776,
    "eps": 15.74,
    "epsdiluted": 15.55,
    "weightedAverageShsOut": 37924000,
    "weightedAverageShsOutDil": 38385000,
    "link": "https://www.sec.gov/Archives/edgar/data/1013237/000101323725000084/0001013237-25-000084-index.htm",
    "finalLink": "https://www.sec.gov/Archives/edgar/data/1013237/000101323725000084/fdsq42025earningsrelease.htm"
  },
  {
    "date": "2024-08-31",
    "symbol": "FDS",
    "reportedCurrency": "USD",
    "cik": "0001013237",
    "fillingDate": "2024-10-29",
    "acceptedDate": "2024-10-29 16:54:42",
    "calendarYear": "2024",
    "period": "FY",
    "revenue": 2203056000,
    "costOfRevenue": 1011945000,
    "grossProfit": 1191111000,
    "grossProfitRatio": 0.5406630608,
    "researchAndDevelopmentExpenses": 0,
    "generalAndAdministrativeExpenses": 0,
    "sellingAndMarketingExpenses": 0,
    "sellingGeneralAndAdministrativeExpenses": 213386000,
    "otherExpenses": 276426000,
    "operatingExpenses": 489812000,
    "costAndExpenses": 1501757000,
    "interestIncome": 14447000,
    "interestExpense": 65778000,
    "depreciationAndAmortization": 155594000,
    "ebitda": 872875000,
    "ebitdaratio": 0.3962109906,
    "operatingIncome": 701299000,
    "operatingIncomeRatio": 0.3183300833,
    "totalOtherIncomeExpensesNet": -49796000,
    "incomeBeforeTax": 651503000,
    "incomeBeforeTaxRatio": 0.2957269357,
    "incomeTaxExpense": 114377000,
    "netIncome": 537126000,
    "netIncomeRatio": 0.2438095082,
    "eps": 14.11,
    "epsdiluted": 13.91,
    "weightedAverageShsOut": 38059000,
    "weightedAverageShsOutDil": 38618000,
    "link": "https://www.sec.gov/Archives/edgar/data/1013237/000101323724000141/0001013237-24-000141-index.htm",
    "finalLink": "https://www.sec.gov/Archives/edgar/data/1013237/000101323724000141/fds-20240831.htm"
  },
  {
    "date": "2023-08-31",
    "symbol": "FDS",
    "reportedCurrency": "USD",
    "cik": "0001013237",
    "fillingDate": "2023-10-27",
    "acceptedDate": "2023-10-27 08:37:38",
    "calendarYear": "2023",
    "period": "FY",
    "revenue": 2085508000,
    "costOfRevenue": 973225000,
    "grossProfit": 1112283000,
    "grossProfitRatio": 0.5333391193,
    "researchAndDevelopmentExpenses": 0,
    "generalAndAdministrativeExpenses": 0,
    "sellingAndMarketingExpenses": 0,
    "sellingGeneralAndAdministrativeExpenses": 159642000,
    "otherExpenses": 323434000,
    "operatingExpenses": 483076000,
    "costAndExpenses": 1456301000,
    "interestIncome": 12809000,
    "interestExpense": 66319000,
    "depreciationAndAmortization": 137728000,
    "ebitda": 788001000,
    "ebitdaratio": 0.3778460692,
    "operatingIncome": 630207000,
    "operatingIncomeRatio": 0.3021839283,
    "totalOtherIncomeExpensesNet": -45253000,
    "incomeBeforeTax": 584954000,
    "incomeBeforeTaxRatio": 0.2804851384,
    "incomeTaxExpense": 116820000,
    "netIncome": 468173000,
    "netIncomeRatio": 0.2244887097,
    "eps": 12.26,
    "epsdiluted": 12.04,
    "weightedAverageShsOut": 38194000,
    "weightedAverageShsOutDil": 38898000,
    "link": "https://www.sec.gov/Archives/edgar/data/1013237/000101323723000128/0001013237-23-000128-index.htm",
    "finalLink": "https://www.sec.gov/Archives/edgar/data/1013237/000101323723000128/fds-20230831.htm"
  },
  {
    "date": "2022-08-31",
    "symbol": "FDS",
    "reportedCurrency": "USD",
    "cik": "0001013237",
    "fillingDate": "2022-10-21",
    "acceptedDate": "2022-10-21 08:00:55",
    "calendarYear": "2022",
    "period": "FY",
    "revenue": 1843892000,
    "costOfRevenue": 871106000,
    "grossProfit": 972786000,
    "grossProfitRatio": 0.5275721138,
    "researchAndDevelopmentExpenses": 0,
    "generalAndAdministrativeExpenses": 0,
    "sellingAndMarketingExpenses": 0,
    "sellingGeneralAndAdministrativeExpenses": 433032000,
    "otherExpenses": 64272000,
    "operatingExpenses": 497304000,
    "costAndExpenses": 1368410000,
    "interestIncome": 6175000,
    "interestExpense": 35697000,
    "depreciationAndAmortization": 129715000,
    "ebitda": 610363000,
    "ebitdaratio": 0.3310188449,
    "operatingIncome": 475482000,
    "operatingIncomeRatio": 0.2578686821,
    "totalOtherIncomeExpensesNet": -31888000,
    "incomeBeforeTax": 443594000,
    "incomeBeforeTaxRatio": 0.2405748276,
    "incomeTaxExpense": 46677000,
    "netIncome": 396917000,
    "netIncomeRatio": 0.2152604382,
    "eps": 10.48,
    "epsdiluted": 10.25,
    "weightedAverageShsOut": 37864000,
    "weightedAverageShsOutDil": 38736000,
    "link": "https://www.sec.gov/Archives/edgar/data/1013237/000101323722000159/0001013237-22-000159-index.htm",
    "finalLink": "https://www.sec.gov/Archives/edgar/data/1013237/000101323722000159/fds-20220831.htm"
  },
  {
    "date": "2021-08-31",
    "symbol": "FDS",
    "reportedCurrency": "USD",
    "cik": "0001013237",
    "fillingDate": "2021-10-22",
    "acceptedDate": "2021-10-22 07:02:00",
    "calendarYear": "2021",
    "period": "FY",
    "revenue": 1591445000,
    "costOfRevenue": 786400000,
    "grossProfit": 805045000,
    "grossProfitRatio": 0.5058578839,
    "researchAndDevelopmentExpenses": 0,
    "generalAndAdministrativeExpenses": 0,
    "sellingAndMarketingExpenses": 0,
    "sellingGeneralAndAdministrativeExpenses": 331004000,
    "otherExpenses": 0,
    "operatingExpenses": 331004000,
    "costAndExpenses": 1117404000,
    "interestIncome": 1806000,
    "interestExpense": 8200000,
    "depreciationAndAmortization": 107322000,
    "ebitda": 581083000,
    "ebitdaratio": 0.3651291751,
    "operatingIncome": 474041000,
    "operatingIncomeRatio": 0.2978682895,
    "totalOtherIncomeExpensesNet": -6424000,
    "incomeBeforeTax": 467617000,
    "incomeBeforeTaxRatio": 0.2938317064,
    "incomeTaxExpense": 68027000,
    "netIncome": 399590000,
    "netIncomeRatio": 0.2510862769,
    "eps": 10.56,
    "epsdiluted": 10.36,
    "weightedAverageShsOut": 37856000,
    "weightedAverageShsOutDil": 38570000,
    "link": "https://www.sec.gov/Archives/edgar/data/1013237/000101323721000142/0001013237-21-000142-index.htm",
    "finalLink": "https://www.sec.gov/Archives/edgar/data/1013237/000101323721000142/fds-20210831.htm"
  },
  {
    "date": "2020-08-31",
    "symbol": "FDS",
    "reportedCurrency": "USD",
    "cik": "0001013237",
    "fillingDate": "2020-10-29",
    "acceptedDate": "2020-10-29 08:48:42",
    "calendarYear": "2020",
    "period": "FY",
    "revenue": 1494111000,
    "costOfRevenue": 695446000,
    "grossProfit": 798665000,
    "grossProfitRatio": 0.534541945,
    "researchAndDevelopmentExpenses": 0,
    "generalAndAdministrativeExpenses": 0,
    "sellingAndMarketingExpenses": 0,
    "sellingGeneralAndAdministrativeExpenses": 342505000,
    "otherExpenses": 16500000,
    "operatingExpenses": 359005000,
    "costAndExpenses": 1054451000,
    "interestIncome": 0,
    "interestExpense": 9829000,
    "depreciationAndAmortization": 100799000,
    "ebitda": 540375000,
    "ebitdaratio": 0.3616699161,
    "operatingIncome": 439660000,
    "operatingIncomeRatio": 0.294261939,
    "totalOtherIncomeExpensesNet": -12526000,
    "incomeBeforeTax": 427134000,
    "incomeBeforeTaxRatio": 0.2858783584,
    "incomeTaxExpense": 54196000,
    "netIncome": 372938000,
    "netIncomeRatio": 0.2496052837,
    "eps": 9.83,
    "epsdiluted": 9.65,
    "weightedAverageShsOut": 37936000,
    "weightedAverageShsOutDil": 38646000,
    "link": "https://www.sec.gov/Archives/edgar/data/1013237/000101323720000153/0001013237-20-000153-index.htm",
    "finalLink": "https://www.sec.gov/Archives/edgar/data/1013237/000101323720000153/fds-20200831.htm"
  },
  {
    "date": "2019-08-31",
    "symbol": "FDS",
    "reportedCurrency": "USD",
    "cik": "0001013237",
    "fillingDate": "2019-10-30",
    "acceptedDate": "2019-10-30 11:37:54",
    "calendarYear": "2019",
    "period": "FY",
    "revenue": 1435351000,
    "costOfRevenue": 663446000,
    "grossProfit": 771905000,
    "grossProfitRatio": 0.537781351,
    "researchAndDevelopmentExpenses": 0,
    "generalAndAdministrativeExpenses": 0,
    "sellingAndMarketingExpenses": 0,
    "sellingGeneralAndAdministrativeExpenses": 333870000,
    "otherExpenses": 0,
    "operatingExpenses": 333870000,
    "costAndExpenses": 997316000,
    "interestIncome": 0,
    "interestExpense": 16624000,
    "depreciationAndAmortization": 60463000,
    "ebitda": 498498000,
    "ebitdaratio": 0.3473004164,
    "operatingIncome": 438035000,
    "operatingIncomeRatio": 0.3051762252,
    "totalOtherIncomeExpensesNet": -16070000,
    "incomeBeforeTax": 421965000,
    "incomeBeforeTaxRatio": 0.2939803574,
    "incomeTaxExpense": 69175000,
    "netIncome": 352790000,
    "netIncomeRatio": 0.2457865707,
    "eps": 9.25,
    "epsdiluted": 9.08,
    "weightedAverageShsOut": 38144000,
    "weightedAverageShsOutDil": 38873000,
    "link": "https://www.sec.gov/Archives/edgar/data/1013237/000143774919020894/0001437749-19-020894-index.htm",
    "finalLink": "https://www.sec.gov/Archives/edgar/data/1013237/000143774919020894/fds20190831_10k.htm"
  },
  {
    "date": "2018-08-31",
    "symbol": "FDS",
    "reportedCurrency": "USD",
    "cik": "0001013237",
    "fillingDate": "2018-10-30",
    "acceptedDate": "2018-10-30 12:19:10",
    "calendarYear": "2018",
    "period": "FY",
    "revenue": 1350145000,
    "costOfRevenue": 659296000,
    "grossProfit": 690849000,
    "grossProfitRatio": 0.5116850412,
    "researchAndDevelopmentExpenses": 217100000,
    "generalAndAdministrativeExpenses": 324645000,
    "sellingAndMarketingExpenses": 0,
    "sellingGeneralAndAdministrativeExpenses": 319745000,
    "otherExpenses": -212200000,
    "operatingExpenses": 324645000,
    "costAndExpenses": 983941000,
    "interestIncome": 0,
    "interestExpense": 16286000,
    "depreciationAndAmortization": 57285000,
    "ebitda": 425409000,
    "ebitdaratio": 0.3150839354,
    "operatingIncome": 366204000,
    "operatingIncomeRatio": 0.2712330898,
    "totalOtherIncomeExpensesNet": -14366000,
    "incomeBeforeTax": 351838000,
    "incomeBeforeTaxRatio": 0.2605927511,
    "incomeTaxExpense": 84753000,
    "netIncome": 267085000,
    "netIncomeRatio": 0.1978194935,
    "eps": 6.9,
    "epsdiluted": 6.78,
    "weightedAverageShsOut": 38733000,
    "weightedAverageShsOutDil": 39377000,
    "link": "https://www.sec.gov/Archives/edgar/data/1013237/000143774918019028/0001437749-18-019028-index.htm",
    "finalLink": "https://www.sec.gov/Archives/edgar/data/1013237/000143774918019028/fds20180831_10k.htm"
  },
  {
    "date": "2017-08-31",
    "symbol": "FDS",
    "reportedCurrency": "USD",
    "cik": "0001013237",
    "fillingDate": "2017-10-30",
    "acceptedDate": "2017-10-30 16:02:04",
    "calendarYear": "2017",
    "period": "FY",
    "revenue": 1221179000,
    "costOfRevenue": 566580000,
    "grossProfit": 654599000,
    "grossProfitRatio": 0.5360385333,
    "researchAndDevelopmentExpenses": 0,
    "generalAndAdministrativeExpenses": 302464000,
    "sellingAndMarketingExpenses": 0,
    "sellingGeneralAndAdministrativeExpenses": 302464000,
    "otherExpenses": 0,
    "operatingExpenses": 302464000,
    "costAndExpenses": 869044000,
    "interestIncome": 1600000,
    "interestExpense": 8200000,
    "depreciationAndAmortization": 48294000,
    "ebitda": 400429000,
    "ebitdaratio": 0.3279036079,
    "operatingIncome": 352135000,
    "operatingIncomeRatio": 0.28835658,
    "totalOtherIncomeExpensesNet": -7823000,
    "incomeBeforeTax": 344312000,
    "incomeBeforeTaxRatio": 0.2819504757,
    "incomeTaxExpense": 86053000,
    "netIncome": 258259000,
    "netIncomeRatio": 0.2114833288,
    "eps": 6.55,
    "epsdiluted": 6.51,
    "weightedAverageShsOut": 39023000,
    "weightedAverageShsOutDil": 39642000,
    "link": "https://www.sec.gov/Archives/edgar/data/1013237/000143774917017840/0001437749-17-017840-index.htm",
    "finalLink": "https://www.sec.gov/Archives/edgar/data/1013237/000143774917017840/fds20170831_10k.htm"
  },
  {
    "date": "2016-08-31",
    "symbol": "FDS",
    "reportedCurrency": "USD",
    "cik": "0001013237",
    "fillingDate": "2016-10-31",
    "acceptedDate": "2016-10-31 10:35:07",
    "calendarYear": "2016",
    "period": "FY",
    "revenue": 1127092000,
    "costOfRevenue": 487409000,
    "grossProfit": 639683000,
    "grossProfitRatio": 0.5675517172,
    "researchAndDevelopmentExpenses": 0,
    "generalAndAdministrativeExpenses": 290007000,
    "sellingAndMarketingExpenses": 0,
    "sellingGeneralAndAdministrativeExpenses": 290007000,
    "otherExpenses": 0,
    "operatingExpenses": 290007000,
    "costAndExpenses": 777416000,
    "interestIncome": 1600000,
    "interestExpense": 2736000,
    "depreciationAndAmortization": 38052000,
    "ebitda": 387728000,
    "ebitdaratio": 0.3440074102,
    "operatingIncome": 349676000,
    "operatingIncomeRatio": 0.3102461911,
    "totalOtherIncomeExpensesNet": 111317000,
    "incomeBeforeTax": 460993000,
    "incomeBeforeTaxRatio": 0.4090109769,
    "incomeTaxExpense": 122178000,
    "netIncome": 338815000,
    "netIncomeRatio": 0.3006098881,
    "eps": 8.29,
    "epsdiluted": 8.19,
    "weightedAverageShsOut": 40038000,
    "weightedAverageShsOutDil": 41365000,
    "link": "https://www.sec.gov/Archives/edgar/data/1013237/000143774916040606/0001437749-16-040606-index.htm",
    "finalLink": "https://www.sec.gov/Archives/edgar/data/1013237/000143774916040606/fds20161020_10k.htm"
  },
  {
    "date": "2015-08-31",
    "symbol": "FDS",
    "reportedCurrency": "USD",
    "cik": "0001013237",
    "fillingDate": "2015-11-02",
    "acceptedDate": "2015-10-30 18:27:29",
    "calendarYear": "2015",
    "period": "FY",
    "revenue": 1006768000,
    "costOfRevenue": 405339000,
    "grossProfit": 601429000,
    "grossProfitRatio": 0.5973858923,
    "researchAndDevelopmentExpenses": 0,
    "generalAndAdministrativeExpenses": 269511000,
    "sellingAndMarketingExpenses": 0,
    "sellingGeneralAndAdministrativeExpenses": 269511000,
    "otherExpenses": 0,
    "operatingExpenses": 269511000,
    "costAndExpenses": 674850000,
    "interestIncome": 1936000,
    "interestExpense": 100000,
    "depreciationAndAmortization": 31349000,
    "ebitda": 363267000,
    "ebitdaratio": 0.3608249368,
    "operatingIncome": 331918000,
    "operatingIncomeRatio": 0.3296866805,
    "totalOtherIncomeExpensesNet": 1836000,
    "incomeBeforeTax": 333754000,
    "incomeBeforeTaxRatio": 0.331510338,
    "incomeTaxExpense": 92703000,
    "netIncome": 241051000,
    "netIncomeRatio": 0.2394305341,
    "eps": 5.8,
    "epsdiluted": 5.71,
    "weightedAverageShsOut": 41317000,
    "weightedAverageShsOutDil": 42235000,
    "link": "https://www.sec.gov/Archives/edgar/data/1013237/000143774915019227/0001437749-15-019227-index.htm",
    "finalLink": "https://www.sec.gov/Archives/edgar/data/1013237/000143774915019227/fds20150831_10k.htm"
  },
  {
    "date": "2014-08-31",
    "symbol": "FDS",
    "reportedCurrency": "USD",
    "cik": "0001013237",
    "fillingDate": "2014-10-30",
    "acceptedDate": "2014-10-30 13:46:05",
    "calendarYear": "2014",
    "period": "FY",
    "revenue": 920335000,
    "costOfRevenue": 353686000,
    "grossProfit": 566649000,
    "grossProfitRatio": 0.6156986315,
    "researchAndDevelopmentExpenses": 0,
    "generalAndAdministrativeExpenses": 264430000,
    "sellingAndMarketingExpenses": 0,
    "sellingGeneralAndAdministrativeExpenses": 264430000,
    "otherExpenses": 0,
    "operatingExpenses": 264430000,
    "costAndExpenses": 618116000,
    "interestIncome": 0,
    "interestExpense": 0,
    "depreciationAndAmortization": 34435000,
    "ebitda": 336654000,
    "ebitdaratio": 0.3657950638,
    "operatingIncome": 302219000,
    "operatingIncomeRatio": 0.3283793401,
    "totalOtherIncomeExpensesNet": 1245000,
    "incomeBeforeTax": 303464000,
    "incomeBeforeTaxRatio": 0.3297321084,
    "incomeTaxExpense": 91921000,
    "netIncome": 211543000,
    "netIncomeRatio": 0.2298543465,
    "eps": 4.98,
    "epsdiluted": 4.92,
    "weightedAverageShsOut": 41793000,
    "weightedAverageShsOutDil": 42970000,
    "link": "https://www.sec.gov/Archives/edgar/data/1013237/000143774914019084/0001437749-14-019084-index.htm",
    "finalLink": "https://www.sec.gov/Archives/edgar/data/1013237/000143774914019084/fds20140831_10k.htm"
  },
  {
    "date": "2013-08-31",
    "symbol": "FDS",
    "reportedCurrency": "USD",
    "cik": "0001013237",
    "fillingDate": "2013-10-30",
    "acceptedDate": "2013-10-30 15:42:35",
    "calendarYear": "2013",
    "period": "FY",
    "revenue": 858112000,
    "costOfRevenue": 306379000,
    "grossProfit": 551733000,
    "grossProfitRatio": 0.6429615248,
    "researchAndDevelopmentExpenses": 0,
    "generalAndAdministrativeExpenses": 282314000,
    "sellingAndMarketingExpenses": 0,
    "sellingGeneralAndAdministrativeExpenses": 282314000,
    "otherExpenses": 0,
    "operatingExpenses": 282314000,
    "costAndExpenses": 588693000,
    "interestIncome": 1300000,
    "interestExpense": 0,
    "depreciationAndAmortization": 35779000,
    "ebitda": 305198000,
    "ebitdaratio": 0.3556621979,
    "operatingIncome": 287719000,
    "operatingIncomeRatio": 0.335293062,
    "totalOtherIncomeExpensesNet": 1491000,
    "incomeBeforeTax": 270910000,
    "incomeBeforeTaxRatio": 0.3157047099,
    "incomeTaxExpense": 72273000,
    "netIncome": 198637000,
    "netIncomeRatio": 0.2314814383,
    "eps": 4.53,
    "epsdiluted": 4.45,
    "weightedAverageShsOut": 43324000,
    "weightedAverageShsOutDil": 44624000,
    "link": "https://www.sec.gov/Archives/edgar/data/1013237/000143774913013610/0001437749-13-013610-index.htm",
    "finalLink": "https://www.sec.gov/Archives/edgar/data/1013237/000143774913013610/fds20130831_10k.htm"
  },
  {
    "date": "2012-08-31",
    "symbol": "FDS",
    "reportedCurrency": "USD",
    "cik": "0001013237",
    "fillingDate": "2012-10-30",
    "acceptedDate": "2012-10-30 12:53:58",
    "calendarYear": "2012",
    "period": "FY",
    "revenue": 805793000,
    "costOfRevenue": 275537000,
    "grossProfit": 530256000,
    "grossProfitRatio": 0.6580548602,
    "researchAndDevelopmentExpenses": 0,
    "generalAndAdministrativeExpenses": 257266000,
    "sellingAndMarketingExpenses": 0,
    "sellingGeneralAndAdministrativeExpenses": 257266000,
    "otherExpenses": 0,
    "operatingExpenses": 257266000,
    "costAndExpenses": 532803000,
    "interestIncome": 1100000,
    "interestExpense": 0,
    "depreciationAndAmortization": 33779000,
    "ebitda": 306769000,
    "ebitdaratio": 0.3807044737,
    "operatingIncome": 272990000,
    "operatingIncomeRatio": 0.3387842783,
    "totalOtherIncomeExpensesNet": 1715000,
    "incomeBeforeTax": 274705000,
    "incomeBeforeTaxRatio": 0.3409126165,
    "incomeTaxExpense": 85896000,
    "netIncome": 188809000,
    "netIncomeRatio": 0.23431452,
    "eps": 4.26,
    "epsdiluted": 4.12,
    "weightedAverageShsOut": 44279000,
    "weightedAverageShsOutDil": 45810000,
    "link": "https://www.sec.gov/Archives/edgar/data/1013237/000143774912010651/0001437749-12-010651-index.htm",
    "finalLink": "https://www.sec.gov/Archives/edgar/data/1013237/000143774912010651/fds_10k-083112.htm"
  },
  {
    "date": "2011-08-31",
    "symbol": "FDS",
    "reportedCurrency": "USD",
    "cik": "0001013237",
    "fillingDate": "2011-10-31",
    "acceptedDate": "2011-10-31 15:35:51",
    "calendarYear": "2011",
    "period": "FY",
    "revenue": 726510000,
    "costOfRevenue": 244623000,
    "grossProfit": 481887000,
    "grossProfitRatio": 0.6632902507,
    "researchAndDevelopmentExpenses": 0,
    "generalAndAdministrativeExpenses": 243552000,
    "sellingAndMarketingExpenses": 0,
    "sellingGeneralAndAdministrativeExpenses": 243552000,
    "otherExpenses": 0,
    "operatingExpenses": 243552000,
    "costAndExpenses": 488175000,
    "interestIncome": 0,
    "interestExpense": 0,
    "depreciationAndAmortization": 36847000,
    "ebitda": 275182000,
    "ebitdaratio": 0.3787724876,
    "operatingIncome": 238335000,
    "operatingIncomeRatio": 0.3280546723,
    "totalOtherIncomeExpensesNet": 623000,
    "incomeBeforeTax": 238958000,
    "incomeBeforeTaxRatio": 0.3289121967,
    "incomeTaxExpense": 67912000,
    "netIncome": 171046000,
    "netIncomeRatio": 0.2354351626,
    "eps": 3.8,
    "epsdiluted": 3.61,
    "weightedAverageShsOut": 45055000,
    "weightedAverageShsOutDil": 47355000,
    "link": "https://www.sec.gov/Archives/edgar/data/1013237/000119312511288590/0001193125-11-288590-index.htm",
    "finalLink": "https://www.sec.gov/Archives/edgar/data/1013237/000119312511288590/d235920d10k.htm"
  },
  {
    "date": "2010-08-31",
    "symbol": "FDS",
    "reportedCurrency": "USD",
    "cik": "0001013237",
    "fillingDate": "2010-10-29",
    "acceptedDate": "2010-10-29 15:32:44",
    "calendarYear": "2010",
    "period": "FY",
    "revenue": 641059000,
    "costOfRevenue": 206550000,
    "grossProfit": 434509000,
    "grossProfitRatio": 0.6777987674,
    "researchAndDevelopmentExpenses": 0,
    "generalAndAdministrativeExpenses": 212875000,
    "sellingAndMarketingExpenses": 0,
    "sellingGeneralAndAdministrativeExpenses": 212875000,
    "otherExpenses": 0,
    "operatingExpenses": 212875000,
    "costAndExpenses": 419425000,
    "interestIncome": 0,
    "interestExpense": 0,
    "depreciationAndAmortization": 37343000,
    "ebitda": 258977000,
    "ebitdaratio": 0.4039830967,
    "operatingIncome": 221634000,
    "operatingIncomeRatio": 0.3457310482,
    "totalOtherIncomeExpensesNet": 547000,
    "incomeBeforeTax": 222181000,
    "incomeBeforeTaxRatio": 0.3465843238,
    "incomeTaxExpense": 71970000,
    "netIncome": 150211000,
    "netIncomeRatio": 0.2343169661,
    "eps": 3.22,
    "epsdiluted": 3.13,
    "weightedAverageShsOut": 46872000,
    "weightedAverageShsOutDil": 48004000,
    "link": "https://www.sec.gov/Archives/edgar/data/1013237/000119312510241170/0001193125-10-241170-index.htm",
    "finalLink": "https://www.sec.gov/Archives/edgar/data/1013237/000119312510241170/d10k.htm"
  },
  {
    "date": "2009-08-31",
    "symbol": "FDS",
    "reportedCurrency": "USD",
    "cik": "0001013237",
    "fillingDate": "2009-10-30",
    "acceptedDate": "2009-10-30 14:34:10",
    "calendarYear": "2009",
    "period": "FY",
    "revenue": 622023000,
    "costOfRevenue": 209364000,
    "grossProfit": 412659000,
    "grossProfitRatio": 0.6634143754,
    "researchAndDevelopmentExpenses": 0,
    "generalAndAdministrativeExpenses": 201629000,
    "sellingAndMarketingExpenses": 0,
    "sellingGeneralAndAdministrativeExpenses": 201629000,
    "otherExpenses": 0,
    "operatingExpenses": 201629000,
    "costAndExpenses": 410993000,
    "interestIncome": 0,
    "interestExpense": 0,
    "depreciationAndAmortization": 34337000,
    "ebitda": 245367000,
    "ebitdaratio": 0.394466121,
    "operatingIncome": 211030000,
    "operatingIncomeRatio": 0.3392639822,
    "totalOtherIncomeExpensesNet": 1092000,
    "incomeBeforeTax": 212122000,
    "incomeBeforeTaxRatio": 0.3410195443,
    "incomeTaxExpense": 67172000,
    "netIncome": 144950000,
    "netIncomeRatio": 0.2330299683,
    "eps": 3.07,
    "epsdiluted": 2.97,
    "weightedAverageShsOut": 47177000,
    "weightedAverageShsOutDil": 48789000,
    "link": "https://www.sec.gov/Archives/edgar/data/1013237/000119312509218675/0001193125-09-218675-index.htm",
    "finalLink": "https://www.sec.gov/Archives/edgar/data/1013237/000119312509218675/d10k.htm"
  },
  {
    "date": "2008-08-31",
    "symbol": "FDS",
    "reportedCurrency": "USD",
    "cik": "0001013237",
    "fillingDate": "2008-10-30",
    "acceptedDate": "2008-10-30 16:52:47",
    "calendarYear": "2008",
    "period": "FY",
    "revenue": 575519000,
    "costOfRevenue": 191239000,
    "grossProfit": 384280000,
    "grossProfitRatio": 0.6677103623,
    "researchAndDevelopmentExpenses": 0,
    "generalAndAdministrativeExpenses": 200393000,
    "sellingAndMarketingExpenses": 0,
    "sellingGeneralAndAdministrativeExpenses": 200393000,
    "otherExpenses": 0,
    "operatingExpenses": 200393000,
    "costAndExpenses": 391632000,
    "interestIncome": 0,
    "interestExpense": 0,
    "depreciationAndAmortization": 30654000,
    "ebitda": 219701000,
    "ebitdaratio": 0.3817441301,
    "operatingIncome": 183887000,
    "operatingIncomeRatio": 0.3195150812,
    "totalOtherIncomeExpensesNet": 5160000,
    "incomeBeforeTax": 189047000,
    "incomeBeforeTaxRatio": 0.3284809016,
    "incomeTaxExpense": 64030000,
    "netIncome": 125017000,
    "netIncomeRatio": 0.2172248006,
    "eps": 2.6,
    "epsdiluted": 2.5,
    "weightedAverageShsOut": 48065000,
    "weightedAverageShsOutDil": 50080000,
    "link": "https://www.sec.gov/Archives/edgar/data/1013237/000119312508220373/0001193125-08-220373-index.htm",
    "finalLink": "https://www.sec.gov/Archives/edgar/data/1013237/000119312508220373/d10k.htm"
  },
  {
    "date": "2007-08-31",
    "symbol": "FDS",
    "reportedCurrency": "USD",
    "cik": "0001013237",
    "fillingDate": "2007-10-30",
    "acceptedDate": "2007-10-30 13:41:59",
    "calendarYear": "2007",
    "period": "FY",
    "revenue": 475801000,
    "costOfRevenue": 152797000,
    "grossProfit": 323004000,
    "grossProfitRatio": 0.6788636426,
    "researchAndDevelopmentExpenses": 0,
    "generalAndAdministrativeExpenses": 167913000,
    "sellingAndMarketingExpenses": 0,
    "sellingGeneralAndAdministrativeExpenses": 167913000,
    "otherExpenses": 0,
    "operatingExpenses": 167913000,
    "costAndExpenses": 320710000,
    "interestIncome": 0,
    "interestExpense": 0,
    "depreciationAndAmortization": 28560000,
    "ebitda": 191436000,
    "ebitdaratio": 0.4023446777,
    "operatingIncome": 155091000,
    "operatingIncomeRatio": 0.3259577008,
    "totalOtherIncomeExpensesNet": 7785000,
    "incomeBeforeTax": 162876000,
    "incomeBeforeTaxRatio": 0.3423195832,
    "incomeTaxExpense": 53309000,
    "netIncome": 109567000,
    "netIncomeRatio": 0.2302790452,
    "eps": 2.24,
    "epsdiluted": 2.14,
    "weightedAverageShsOut": 48873000,
    "weightedAverageShsOutDil": 51200000,
    "link": "https://www.sec.gov/Archives/edgar/data/1013237/000119312507229389/0001193125-07-229389-index.htm",
    "finalLink": "https://www.sec.gov/Archives/edgar/data/1013237/000119312507229389/d10k.htm"
  },
  {
    "date": "2006-08-31",
    "symbol": "FDS",
    "reportedCurrency": "USD",
    "cik": "0001013237",
    "fillingDate": "2006-11-13",
    "acceptedDate": "2006-11-13 09:08:50",
    "calendarYear": "2006",
    "period": "FY",
    "revenue": 387350000,
    "costOfRevenue": 121352000,
    "grossProfit": 265998000,
    "grossProfitRatio": 0.6867122757,
    "researchAndDevelopmentExpenses": 0,
    "generalAndAdministrativeExpenses": 144710000,
    "sellingAndMarketingExpenses": 0,
    "sellingGeneralAndAdministrativeExpenses": 144710000,
    "otherExpenses": 0,
    "operatingExpenses": 144710000,
    "costAndExpenses": 266062000,
    "interestIncome": 0,
    "interestExpense": 0,
    "depreciationAndAmortization": 24256000,
    "ebitda": 150288000,
    "ebitdaratio": 0.3879901898,
    "operatingIncome": 121288000,
    "operatingIncomeRatio": 0.313122499,
    "totalOtherIncomeExpensesNet": 4744000,
    "incomeBeforeTax": 126032000,
    "incomeBeforeTaxRatio": 0.3253698206,
    "incomeTaxExpense": 43116000,
    "netIncome": 82916000,
    "netIncomeRatio": 0.214059636,
    "eps": 1.7,
    "epsdiluted": 1.64,
    "weightedAverageShsOut": 48688000,
    "weightedAverageShsOutDil": 50592000,
    "link": "https://www.sec.gov/Archives/edgar/data/1013237/000110465906074114/0001104659-06-074114-index.htm",
    "finalLink": "https://www.sec.gov/Archives/edgar/data/1013237/000110465906074114/a06-22686_110k.htm"
  },
  {
    "date": "2005-08-31",
    "symbol": "FDS",
    "reportedCurrency": "USD",
    "cik": "0001013237",
    "fillingDate": "2005-11-14",
    "acceptedDate": "2005-11-14 10:27:05",
    "calendarYear": "2005",
    "period": "FY",
    "revenue": 312644000,
    "costOfRevenue": 91801000,
    "grossProfit": 220843000,
    "grossProfitRatio": 0.7063721037,
    "researchAndDevelopmentExpenses": 0,
    "generalAndAdministrativeExpenses": 111822000,
    "sellingAndMarketingExpenses": 0,
    "sellingGeneralAndAdministrativeExpenses": 111822000,
    "otherExpenses": 0,
    "operatingExpenses": 111822000,
    "costAndExpenses": 203623000,
    "interestIncome": 0,
    "interestExpense": 0,
    "depreciationAndAmortization": 18318000,
    "ebitda": 127339000,
    "ebitdaratio": 0.4072971175,
    "operatingIncome": 109021000,
    "operatingIncomeRatio": 0.348706516,
    "totalOtherIncomeExpensesNet": 1142000,
    "incomeBeforeTax": 110163000,
    "incomeBeforeTaxRatio": 0.3523592329,
    "incomeTaxExpense": 38398000,
    "netIncome": 71765000,
    "netIncomeRatio": 0.2295422269,
    "eps": 1.5,
    "epsdiluted": 1.43,
    "weightedAverageShsOut": 47904000,
    "weightedAverageShsOutDil": 50160000,
    "link": "https://www.sec.gov/Archives/edgar/data/1013237/000104746905026820/0001047469-05-026820-index.htm",
    "finalLink": "https://www.sec.gov/Archives/edgar/data/1013237/000104746905026820/a2164963z10-k.htm"
  },
  {
    "date": "2004-08-31",
    "symbol": "FDS",
    "reportedCurrency": "USD",
    "cik": "0001013237",
    "fillingDate": "2004-11-10",
    "acceptedDate": "2004-11-10 12:47:02",
    "calendarYear": "2004",
    "period": "FY",
    "revenue": 251910000,
    "costOfRevenue": 74191000,
    "grossProfit": 177719000,
    "grossProfitRatio": 0.7054860863,
    "researchAndDevelopmentExpenses": 0,
    "generalAndAdministrativeExpenses": 90116000,
    "sellingAndMarketingExpenses": 0,
    "sellingGeneralAndAdministrativeExpenses": 90116000,
    "otherExpenses": 0,
    "operatingExpenses": 90116000,
    "costAndExpenses": 164307000,
    "interestIncome": 0,
    "interestExpense": 0,
    "depreciationAndAmortization": 14658000,
    "ebitda": 102261000,
    "ebitdaratio": 0.4059425985,
    "operatingIncome": 87603000,
    "operatingIncomeRatio": 0.3477551506,
    "totalOtherIncomeExpensesNet": 1772000,
    "incomeBeforeTax": 89375000,
    "incomeBeforeTaxRatio": 0.3547894089,
    "incomeTaxExpense": 31358000,
    "netIncome": 58017000,
    "netIncomeRatio": 0.2303084435,
    "eps": 0.8,
    "epsdiluted": 0.77,
    "weightedAverageShsOut": 72612000,
    "weightedAverageShsOutDil": 75924000,
    "link": "https://www.sec.gov/Archives/edgar/data/1013237/000119312504192497/0001193125-04-192497-index.htm",
    "finalLink": "https://www.sec.gov/Archives/edgar/data/1013237/000119312504192497/d10k.htm"
  },
  {
    "date": "2003-08-31",
    "symbol": "FDS",
    "reportedCurrency": "USD",
    "cik": "0001013237",
    "fillingDate": "2003-11-25",
    "acceptedDate": "2003-11-25 08:00:15",
    "calendarYear": "2003",
    "period": "FY",
    "revenue": 222295000,
    "costOfRevenue": 66286000,
    "grossProfit": 156009000,
    "grossProfitRatio": 0.701810657,
    "researchAndDevelopmentExpenses": 0,
    "generalAndAdministrativeExpenses": 79282000,
    "sellingAndMarketingExpenses": 0,
    "sellingGeneralAndAdministrativeExpenses": 79282000,
    "otherExpenses": 0,
    "operatingExpenses": 79282000,
    "costAndExpenses": 145568000,
    "interestIncome": 0,
    "interestExpense": 0,
    "depreciationAndAmortization": 17541000,
    "ebitda": 94268000,
    "ebitdaratio": 0.424067118,
    "operatingIncome": 76727000,
    "operatingIncomeRatio": 0.3451584606,
    "totalOtherIncomeExpensesNet": 2289000,
    "incomeBeforeTax": 79016000,
    "incomeBeforeTaxRatio": 0.3554555883,
    "incomeTaxExpense": 27578000,
    "netIncome": 51438000,
    "netIncomeRatio": 0.2313952181,
    "eps": 1.02,
    "epsdiluted": 0.99,
    "weightedAverageShsOut": 50456000,
    "weightedAverageShsOutDil": 52224000,
    "link": "https://www.sec.gov/Archives/edgar/data/1013237/000095013503005820/0000950135-03-005820-index.htm",
    "finalLink": "https://www.sec.gov/Archives/edgar/data/1013237/000095013503005820/b48557fre10vk.htm"
  },
  {
    "date": "2002-08-31",
    "symbol": "FDS",
    "reportedCurrency": "USD",
    "cik": "0001013237",
    "fillingDate": "2002-11-26",
    "acceptedDate": "2002-11-26 11:51:28",
    "calendarYear": "2002",
    "period": "FY",
    "revenue": 205853000,
    "costOfRevenue": 67947000,
    "grossProfit": 137906000,
    "grossProfitRatio": 0.669924655,
    "researchAndDevelopmentExpenses": 0,
    "generalAndAdministrativeExpenses": 75084000,
    "sellingAndMarketingExpenses": 0,
    "sellingGeneralAndAdministrativeExpenses": 75084000,
    "otherExpenses": -81113000,
    "operatingExpenses": -6029000,
    "costAndExpenses": 61918000,
    "interestIncome": 0,
    "interestExpense": 0,
    "depreciationAndAmortization": 18276000,
    "ebitda": 80194000,
    "ebitdaratio": 0.3895692557,
    "operatingIncome": 143935000,
    "operatingIncomeRatio": 0.6992125449,
    "totalOtherIncomeExpensesNet": -79698000,
    "incomeBeforeTax": 64237000,
    "incomeBeforeTaxRatio": 0.3120527755,
    "incomeTaxExpense": 23389000,
    "netIncome": 40848000,
    "netIncomeRatio": 0.1984328623,
    "eps": 0.81,
    "epsdiluted": 0.78,
    "weightedAverageShsOut": 50463000,
    "weightedAverageShsOutDil": 52293000,
    "link": "https://www.sec.gov/Archives/edgar/data/1013237/000101323702000114/0001013237-02-000114-index.htm",
    "finalLink": "https://www.sec.gov/Archives/edgar/data/1013237/000101323702000114/f10k.htm"
  },
  {
    "date": "2001-08-31",
    "symbol": "FDS",
    "reportedCurrency": "USD",
    "cik": "0001013237",
    "fillingDate": "2001-11-20",
    "acceptedDate": "2001-11-20 00:00:00",
    "calendarYear": "2001",
    "period": "FY",
    "revenue": 176688000,
    "costOfRevenue": 61576000,
    "grossProfit": 115112000,
    "grossProfitRatio": 0.651498687,
    "researchAndDevelopmentExpenses": 0,
    "generalAndAdministrativeExpenses": 64209000,
    "sellingAndMarketingExpenses": 0,
    "sellingGeneralAndAdministrativeExpenses": 64209000,
    "otherExpenses": 0,
    "operatingExpenses": 64209000,
    "costAndExpenses": 125785000,
    "interestIncome": 0,
    "interestExpense": 0,
    "depreciationAndAmortization": 16524000,
    "ebitda": 67427000,
    "ebitdaratio": 0.3816161822,
    "operatingIncome": 50903000,
    "operatingIncomeRatio": 0.2880953998,
    "totalOtherIncomeExpensesNet": 3343000,
    "incomeBeforeTax": 54246000,
    "incomeBeforeTaxRatio": 0.3070157566,
    "incomeTaxExpense": 20845000,
    "netIncome": 33401000,
    "netIncomeRatio": 0.1890394367,
    "eps": 0.67,
    "epsdiluted": 0.43,
    "weightedAverageShsOut": 49515000,
    "weightedAverageShsOutDil": 51087000,
    "link": "https://www.sec.gov/Archives/edgar/data/1013237/000101323701500062/0001013237-01-500062-index.htm",
    "finalLink": "https://www.sec.gov/Archives/edgar/data/1013237/000101323701500062/f10kstart.htm"
  },
  {
    "date": "2000-08-31",
    "symbol": "FDS",
    "reportedCurrency": "USD",
    "cik": "0001013237",
    "fillingDate": "2000-11-22",
    "acceptedDate": "2000-11-22 00:00:00",
    "calendarYear": "2000",
    "period": "FY",
    "revenue": 134178000,
    "costOfRevenue": 33626000,
    "grossProfit": 100552000,
    "grossProfitRatio": 0.7493925979,
    "researchAndDevelopmentExpenses": 0,
    "generalAndAdministrativeExpenses": 49518000,
    "sellingAndMarketingExpenses": 0,
    "sellingGeneralAndAdministrativeExpenses": 49518000,
    "otherExpenses": 11865000,
    "operatingExpenses": 61383000,
    "costAndExpenses": 95009000,
    "interestIncome": 0,
    "interestExpense": 0,
    "depreciationAndAmortization": 11865000,
    "ebitda": 51034000,
    "ebitdaratio": 0.3803455112,
    "operatingIncome": 39169000,
    "operatingIncomeRatio": 0.2919181982,
    "totalOtherIncomeExpensesNet": 407000,
    "incomeBeforeTax": 39576000,
    "incomeBeforeTaxRatio": 0.2949514824,
    "incomeTaxExpense": 14297000,
    "netIncome": 25279000,
    "netIncomeRatio": 0.1883989924,
    "eps": 0.53,
    "epsdiluted": 0.49,
    "weightedAverageShsOut": 48266000,
    "weightedAverageShsOutDil": 51585000,
    "link": "https://www.sec.gov/Archives/edgar/data/1013237/000101323700000049/0001013237-00-000049-index.htm",
    "finalLink": "https://www.sec.gov/Archives/edgar/data/1013237/000101323700000049/0001013237-00-000049-0001.txt"
  },
  {
    "date": "1999-08-31",
    "symbol": "FDS",
    "reportedCurrency": "USD",
    "cik": "0001013237",
    "fillingDate": "1999-11-23",
    "acceptedDate": "1999-11-23 00:00:00",
    "calendarYear": "1999",
    "period": "FY",
    "revenue": 103800000,
    "costOfRevenue": 27500000,
    "grossProfit": 76300000,
    "grossProfitRatio": 0.7350674374,
    "researchAndDevelopmentExpenses": 0,
    "generalAndAdministrativeExpenses": 37900000,
    "sellingAndMarketingExpenses": 0,
    "sellingGeneralAndAdministrativeExpenses": 37900000,
    "otherExpenses": 9800000,
    "operatingExpenses": 47700000,
    "costAndExpenses": 75200000,
    "interestIncome": 0,
    "interestExpense": 0,
    "depreciationAndAmortization": 9800000,
    "ebitda": 38400000,
    "ebitdaratio": 0.3699421965,
    "operatingIncome": 28600000,
    "operatingIncomeRatio": 0.2755298651,
    "totalOtherIncomeExpensesNet": 2100000,
    "incomeBeforeTax": 30700000,
    "incomeBeforeTaxRatio": 0.295761079,
    "incomeTaxExpense": 12100000,
    "netIncome": 18600000,
    "netIncomeRatio": 0.1791907514,
    "eps": 0.39,
    "epsdiluted": 0.39,
    "weightedAverageShsOut": 47178912,
    "weightedAverageShsOutDil": 47178912,
    "link": "https://www.sec.gov/Archives/edgar/data/1013237/000101323799000032/0001013237-99-000032-index.html",
    "finalLink": "https://www.sec.gov/Archives/edgar/data/1013237/000101323799000032/"
  },
  {
    "date": "1998-08-31",
    "symbol": "FDS",
    "reportedCurrency": "USD",
    "cik": "0001013237",
    "fillingDate": "1998-11-25",
    "acceptedDate": "1998-11-25 00:00:00",
    "calendarYear": "1998",
    "period": "FY",
    "revenue": 78900000,
    "costOfRevenue": 24000000,
    "grossProfit": 54900000,
    "grossProfitRatio": 0.6958174905,
    "researchAndDevelopmentExpenses": 0,
    "generalAndAdministrativeExpenses": 27500000,
    "sellingAndMarketingExpenses": 0,
    "sellingGeneralAndAdministrativeExpenses": 27500000,
    "otherExpenses": 6600000,
    "operatingExpenses": 34100000,
    "costAndExpenses": 58100000,
    "interestIncome": 0,
    "interestExpense": 0,
    "depreciationAndAmortization": 6600000,
    "ebitda": 27400000,
    "ebitdaratio": 0.3472750317,
    "operatingIncome": 20800000,
    "operatingIncomeRatio": 0.2636248416,
    "totalOtherIncomeExpensesNet": 1600000,
    "incomeBeforeTax": 22400000,
    "incomeBeforeTaxRatio": 0.2839036755,
    "incomeTaxExpense": 9800000,
    "netIncome": 12800000,
    "netIncomeRatio": 0.1622306717,
    "eps": 0.29,
    "epsdiluted": 0.29,
    "weightedAverageShsOut": 43455771,
    "weightedAverageShsOutDil": 44409294,
    "link": "https://www.sec.gov/Archives/edgar/data/1013237/000101323798000014/0001013237-98-000014-index.html",
    "finalLink": "https://www.sec.gov/Archives/edgar/data/1013237/"
  },
  {
    "date": "1997-08-31",
    "symbol": "FDS",
    "reportedCurrency": "USD",
    "cik": "0001013237",
    "fillingDate": "1997-11-26",
    "acceptedDate": "1997-11-26 00:00:00",
    "calendarYear": "1997",
    "period": "FY",
    "revenue": 58400000,
    "costOfRevenue": 18700000,
    "grossProfit": 39700000,
    "grossProfitRatio": 0.6797945205,
    "researchAndDevelopmentExpenses": 0,
    "generalAndAdministrativeExpenses": 20100000,
    "sellingAndMarketingExpenses": 0,
    "sellingGeneralAndAdministrativeExpenses": 20100000,
    "otherExpenses": 4700000,
    "operatingExpenses": 24800000,
    "costAndExpenses": 43500000,
    "interestIncome": 0,
    "interestExpense": 0,
    "depreciationAndAmortization": 4700000,
    "ebitda": 19600000,
    "ebitdaratio": 0.3356164384,
    "operatingIncome": 14900000,
    "operatingIncomeRatio": 0.2551369863,
    "totalOtherIncomeExpensesNet": 800000,
    "incomeBeforeTax": 15700000,
    "incomeBeforeTaxRatio": 0.2688356164,
    "incomeTaxExpense": 6800000,
    "netIncome": 8900000,
    "netIncomeRatio": 0.1523972603,
    "eps": 0.18,
    "epsdiluted": 0.18,
    "weightedAverageShsOut": 48771000,
    "weightedAverageShsOutDil": 48771000,
    "link": "https://www.sec.gov/Archives/edgar/data/1013237/000101323797000009/0001013237-97-000009-index.html",
    "finalLink": "https://www.sec.gov/Archives/edgar/data/1013237/"
  },
  {
    "date": "1996-08-31",
    "symbol": "FDS",
    "reportedCurrency": "USD",
    "cik": "0001013237",
    "fillingDate": "1996-11-26",
    "acceptedDate": "1996-11-26 00:00:00",
    "calendarYear": "1996",
    "period": "FY",
    "revenue": 44300000,
    "costOfRevenue": 9600000,
    "grossProfit": 34700000,
    "grossProfitRatio": 0.7832957111,
    "researchAndDevelopmentExpenses": 0,
    "generalAndAdministrativeExpenses": 21000000,
    "sellingAndMarketingExpenses": 0,
    "sellingGeneralAndAdministrativeExpenses": 21000000,
    "otherExpenses": 3000000,
    "operatingExpenses": 24000000,
    "costAndExpenses": 33600000,
    "interestIncome": 0,
    "interestExpense": 0,
    "depreciationAndAmortization": 3000000,
    "ebitda": 13700000,
    "ebitdaratio": 0.309255079,
    "operatingIncome": 10700000,
    "operatingIncomeRatio": 0.2415349887,
    "totalOtherIncomeExpensesNet": 700000,
    "incomeBeforeTax": 11400000,
    "incomeBeforeTaxRatio": 0.2573363431,
    "incomeTaxExpense": 4900000,
    "netIncome": 6500000,
    "netIncomeRatio": 0.1467268623,
    "eps": 0.15,
    "epsdiluted": 0.15,
    "weightedAverageShsOut": 42824588,
    "weightedAverageShsOutDil": 42869565,
    "link": "https://www.sec.gov/Archives/edgar/data/1013237/000101323796000009/0001013237-96-000009-index.html",
    "finalLink": "https://www.sec.gov/Archives/edgar/data/1013237/"
  }
]