[
  {
    "date": "2025-08-31",
    "symbol": "FDX",
    "reportedCurrency": "USD",
    "cik": "0001048911",
    "fillingDate": "2025-09-18",
    "acceptedDate": "2025-09-18 16:17:53",
    "calendarYear": "2026",
    "period": "Q1",
    "revenue": 22244000000,
    "costOfRevenue": 16458000000,
    "grossProfit": 5786000000,
    "grossProfitRatio": 0.2601150872,
    "researchAndDevelopmentExpenses": 0,
    "generalAndAdministrativeExpenses": 0,
    "sellingAndMarketingExpenses": 0,
    "sellingGeneralAndAdministrativeExpenses": 0,
    "otherExpenses": 4600000000,
    "operatingExpenses": 4600000000,
    "costAndExpenses": 21058000000,
    "interestIncome": 0,
    "interestExpense": 119000000,
    "depreciationAndAmortization": 1092000000,
    "ebitda": 2226000000,
    "ebitdaratio": 0.1000719295,
    "operatingIncome": 1186000000,
    "operatingIncomeRatio": 0.0533177486,
    "totalOtherIncomeExpensesNet": -52000000,
    "incomeBeforeTax": 1134000000,
    "incomeBeforeTaxRatio": 0.0509800396,
    "incomeTaxExpense": 310000000,
    "netIncome": 824000000,
    "netIncomeRatio": 0.0370436972,
    "eps": 3.48,
    "epsdiluted": 3.46,
    "weightedAverageShsOut": 243000000,
    "weightedAverageShsOutDil": 243000000,
    "link": "https://www.sec.gov/Archives/edgar/data/1048911/000104891125000044/0001048911-25-000044-index.htm",
    "finalLink": "https://www.sec.gov/Archives/edgar/data/1048911/000104891125000044/fdx-20250831.htm"
  },
  {
    "date": "2025-05-31",
    "symbol": "FDX",
    "reportedCurrency": "USD",
    "cik": "0001048911",
    "fillingDate": "2025-07-21",
    "acceptedDate": "2025-07-21 16:13:19",
    "calendarYear": "2025",
    "period": "Q4",
    "revenue": 22220000000,
    "costOfRevenue": 16911000000,
    "grossProfit": 5309000000,
    "grossProfitRatio": 0.2389288929,
    "researchAndDevelopmentExpenses": 0,
    "generalAndAdministrativeExpenses": 0,
    "sellingAndMarketingExpenses": 0,
    "sellingGeneralAndAdministrativeExpenses": 3322000000,
    "otherExpenses": 0,
    "operatingExpenses": 3322000000,
    "costAndExpenses": 20233000000,
    "interestIncome": 0,
    "interestExpense": 124000000,
    "depreciationAndAmortization": 1057000000,
    "ebitda": 3404000000,
    "ebitdaratio": 0.1531953195,
    "operatingIncome": 1987000000,
    "operatingIncomeRatio": 0.0894239424,
    "totalOtherIncomeExpensesNet": 236000000,
    "incomeBeforeTax": 2223000000,
    "incomeBeforeTaxRatio": 0.1000450045,
    "incomeTaxExpense": 575000000,
    "netIncome": 1648000000,
    "netIncomeRatio": 0.0741674167,
    "eps": 6.92,
    "epsdiluted": 6.88,
    "weightedAverageShsOut": 238000000,
    "weightedAverageShsOutDil": 238000000,
    "link": "https://www.sec.gov/Archives/edgar/data/1048911/000104891125000011/0001048911-25-000011-index.htm",
    "finalLink": "https://www.sec.gov/Archives/edgar/data/1048911/000104891125000011/fdx-20250531.htm"
  },
  {
    "date": "2025-02-28",
    "symbol": "FDX",
    "reportedCurrency": "USD",
    "cik": "0001048911",
    "fillingDate": "2025-03-20",
    "acceptedDate": "2025-03-20 16:15:29",
    "calendarYear": "2025",
    "period": "Q3",
    "revenue": 22160000000,
    "costOfRevenue": 17429000000,
    "grossProfit": 4731000000,
    "grossProfitRatio": 0.2134927798,
    "researchAndDevelopmentExpenses": 0,
    "generalAndAdministrativeExpenses": 0,
    "sellingAndMarketingExpenses": 0,
    "sellingGeneralAndAdministrativeExpenses": 3260000000,
    "otherExpenses": 0,
    "operatingExpenses": 3260000000,
    "costAndExpenses": 20689000000,
    "interestIncome": 0,
    "interestExpense": 116000000,
    "depreciationAndAmortization": 1066000000,
    "ebitda": 2363000000,
    "ebitdaratio": 0.106633574,
    "operatingIncome": 1471000000,
    "operatingIncomeRatio": 0.0663808664,
    "totalOtherIncomeExpensesNet": -290000000,
    "incomeBeforeTax": 1181000000,
    "incomeBeforeTaxRatio": 0.0532942238,
    "incomeTaxExpense": 272000000,
    "netIncome": 909000000,
    "netIncomeRatio": 0.0410198556,
    "eps": 3.79,
    "epsdiluted": 3.76,
    "weightedAverageShsOut": 240000000,
    "weightedAverageShsOutDil": 244000000,
    "link": "https://www.sec.gov/Archives/edgar/data/1048911/000095017025042672/0000950170-25-042672-index.htm",
    "finalLink": "https://www.sec.gov/Archives/edgar/data/1048911/000095017025042672/fdx-20250228.htm"
  },
  {
    "date": "2024-11-30",
    "symbol": "FDX",
    "reportedCurrency": "USD",
    "cik": "0001048911",
    "fillingDate": "2024-12-19",
    "acceptedDate": "2024-12-19 16:15:26",
    "calendarYear": "2025",
    "period": "Q2",
    "revenue": 21967000000,
    "costOfRevenue": 17388000000,
    "grossProfit": 4579000000,
    "grossProfitRatio": 0.2084490372,
    "researchAndDevelopmentExpenses": 0,
    "generalAndAdministrativeExpenses": 0,
    "sellingAndMarketingExpenses": 0,
    "sellingGeneralAndAdministrativeExpenses": 3201000000,
    "otherExpenses": 0,
    "operatingExpenses": 3201000000,
    "costAndExpenses": 20589000000,
    "interestIncome": 0,
    "interestExpense": 102000000,
    "depreciationAndAmortization": 1063000000,
    "ebitda": 2146000000,
    "ebitdaratio": 0.0976919925,
    "operatingIncome": 1378000000,
    "operatingIncomeRatio": 0.0627304593,
    "totalOtherIncomeExpensesNet": -397000000,
    "incomeBeforeTax": 981000000,
    "incomeBeforeTaxRatio": 0.0446578959,
    "incomeTaxExpense": 240000000,
    "netIncome": 741000000,
    "netIncomeRatio": 0.0337324168,
    "eps": 3.07,
    "epsdiluted": 3.03,
    "weightedAverageShsOut": 242000000,
    "weightedAverageShsOutDil": 244000000,
    "link": "https://www.sec.gov/Archives/edgar/data/1048911/000095017024138460/0000950170-24-138460-index.htm",
    "finalLink": "https://www.sec.gov/Archives/edgar/data/1048911/000095017024138460/fdx-20241130.htm"
  },
  {
    "date": "2024-08-31",
    "symbol": "FDX",
    "reportedCurrency": "USD",
    "cik": "0001048911",
    "fillingDate": "2024-09-19",
    "acceptedDate": "2024-09-19 16:20:17",
    "calendarYear": "2025",
    "period": "Q1",
    "revenue": 21579000000,
    "costOfRevenue": 17203000000,
    "grossProfit": 4376000000,
    "grossProfitRatio": 0.2027897493,
    "researchAndDevelopmentExpenses": 0,
    "generalAndAdministrativeExpenses": 0,
    "sellingAndMarketingExpenses": 0,
    "sellingGeneralAndAdministrativeExpenses": 3168000000,
    "otherExpenses": 0,
    "operatingExpenses": 3168000000,
    "costAndExpenses": 20371000000,
    "interestIncome": 0,
    "interestExpense": 84000000,
    "depreciationAndAmortization": 1078000000,
    "ebitda": 2218000000,
    "ebitdaratio": 0.1027851152,
    "operatingIncome": 1208000000,
    "operatingIncomeRatio": 0.0559803513,
    "totalOtherIncomeExpensesNet": -152000000,
    "incomeBeforeTax": 1056000000,
    "incomeBeforeTaxRatio": 0.048936466,
    "incomeTaxExpense": 262000000,
    "netIncome": 794000000,
    "netIncomeRatio": 0.0367950322,
    "eps": 3.24,
    "epsdiluted": 3.21,
    "weightedAverageShsOut": 247352000,
    "weightedAverageShsOutDil": 247352000,
    "link": "https://www.sec.gov/Archives/edgar/data/1048911/000095017024108107/0000950170-24-108107-index.htm",
    "finalLink": "https://www.sec.gov/Archives/edgar/data/1048911/000095017024108107/fdx-20240831.htm"
  },
  {
    "date": "2024-05-31",
    "symbol": "FDX",
    "reportedCurrency": "USD",
    "cik": "0001048911",
    "fillingDate": "2024-07-15",
    "acceptedDate": "2024-07-15 16:16:29",
    "calendarYear": "2024",
    "period": "Q4",
    "revenue": 22109000000,
    "costOfRevenue": 16986000000,
    "grossProfit": 5123000000,
    "grossProfitRatio": 0.2317155909,
    "researchAndDevelopmentExpenses": 0,
    "generalAndAdministrativeExpenses": 0,
    "sellingAndMarketingExpenses": 0,
    "sellingGeneralAndAdministrativeExpenses": 3136000000,
    "otherExpenses": 0,
    "operatingExpenses": 3136000000,
    "costAndExpenses": 20122000000,
    "interestIncome": 0,
    "interestExpense": 96000000,
    "depreciationAndAmortization": 1104000000,
    "ebitda": 3228000000,
    "ebitdaratio": 0.1460038898,
    "operatingIncome": 1987000000,
    "operatingIncomeRatio": 0.0898729024,
    "totalOtherIncomeExpensesNet": 41000000,
    "incomeBeforeTax": 2028000000,
    "incomeBeforeTaxRatio": 0.0917273509,
    "incomeTaxExpense": 554000000,
    "netIncome": 1474000000,
    "netIncomeRatio": 0.066669682,
    "eps": 5.94,
    "epsdiluted": 5.94,
    "weightedAverageShsOut": 246084514,
    "weightedAverageShsOutDil": 248000000,
    "link": "https://www.sec.gov/Archives/edgar/data/1048911/000095017024083577/0000950170-24-083577-index.htm",
    "finalLink": "https://www.sec.gov/Archives/edgar/data/1048911/000095017024083577/fdx-20240531.htm"
  },
  {
    "date": "2024-02-29",
    "symbol": "FDX",
    "reportedCurrency": "USD",
    "cik": "0001048911",
    "fillingDate": "2024-03-21",
    "acceptedDate": "2024-03-21 16:15:39",
    "calendarYear": "2024",
    "period": "Q3",
    "revenue": 21738000000,
    "costOfRevenue": 17199000000,
    "grossProfit": 4539000000,
    "grossProfitRatio": 0.2088048579,
    "researchAndDevelopmentExpenses": 0,
    "generalAndAdministrativeExpenses": 0,
    "sellingAndMarketingExpenses": 0,
    "sellingGeneralAndAdministrativeExpenses": 3182000000,
    "otherExpenses": 0,
    "operatingExpenses": 3182000000,
    "costAndExpenses": 20381000000,
    "interestIncome": 0,
    "interestExpense": 91000000,
    "depreciationAndAmortization": 1072000000,
    "ebitda": 2346000000,
    "ebitdaratio": 0.1079216119,
    "operatingIncome": 1357000000,
    "operatingIncomeRatio": 0.0624252461,
    "totalOtherIncomeExpensesNet": -174000000,
    "incomeBeforeTax": 1183000000,
    "incomeBeforeTaxRatio": 0.0544208299,
    "incomeTaxExpense": 304000000,
    "netIncome": 879000000,
    "netIncomeRatio": 0.0404361027,
    "eps": 3.55,
    "epsdiluted": 3.51,
    "weightedAverageShsOut": 247000000,
    "weightedAverageShsOutDil": 250000000,
    "link": "https://www.sec.gov/Archives/edgar/data/1048911/000095017024034709/0000950170-24-034709-index.htm",
    "finalLink": "https://www.sec.gov/Archives/edgar/data/1048911/000095017024034709/fdx-20240229.htm"
  },
  {
    "date": "2023-11-30",
    "symbol": "FDX",
    "reportedCurrency": "USD",
    "cik": "0001048911",
    "fillingDate": "2023-12-19",
    "acceptedDate": "2023-12-19 16:15:29",
    "calendarYear": "2024",
    "period": "Q2",
    "revenue": 22165000000,
    "costOfRevenue": 17588000000,
    "grossProfit": 4577000000,
    "grossProfitRatio": 0.2064967291,
    "researchAndDevelopmentExpenses": 0,
    "generalAndAdministrativeExpenses": 0,
    "sellingAndMarketingExpenses": 0,
    "sellingGeneralAndAdministrativeExpenses": 3156000000,
    "otherExpenses": 0,
    "operatingExpenses": 3156000000,
    "costAndExpenses": 20744000000,
    "interestIncome": 0,
    "interestExpense": 97000000,
    "depreciationAndAmortization": 1040000000,
    "ebitda": 2339000000,
    "ebitdaratio": 0.1055267313,
    "operatingIncome": 1421000000,
    "operatingIncomeRatio": 0.0641100835,
    "totalOtherIncomeExpensesNet": -219000000,
    "incomeBeforeTax": 1202000000,
    "incomeBeforeTaxRatio": 0.0542296413,
    "incomeTaxExpense": 302000000,
    "netIncome": 900000000,
    "netIncomeRatio": 0.0406045567,
    "eps": 3.59,
    "epsdiluted": 3.55,
    "weightedAverageShsOut": 250000000,
    "weightedAverageShsOutDil": 253000000,
    "link": "https://www.sec.gov/Archives/edgar/data/1048911/000095017023071495/0000950170-23-071495-index.htm",
    "finalLink": "https://www.sec.gov/Archives/edgar/data/1048911/000095017023071495/fdx-20231130.htm"
  },
  {
    "date": "2023-08-31",
    "symbol": "FDX",
    "reportedCurrency": "USD",
    "cik": "0001048911",
    "fillingDate": "2023-09-20",
    "acceptedDate": "2023-09-20 16:15:30",
    "calendarYear": "2024",
    "period": "Q1",
    "revenue": 21681000000,
    "costOfRevenue": 16968000000,
    "grossProfit": 4713000000,
    "grossProfitRatio": 0.2173792722,
    "researchAndDevelopmentExpenses": 0,
    "generalAndAdministrativeExpenses": 0,
    "sellingAndMarketingExpenses": 0,
    "sellingGeneralAndAdministrativeExpenses": 3123000000,
    "otherExpenses": 0,
    "operatingExpenses": 3123000000,
    "costAndExpenses": 20091000000,
    "interestIncome": 0,
    "interestExpense": 91000000,
    "depreciationAndAmortization": 1071000000,
    "ebitda": 2585000000,
    "ebitdaratio": 0.1192288179,
    "operatingIncome": 1590000000,
    "operatingIncomeRatio": 0.0733361007,
    "totalOtherIncomeExpensesNet": -167000000,
    "incomeBeforeTax": 1423000000,
    "incomeBeforeTaxRatio": 0.065633504,
    "incomeTaxExpense": 345000000,
    "netIncome": 1078000000,
    "netIncomeRatio": 0.0497209538,
    "eps": 4.29,
    "epsdiluted": 4.24,
    "weightedAverageShsOut": 251000000,
    "weightedAverageShsOutDil": 254000000,
    "link": "https://www.sec.gov/Archives/edgar/data/1048911/000095017023048994/0000950170-23-048994-index.htm",
    "finalLink": "https://www.sec.gov/Archives/edgar/data/1048911/000095017023048994/fdx-20230831.htm"
  },
  {
    "date": "2023-05-31",
    "symbol": "FDX",
    "reportedCurrency": "USD",
    "cik": "0001048911",
    "fillingDate": "2023-07-17",
    "acceptedDate": "2023-07-17 16:16:59",
    "calendarYear": "2023",
    "period": "Q4",
    "revenue": 21930000000,
    "costOfRevenue": 16687000000,
    "grossProfit": 5243000000,
    "grossProfitRatio": 0.2390788874,
    "researchAndDevelopmentExpenses": 0,
    "generalAndAdministrativeExpenses": 0,
    "sellingAndMarketingExpenses": 0,
    "sellingGeneralAndAdministrativeExpenses": 3476000000,
    "otherExpenses": 0,
    "operatingExpenses": 3476000000,
    "costAndExpenses": 20163000000,
    "interestIncome": 0,
    "interestExpense": 105000000,
    "depreciationAndAmortization": 1075000000,
    "ebitda": 3308000000,
    "ebitdaratio": 0.1508435933,
    "operatingIncome": 1767000000,
    "operatingIncomeRatio": 0.0805745554,
    "totalOtherIncomeExpensesNet": 361000000,
    "incomeBeforeTax": 2128000000,
    "incomeBeforeTaxRatio": 0.0970360237,
    "incomeTaxExpense": 590000000,
    "netIncome": 1538000000,
    "netIncomeRatio": 0.0701322389,
    "eps": 6.12,
    "epsdiluted": 6.05,
    "weightedAverageShsOut": 251187242,
    "weightedAverageShsOutDil": 254000000,
    "link": "https://www.sec.gov/Archives/edgar/data/1048911/000095017023033201/0000950170-23-033201-index.htm",
    "finalLink": "https://www.sec.gov/Archives/edgar/data/1048911/000095017023033201/fdx-20230531.htm"
  },
  {
    "date": "2023-02-28",
    "symbol": "FDX",
    "reportedCurrency": "USD",
    "cik": "0001048911",
    "fillingDate": "2023-03-16",
    "acceptedDate": "2023-03-16 16:16:40",
    "calendarYear": "2023",
    "period": "Q3",
    "revenue": 22169000000,
    "costOfRevenue": 17594000000,
    "grossProfit": 4575000000,
    "grossProfitRatio": 0.2063692544,
    "researchAndDevelopmentExpenses": 0,
    "generalAndAdministrativeExpenses": 0,
    "sellingAndMarketingExpenses": 0,
    "sellingGeneralAndAdministrativeExpenses": 3407000000,
    "otherExpenses": 0,
    "operatingExpenses": 3407000000,
    "costAndExpenses": 21001000000,
    "interestIncome": 0,
    "interestExpense": 122000000,
    "depreciationAndAmortization": 1031000000,
    "ebitda": 2175000000,
    "ebitdaratio": 0.0981099734,
    "operatingIncome": 1168000000,
    "operatingIncomeRatio": 0.0526861834,
    "totalOtherIncomeExpensesNet": -146000000,
    "incomeBeforeTax": 1022000000,
    "incomeBeforeTaxRatio": 0.0461004105,
    "incomeTaxExpense": 251000000,
    "netIncome": 771000000,
    "netIncomeRatio": 0.034778294,
    "eps": 3.07,
    "epsdiluted": 3.04,
    "weightedAverageShsOut": 251000000,
    "weightedAverageShsOutDil": 253000000,
    "link": "https://www.sec.gov/Archives/edgar/data/1048911/000095017023008475/0000950170-23-008475-index.htm",
    "finalLink": "https://www.sec.gov/Archives/edgar/data/1048911/000095017023008475/fdx-20230228.htm"
  },
  {
    "date": "2022-11-30",
    "symbol": "FDX",
    "reportedCurrency": "USD",
    "cik": "0001048911",
    "fillingDate": "2022-12-20",
    "acceptedDate": "2022-12-20 16:11:52",
    "calendarYear": "2023",
    "period": "Q2",
    "revenue": 22814000000,
    "costOfRevenue": 18173000000,
    "grossProfit": 4641000000,
    "grossProfitRatio": 0.2034277198,
    "researchAndDevelopmentExpenses": 0,
    "generalAndAdministrativeExpenses": 0,
    "sellingAndMarketingExpenses": 0,
    "sellingGeneralAndAdministrativeExpenses": 3429000000,
    "otherExpenses": 0,
    "operatingExpenses": 3429000000,
    "costAndExpenses": 21602000000,
    "interestIncome": 0,
    "interestExpense": 127000000,
    "depreciationAndAmortization": 1046000000,
    "ebitda": 2232000000,
    "ebitdaratio": 0.0978346629,
    "operatingIncome": 1212000000,
    "operatingIncomeRatio": 0.053125274,
    "totalOtherIncomeExpensesNet": -153000000,
    "incomeBeforeTax": 1059000000,
    "incomeBeforeTaxRatio": 0.0464188656,
    "incomeTaxExpense": 271000000,
    "netIncome": 788000000,
    "netIncomeRatio": 0.0345401946,
    "eps": 3.08,
    "epsdiluted": 3.07,
    "weightedAverageShsOut": 255000000,
    "weightedAverageShsOutDil": 256000000,
    "link": "https://www.sec.gov/Archives/edgar/data/1048911/000095017022026825/0000950170-22-026825-index.htm",
    "finalLink": "https://www.sec.gov/Archives/edgar/data/1048911/000095017022026825/fdx-20221130.htm"
  },
  {
    "date": "2022-08-31",
    "symbol": "FDX",
    "reportedCurrency": "USD",
    "cik": "0001048911",
    "fillingDate": "2022-09-22",
    "acceptedDate": "2022-09-22 16:11:18",
    "calendarYear": "2023",
    "period": "Q1",
    "revenue": 23242000000,
    "costOfRevenue": 18535000000,
    "grossProfit": 4707000000,
    "grossProfitRatio": 0.2025212977,
    "researchAndDevelopmentExpenses": 0,
    "generalAndAdministrativeExpenses": 0,
    "sellingAndMarketingExpenses": 0,
    "sellingGeneralAndAdministrativeExpenses": 3464000000,
    "otherExpenses": 0,
    "operatingExpenses": 3464000000,
    "costAndExpenses": 21999000000,
    "interestIncome": 0,
    "interestExpense": 142000000,
    "depreciationAndAmortization": 1024000000,
    "ebitda": 2320000000,
    "ebitdaratio": 0.0998192927,
    "operatingIncome": 1243000000,
    "operatingIncomeRatio": 0.0534807676,
    "totalOtherIncomeExpensesNet": -89000000,
    "incomeBeforeTax": 1154000000,
    "incomeBeforeTaxRatio": 0.049651493,
    "incomeTaxExpense": 279000000,
    "netIncome": 875000000,
    "netIncomeRatio": 0.0376473625,
    "eps": 3.38,
    "epsdiluted": 3.34,
    "weightedAverageShsOut": 259000000,
    "weightedAverageShsOutDil": 262000000,
    "link": "https://www.sec.gov/Archives/edgar/data/1048911/000095017022018769/0000950170-22-018769-index.htm",
    "finalLink": "https://www.sec.gov/Archives/edgar/data/1048911/000095017022018769/fdx-20220831.htm"
  },
  {
    "date": "2022-05-31",
    "symbol": "FDX",
    "reportedCurrency": "USD",
    "cik": "0001048911",
    "fillingDate": "2022-07-18",
    "acceptedDate": "2022-07-18 16:16:49",
    "calendarYear": "2022",
    "period": "Q4",
    "revenue": 24394000000,
    "costOfRevenue": 18646000000,
    "grossProfit": 5748000000,
    "grossProfitRatio": 0.2356317127,
    "researchAndDevelopmentExpenses": 0,
    "generalAndAdministrativeExpenses": 0,
    "sellingAndMarketingExpenses": 0,
    "sellingGeneralAndAdministrativeExpenses": 3856000000,
    "otherExpenses": 0,
    "operatingExpenses": 3856000000,
    "costAndExpenses": 22502000000,
    "interestIncome": 53000000,
    "interestExpense": 211000000,
    "depreciationAndAmortization": 1018000000,
    "ebitda": 1913000000,
    "ebitdaratio": 0.0784209232,
    "operatingIncome": 1892000000,
    "operatingIncomeRatio": 0.0775600558,
    "totalOtherIncomeExpensesNet": -1208000000,
    "incomeBeforeTax": 684000000,
    "incomeBeforeTaxRatio": 0.0280396819,
    "incomeTaxExpense": 126000000,
    "netIncome": 558000000,
    "netIncomeRatio": 0.0228744773,
    "eps": 2.14,
    "epsdiluted": 2.13,
    "weightedAverageShsOut": 261000000,
    "weightedAverageShsOutDil": 261971831,
    "link": "https://www.sec.gov/Archives/edgar/data/1048911/000095017022012762/0000950170-22-012762-index.htm",
    "finalLink": "https://www.sec.gov/Archives/edgar/data/1048911/000095017022012762/fdx-20220531.htm"
  },
  {
    "date": "2022-02-28",
    "symbol": "FDX",
    "reportedCurrency": "USD",
    "cik": "0001048911",
    "fillingDate": "2022-03-17",
    "acceptedDate": "2022-03-17 16:12:10",
    "calendarYear": "2022",
    "period": "Q3",
    "revenue": 23641000000,
    "costOfRevenue": 18750000000,
    "grossProfit": 4891000000,
    "grossProfitRatio": 0.2068863415,
    "researchAndDevelopmentExpenses": 0,
    "generalAndAdministrativeExpenses": 0,
    "sellingAndMarketingExpenses": 0,
    "sellingGeneralAndAdministrativeExpenses": 3429000000,
    "otherExpenses": 0,
    "operatingExpenses": 3429000000,
    "costAndExpenses": 22179000000,
    "interestIncome": 0,
    "interestExpense": 163000000,
    "depreciationAndAmortization": 986000000,
    "ebitda": 2524000000,
    "ebitdaratio": 0.1067636733,
    "operatingIncome": 1462000000,
    "operatingIncomeRatio": 0.0618417157,
    "totalOtherIncomeExpensesNet": -87000000,
    "incomeBeforeTax": 1375000000,
    "incomeBeforeTaxRatio": 0.0581616683,
    "incomeTaxExpense": 263000000,
    "netIncome": 1112000000,
    "netIncomeRatio": 0.0470369274,
    "eps": 4.2,
    "epsdiluted": 4.2,
    "weightedAverageShsOut": 261000000,
    "weightedAverageShsOutDil": 265000000,
    "link": "https://www.sec.gov/Archives/edgar/data/1048911/000095017022004086/0000950170-22-004086-index.htm",
    "finalLink": "https://www.sec.gov/Archives/edgar/data/1048911/000095017022004086/fdx-20220228.htm"
  },
  {
    "date": "2021-11-30",
    "symbol": "FDX",
    "reportedCurrency": "USD",
    "cik": "0001048911",
    "fillingDate": "2021-12-16",
    "acceptedDate": "2021-12-16 16:11:21",
    "calendarYear": "2022",
    "period": "Q2",
    "revenue": 23404000000,
    "costOfRevenue": 18532000000,
    "grossProfit": 4872000000,
    "grossProfitRatio": 0.2081695437,
    "researchAndDevelopmentExpenses": 0,
    "generalAndAdministrativeExpenses": 0,
    "sellingAndMarketingExpenses": 0,
    "sellingGeneralAndAdministrativeExpenses": 3301000000,
    "otherExpenses": 0,
    "operatingExpenses": 3301000000,
    "costAndExpenses": 21833000000,
    "interestIncome": 0,
    "interestExpense": 155000000,
    "depreciationAndAmortization": 995000000,
    "ebitda": 2530000000,
    "ebitdaratio": 0.1081011793,
    "operatingIncome": 1571000000,
    "operatingIncomeRatio": 0.0671252777,
    "totalOtherIncomeExpensesNet": -191000000,
    "incomeBeforeTax": 1380000000,
    "incomeBeforeTaxRatio": 0.0589642796,
    "incomeTaxExpense": 336000000,
    "netIncome": 1044000000,
    "netIncomeRatio": 0.0446077594,
    "eps": 3.94,
    "epsdiluted": 3.88,
    "weightedAverageShsOut": 265000000,
    "weightedAverageShsOutDil": 268000000,
    "link": "https://www.sec.gov/Archives/edgar/data/1048911/000156459021060577/0001564590-21-060577-index.htm",
    "finalLink": "https://www.sec.gov/Archives/edgar/data/1048911/000156459021060577/fdx-10q_20211130.htm"
  },
  {
    "date": "2021-08-31",
    "symbol": "FDX",
    "reportedCurrency": "USD",
    "cik": "0001048911",
    "fillingDate": "2021-09-21",
    "acceptedDate": "2021-09-21 16:10:52",
    "calendarYear": "2022",
    "period": "Q1",
    "revenue": 21938000000,
    "costOfRevenue": 17417000000,
    "grossProfit": 4521000000,
    "grossProfitRatio": 0.2060807731,
    "researchAndDevelopmentExpenses": 0,
    "generalAndAdministrativeExpenses": 0,
    "sellingAndMarketingExpenses": 0,
    "sellingGeneralAndAdministrativeExpenses": 3092000000,
    "otherExpenses": 0,
    "operatingExpenses": 3092000000,
    "costAndExpenses": 20509000000,
    "interestIncome": 0,
    "interestExpense": 160000000,
    "depreciationAndAmortization": 971000000,
    "ebitda": 2588000000,
    "ebitdaratio": 0.1179688212,
    "operatingIncome": 1429000000,
    "operatingIncomeRatio": 0.0651381165,
    "totalOtherIncomeExpensesNet": 28000000,
    "incomeBeforeTax": 1457000000,
    "incomeBeforeTaxRatio": 0.0664144407,
    "incomeTaxExpense": 345000000,
    "netIncome": 1112000000,
    "netIncomeRatio": 0.0506883034,
    "eps": 4.17,
    "epsdiluted": 4.09,
    "weightedAverageShsOut": 266000000,
    "weightedAverageShsOutDil": 271000000,
    "link": "https://www.sec.gov/Archives/edgar/data/1048911/000156459021048468/0001564590-21-048468-index.htm",
    "finalLink": "https://www.sec.gov/Archives/edgar/data/1048911/000156459021048468/fdx-10q_20210831.htm"
  },
  {
    "date": "2021-05-31",
    "symbol": "FDX",
    "reportedCurrency": "USD",
    "cik": "0001048911",
    "fillingDate": "2021-07-19",
    "acceptedDate": "2021-07-19 16:18:04",
    "calendarYear": "2021",
    "period": "Q4",
    "revenue": 22565000000,
    "costOfRevenue": 17376000000,
    "grossProfit": 5189000000,
    "grossProfitRatio": 0.2299578994,
    "researchAndDevelopmentExpenses": 0,
    "generalAndAdministrativeExpenses": 0,
    "sellingAndMarketingExpenses": 0,
    "sellingGeneralAndAdministrativeExpenses": 3222000000,
    "otherExpenses": 0,
    "operatingExpenses": 3222000000,
    "costAndExpenses": 20598000000,
    "interestIncome": 0,
    "interestExpense": 186000000,
    "depreciationAndAmortization": 975000000,
    "ebitda": 3774000000,
    "ebitdaratio": 0.1672501662,
    "operatingIncome": 1967000000,
    "operatingIncomeRatio": 0.0871703966,
    "totalOtherIncomeExpensesNet": 646000000,
    "incomeBeforeTax": 2613000000,
    "incomeBeforeTaxRatio": 0.1157988035,
    "incomeTaxExpense": 745000000,
    "netIncome": 1868000000,
    "netIncomeRatio": 0.0827830711,
    "eps": 6.89,
    "epsdiluted": 6.88,
    "weightedAverageShsOut": 271000000,
    "weightedAverageShsOutDil": 271511628,
    "link": "https://www.sec.gov/Archives/edgar/data/1048911/000156459021037031/0001564590-21-037031-index.htm",
    "finalLink": "https://www.sec.gov/Archives/edgar/data/1048911/000156459021037031/fdx-10k_20210531.htm"
  },
  {
    "date": "2021-02-28",
    "symbol": "FDX",
    "reportedCurrency": "USD",
    "cik": "0001048911",
    "fillingDate": "2021-03-18",
    "acceptedDate": "2021-03-18 16:19:57",
    "calendarYear": "2021",
    "period": "Q3",
    "revenue": 21480000000,
    "costOfRevenue": 17335000000,
    "grossProfit": 4145000000,
    "grossProfitRatio": 0.1929702048,
    "researchAndDevelopmentExpenses": 0,
    "generalAndAdministrativeExpenses": 0,
    "sellingAndMarketingExpenses": 0,
    "sellingGeneralAndAdministrativeExpenses": 3111000000,
    "otherExpenses": 0,
    "operatingExpenses": 3111000000,
    "costAndExpenses": 20446000000,
    "interestIncome": 0,
    "interestExpense": 187000000,
    "depreciationAndAmortization": 956000000,
    "ebitda": 2192000000,
    "ebitdaratio": 0.1020484171,
    "operatingIncome": 1034000000,
    "operatingIncomeRatio": 0.0481378026,
    "totalOtherIncomeExpensesNet": 15000000,
    "incomeBeforeTax": 1049000000,
    "incomeBeforeTaxRatio": 0.0488361266,
    "incomeTaxExpense": 157000000,
    "netIncome": 892000000,
    "netIncomeRatio": 0.0415270019,
    "eps": 3.36,
    "epsdiluted": 3.3,
    "weightedAverageShsOut": 265000000,
    "weightedAverageShsOutDil": 270000000,
    "link": "https://www.sec.gov/Archives/edgar/data/1048911/000156459021014160/0001564590-21-014160-index.htm",
    "finalLink": "https://www.sec.gov/Archives/edgar/data/1048911/000156459021014160/fdx-10q_20210228.htm"
  },
  {
    "date": "2020-11-30",
    "symbol": "FDX",
    "reportedCurrency": "USD",
    "cik": "0001048911",
    "fillingDate": "2020-12-17",
    "acceptedDate": "2020-12-17 16:15:57",
    "calendarYear": "2021",
    "period": "Q2",
    "revenue": 20493000000,
    "costOfRevenue": 16232000000,
    "grossProfit": 4261000000,
    "grossProfitRatio": 0.2079246572,
    "researchAndDevelopmentExpenses": 0,
    "generalAndAdministrativeExpenses": 0,
    "sellingAndMarketingExpenses": 0,
    "sellingGeneralAndAdministrativeExpenses": 2818000000,
    "otherExpenses": 0,
    "operatingExpenses": 2818000000,
    "costAndExpenses": 19050000000,
    "interestIncome": 0,
    "interestExpense": 184000000,
    "depreciationAndAmortization": 936000000,
    "ebitda": 2526000000,
    "ebitdaratio": 0.1232616015,
    "operatingIncome": 1443000000,
    "operatingIncomeRatio": 0.0704142878,
    "totalOtherIncomeExpensesNet": -37000000,
    "incomeBeforeTax": 1406000000,
    "incomeBeforeTaxRatio": 0.0686087932,
    "incomeTaxExpense": 180000000,
    "netIncome": 1226000000,
    "netIncomeRatio": 0.0598253062,
    "eps": 4.64,
    "epsdiluted": 4.55,
    "weightedAverageShsOut": 264000000,
    "weightedAverageShsOutDil": 269000000,
    "link": "https://www.sec.gov/Archives/edgar/data/1048911/000156459020057454/0001564590-20-057454-index.htm",
    "finalLink": "https://www.sec.gov/Archives/edgar/data/1048911/000156459020057454/fdx-10q_20201130.htm"
  },
  {
    "date": "2020-08-31",
    "symbol": "FDX",
    "reportedCurrency": "USD",
    "cik": "0001048911",
    "fillingDate": "2020-09-15",
    "acceptedDate": "2020-09-15 16:17:33",
    "calendarYear": "2021",
    "period": "Q1",
    "revenue": 19321000000,
    "costOfRevenue": 15062000000,
    "grossProfit": 4259000000,
    "grossProfitRatio": 0.220433725,
    "researchAndDevelopmentExpenses": 0,
    "generalAndAdministrativeExpenses": 0,
    "sellingAndMarketingExpenses": 0,
    "sellingGeneralAndAdministrativeExpenses": 2669000000,
    "otherExpenses": 0,
    "operatingExpenses": 2669000000,
    "costAndExpenses": 17731000000,
    "interestIncome": 0,
    "interestExpense": 184000000,
    "depreciationAndAmortization": 926000000,
    "ebitda": 2716000000,
    "ebitdaratio": 0.1405724341,
    "operatingIncome": 1590000000,
    "operatingIncomeRatio": 0.0822938771,
    "totalOtherIncomeExpensesNet": 16000000,
    "incomeBeforeTax": 1606000000,
    "incomeBeforeTaxRatio": 0.0831219916,
    "incomeTaxExpense": 361000000,
    "netIncome": 1245000000,
    "netIncomeRatio": 0.0644376585,
    "eps": 4.75,
    "epsdiluted": 4.72,
    "weightedAverageShsOut": 262000000,
    "weightedAverageShsOutDil": 263000000,
    "link": "https://www.sec.gov/Archives/edgar/data/1048911/000156459020043606/0001564590-20-043606-index.htm",
    "finalLink": "https://www.sec.gov/Archives/edgar/data/1048911/000156459020043606/fdx-10q_20200831.htm"
  },
  {
    "date": "2020-05-31",
    "symbol": "FDX",
    "reportedCurrency": "USD",
    "cik": "0001048911",
    "fillingDate": "2020-07-20",
    "acceptedDate": "2020-07-20 16:16:44",
    "calendarYear": "2020",
    "period": "Q4",
    "revenue": 17358000000,
    "costOfRevenue": 13894000000,
    "grossProfit": 3464000000,
    "grossProfitRatio": 0.1995621615,
    "researchAndDevelopmentExpenses": 0,
    "generalAndAdministrativeExpenses": 0,
    "sellingAndMarketingExpenses": 0,
    "sellingGeneralAndAdministrativeExpenses": 2620000000,
    "otherExpenses": 0,
    "operatingExpenses": 2620000000,
    "costAndExpenses": 16514000000,
    "interestIncome": 0,
    "interestExpense": 174000000,
    "depreciationAndAmortization": 927000000,
    "ebitda": 782000000,
    "ebitdaratio": 0.0450512732,
    "operatingIncome": 844000000,
    "operatingIncomeRatio": 0.0486231133,
    "totalOtherIncomeExpensesNet": -1163000000,
    "incomeBeforeTax": -319000000,
    "incomeBeforeTaxRatio": -0.0183776933,
    "incomeTaxExpense": 15000000,
    "netIncome": -334000000,
    "netIncomeRatio": -0.0192418481,
    "eps": -1.28,
    "epsdiluted": -1.28,
    "weightedAverageShsOut": 261000000,
    "weightedAverageShsOutDil": 261000000,
    "link": "https://www.sec.gov/Archives/edgar/data/1048911/000156459020032775/0001564590-20-032775-index.htm",
    "finalLink": "https://www.sec.gov/Archives/edgar/data/1048911/000156459020032775/fdx-10k_20200531.htm"
  },
  {
    "date": "2020-02-29",
    "symbol": "FDX",
    "reportedCurrency": "USD",
    "cik": "0001048911",
    "fillingDate": "2020-03-17",
    "acceptedDate": "2020-03-17 16:17:33",
    "calendarYear": "2020",
    "period": "Q3",
    "revenue": 17487000000,
    "costOfRevenue": 14375000000,
    "grossProfit": 3112000000,
    "grossProfitRatio": 0.1779607709,
    "researchAndDevelopmentExpenses": 0,
    "generalAndAdministrativeExpenses": 0,
    "sellingAndMarketingExpenses": 0,
    "sellingGeneralAndAdministrativeExpenses": 2701000000,
    "otherExpenses": 0,
    "operatingExpenses": 2701000000,
    "costAndExpenses": 17076000000,
    "interestIncome": 0,
    "interestExpense": 155000000,
    "depreciationAndAmortization": 908000000,
    "ebitda": 1483000000,
    "ebitdaratio": 0.0848058558,
    "operatingIncome": 411000000,
    "operatingIncomeRatio": 0.0235031738,
    "totalOtherIncomeExpensesNet": 9000000,
    "incomeBeforeTax": 420000000,
    "incomeBeforeTaxRatio": 0.0240178418,
    "incomeTaxExpense": 105000000,
    "netIncome": 315000000,
    "netIncomeRatio": 0.0180133814,
    "eps": 1.21,
    "epsdiluted": 1.2,
    "weightedAverageShsOut": 261000000,
    "weightedAverageShsOutDil": 262000000,
    "link": "https://www.sec.gov/Archives/edgar/data/1048911/000156459020011411/0001564590-20-011411-index.htm",
    "finalLink": "https://www.sec.gov/Archives/edgar/data/1048911/000156459020011411/fdx-10q_20200229.htm"
  },
  {
    "date": "2019-11-30",
    "symbol": "FDX",
    "reportedCurrency": "USD",
    "cik": "0001048911",
    "fillingDate": "2019-12-17",
    "acceptedDate": "2019-12-17 16:17:32",
    "calendarYear": "2020",
    "period": "Q2",
    "revenue": 17324000000,
    "costOfRevenue": 14052000000,
    "grossProfit": 3272000000,
    "grossProfitRatio": 0.1888709305,
    "researchAndDevelopmentExpenses": 0,
    "generalAndAdministrativeExpenses": 0,
    "sellingAndMarketingExpenses": 0,
    "sellingGeneralAndAdministrativeExpenses": 2652000000,
    "otherExpenses": 0,
    "operatingExpenses": 2652000000,
    "costAndExpenses": 16704000000,
    "interestIncome": 0,
    "interestExpense": 151000000,
    "depreciationAndAmortization": 901000000,
    "ebitda": 1624000000,
    "ebitdaratio": 0.0937427846,
    "operatingIncome": 620000000,
    "operatingIncomeRatio": 0.0357885015,
    "totalOtherIncomeExpensesNet": -48000000,
    "incomeBeforeTax": 572000000,
    "incomeBeforeTaxRatio": 0.0330177788,
    "incomeTaxExpense": 12000000,
    "netIncome": 560000000,
    "netIncomeRatio": 0.0323250981,
    "eps": 2.15,
    "epsdiluted": 2.13,
    "weightedAverageShsOut": 261000000,
    "weightedAverageShsOutDil": 262000000,
    "link": "https://www.sec.gov/Archives/edgar/data/1048911/000156459019046220/0001564590-19-046220-index.htm",
    "finalLink": "https://www.sec.gov/Archives/edgar/data/1048911/000156459019046220/fdx-10q_20191130.htm"
  },
  {
    "date": "2019-08-31",
    "symbol": "FDX",
    "reportedCurrency": "USD",
    "cik": "0001048911",
    "fillingDate": "2019-09-17",
    "acceptedDate": "2019-09-17 16:17:01",
    "calendarYear": "2020",
    "period": "Q1",
    "revenue": 17048000000,
    "costOfRevenue": 13552000000,
    "grossProfit": 3496000000,
    "grossProfitRatio": 0.2050680432,
    "researchAndDevelopmentExpenses": 0,
    "generalAndAdministrativeExpenses": 0,
    "sellingAndMarketingExpenses": 0,
    "sellingGeneralAndAdministrativeExpenses": 2519000000,
    "otherExpenses": 0,
    "operatingExpenses": 2519000000,
    "costAndExpenses": 16071000000,
    "interestIncome": 0,
    "interestExpense": 137000000,
    "depreciationAndAmortization": 879000000,
    "ebitda": 2012000000,
    "ebitdaratio": 0.1180197091,
    "operatingIncome": 977000000,
    "operatingIncomeRatio": 0.0573087752,
    "totalOtherIncomeExpensesNet": 19000000,
    "incomeBeforeTax": 996000000,
    "incomeBeforeTaxRatio": 0.0584232755,
    "incomeTaxExpense": 251000000,
    "netIncome": 745000000,
    "netIncomeRatio": 0.0437001408,
    "eps": 2.86,
    "epsdiluted": 2.84,
    "weightedAverageShsOut": 260000000,
    "weightedAverageShsOutDil": 262000000,
    "link": "https://www.sec.gov/Archives/edgar/data/1048911/000156459019034896/0001564590-19-034896-index.htm",
    "finalLink": "https://www.sec.gov/Archives/edgar/data/1048911/000156459019034896/fdx-10q_20190831.htm"
  },
  {
    "date": "2019-05-31",
    "symbol": "FDX",
    "reportedCurrency": "USD",
    "cik": "0001048911",
    "fillingDate": "2019-07-16",
    "acceptedDate": "2019-07-16 16:18:24",
    "calendarYear": "2019",
    "period": "Q4",
    "revenue": 17807000000,
    "costOfRevenue": 13602000000,
    "grossProfit": 4205000000,
    "grossProfitRatio": 0.2361430898,
    "researchAndDevelopmentExpenses": 0,
    "generalAndAdministrativeExpenses": 0,
    "sellingAndMarketingExpenses": 0,
    "sellingGeneralAndAdministrativeExpenses": 2573000000,
    "otherExpenses": 0,
    "operatingExpenses": 2573000000,
    "costAndExpenses": 16175000000,
    "interestIncome": 0,
    "interestExpense": 136000000,
    "depreciationAndAmortization": 866000000,
    "ebitda": -1552000000,
    "ebitdaratio": -0.0871567361,
    "operatingIncome": 1632000000,
    "operatingIncomeRatio": 0.0916493514,
    "totalOtherIncomeExpensesNet": -4186000000,
    "incomeBeforeTax": -2554000000,
    "incomeBeforeTaxRatio": -0.1434267423,
    "incomeTaxExpense": -585000000,
    "netIncome": -1969000000,
    "netIncomeRatio": -0.1105744932,
    "eps": -7.57,
    "epsdiluted": -7.55,
    "weightedAverageShsOut": 260000021,
    "weightedAverageShsOutDil": 260808410,
    "link": "https://www.sec.gov/Archives/edgar/data/1048911/000156459019025065/0001564590-19-025065-index.htm",
    "finalLink": "https://www.sec.gov/Archives/edgar/data/1048911/000156459019025065/fdx-10k_20190531.htm"
  },
  {
    "date": "2019-02-28",
    "symbol": "FDX",
    "reportedCurrency": "USD",
    "cik": "0001048911",
    "fillingDate": "2019-03-19",
    "acceptedDate": "2019-03-19 16:20:41",
    "calendarYear": "2019",
    "period": "Q3",
    "revenue": 17010000000,
    "costOfRevenue": 13612000000,
    "grossProfit": 3398000000,
    "grossProfitRatio": 0.1997648442,
    "researchAndDevelopmentExpenses": 0,
    "generalAndAdministrativeExpenses": 0,
    "sellingAndMarketingExpenses": 0,
    "sellingGeneralAndAdministrativeExpenses": 2483000000,
    "otherExpenses": 0,
    "operatingExpenses": 2483000000,
    "costAndExpenses": 16095000000,
    "interestIncome": 0,
    "interestExpense": 135000000,
    "depreciationAndAmortization": 851000000,
    "ebitda": 1917000000,
    "ebitdaratio": 0.1126984127,
    "operatingIncome": 915000000,
    "operatingIncomeRatio": 0.0537918871,
    "totalOtherIncomeExpensesNet": 16000000,
    "incomeBeforeTax": 931000000,
    "incomeBeforeTaxRatio": 0.0547325103,
    "incomeTaxExpense": 192000000,
    "netIncome": 739000000,
    "netIncomeRatio": 0.0434450323,
    "eps": 2.83,
    "epsdiluted": 2.8,
    "weightedAverageShsOut": 261000000,
    "weightedAverageShsOutDil": 263000000,
    "link": "https://www.sec.gov/Archives/edgar/data/1048911/000156459019008444/0001564590-19-008444-index.htm",
    "finalLink": "https://www.sec.gov/Archives/edgar/data/1048911/000156459019008444/fdx-10q_20190228.htm"
  },
  {
    "date": "2018-11-30",
    "symbol": "FDX",
    "reportedCurrency": "USD",
    "cik": "0001048911",
    "fillingDate": "2018-12-18",
    "acceptedDate": "2018-12-18 16:07:08",
    "calendarYear": "2019",
    "period": "Q2",
    "revenue": 17824000000,
    "costOfRevenue": 14073000000,
    "grossProfit": 3751000000,
    "grossProfitRatio": 0.2104465889,
    "researchAndDevelopmentExpenses": 0,
    "generalAndAdministrativeExpenses": 0,
    "sellingAndMarketingExpenses": 0,
    "sellingGeneralAndAdministrativeExpenses": 2583000000,
    "otherExpenses": 0,
    "operatingExpenses": 2583000000,
    "costAndExpenses": 16656000000,
    "interestIncome": 0,
    "interestExpense": 129000000,
    "depreciationAndAmortization": 828000000,
    "ebitda": 2134000000,
    "ebitdaratio": 0.1197262118,
    "operatingIncome": 1168000000,
    "operatingIncomeRatio": 0.065529623,
    "totalOtherIncomeExpensesNet": 9000000,
    "incomeBeforeTax": 1177000000,
    "incomeBeforeTaxRatio": 0.0660345601,
    "incomeTaxExpense": 242000000,
    "netIncome": 935000000,
    "netIncomeRatio": 0.0524573609,
    "eps": 3.56,
    "epsdiluted": 3.51,
    "weightedAverageShsOut": 262000000,
    "weightedAverageShsOutDil": 266000000,
    "link": "https://www.sec.gov/Archives/edgar/data/1048911/000156459018031032/0001564590-18-031032-index.htm",
    "finalLink": "https://www.sec.gov/Archives/edgar/data/1048911/000156459018031032/fdx-10q_20181130.htm"
  },
  {
    "date": "2018-08-31",
    "symbol": "FDX",
    "reportedCurrency": "USD",
    "cik": "0001048911",
    "fillingDate": "2018-09-17",
    "acceptedDate": "2018-09-17 16:27:09",
    "calendarYear": "2019",
    "period": "Q1",
    "revenue": 17052000000,
    "costOfRevenue": 13579000000,
    "grossProfit": 3473000000,
    "grossProfitRatio": 0.2036711236,
    "researchAndDevelopmentExpenses": 0,
    "generalAndAdministrativeExpenses": 0,
    "sellingAndMarketingExpenses": 0,
    "sellingGeneralAndAdministrativeExpenses": 2402000000,
    "otherExpenses": 0,
    "operatingExpenses": 2402000000,
    "costAndExpenses": 15981000000,
    "interestIncome": 0,
    "interestExpense": 112000000,
    "depreciationAndAmortization": 808000000,
    "ebitda": 2021000000,
    "ebitdaratio": 0.1185198217,
    "operatingIncome": 1071000000,
    "operatingIncomeRatio": 0.0628078818,
    "totalOtherIncomeExpensesNet": 30000000,
    "incomeBeforeTax": 1101000000,
    "incomeBeforeTaxRatio": 0.0645672062,
    "incomeTaxExpense": 266000000,
    "netIncome": 835000000,
    "netIncomeRatio": 0.048967863,
    "eps": 3.15,
    "epsdiluted": 3.1,
    "weightedAverageShsOut": 265000000,
    "weightedAverageShsOutDil": 269000000,
    "link": "https://www.sec.gov/Archives/edgar/data/1048911/000156459018023207/0001564590-18-023207-index.htm",
    "finalLink": "https://www.sec.gov/Archives/edgar/data/1048911/000156459018023207/fdx-10q_20180831.htm"
  },
  {
    "date": "2018-05-31",
    "symbol": "FDX",
    "reportedCurrency": "USD",
    "cik": "0001048911",
    "fillingDate": "2018-07-16",
    "acceptedDate": "2018-07-16 16:19:05",
    "calendarYear": "2018",
    "period": "Q4",
    "revenue": 17314000000,
    "costOfRevenue": 13229000000,
    "grossProfit": 4085000000,
    "grossProfitRatio": 0.2359362366,
    "researchAndDevelopmentExpenses": 0,
    "generalAndAdministrativeExpenses": 0,
    "sellingAndMarketingExpenses": 0,
    "sellingGeneralAndAdministrativeExpenses": 2377000000,
    "otherExpenses": 0,
    "operatingExpenses": 2377000000,
    "costAndExpenses": 15606000000,
    "interestIncome": 0,
    "interestExpense": 147000000,
    "depreciationAndAmortization": 802000000,
    "ebitda": 2307000000,
    "ebitdaratio": 0.133244773,
    "operatingIncome": 1708000000,
    "operatingIncomeRatio": 0.0986484925,
    "totalOtherIncomeExpensesNet": -350000000,
    "incomeBeforeTax": 1358000000,
    "incomeBeforeTaxRatio": 0.0784336375,
    "incomeTaxExpense": 231000000,
    "netIncome": 1127000000,
    "netIncomeRatio": 0.0650918332,
    "eps": 4.24,
    "epsdiluted": 4.15,
    "weightedAverageShsOut": 265924840,
    "weightedAverageShsOutDil": 271000000,
    "link": "https://www.sec.gov/Archives/edgar/data/1048911/000156459018016877/0001564590-18-016877-index.htm",
    "finalLink": "https://www.sec.gov/Archives/edgar/data/1048911/000156459018016877/fdx-10k_20180531.htm"
  },
  {
    "date": "2018-02-28",
    "symbol": "FDX",
    "reportedCurrency": "USD",
    "cik": "0001048911",
    "fillingDate": "2018-03-21",
    "acceptedDate": "2018-03-21 14:35:33",
    "calendarYear": "2018",
    "period": "Q3",
    "revenue": 16526000000,
    "costOfRevenue": 13260000000,
    "grossProfit": 3266000000,
    "grossProfitRatio": 0.1976279802,
    "researchAndDevelopmentExpenses": 0,
    "generalAndAdministrativeExpenses": 0,
    "sellingAndMarketingExpenses": 0,
    "sellingGeneralAndAdministrativeExpenses": 2408000000,
    "otherExpenses": 0,
    "operatingExpenses": 2408000000,
    "costAndExpenses": 15668000000,
    "interestIncome": 0,
    "interestExpense": 125000000,
    "depreciationAndAmortization": 786000000,
    "ebitda": 1785000000,
    "ebitdaratio": 0.1080116181,
    "operatingIncome": 858000000,
    "operatingIncomeRatio": 0.0519181895,
    "totalOtherIncomeExpensesNet": 16000000,
    "incomeBeforeTax": 874000000,
    "incomeBeforeTaxRatio": 0.0528863609,
    "incomeTaxExpense": -1200000000,
    "netIncome": 2074000000,
    "netIncomeRatio": 0.1254992134,
    "eps": 7.74,
    "epsdiluted": 7.59,
    "weightedAverageShsOut": 268000000,
    "weightedAverageShsOutDil": 273000000,
    "link": "https://www.sec.gov/Archives/edgar/data/1048911/000156459018006410/0001564590-18-006410-index.htm",
    "finalLink": "https://www.sec.gov/Archives/edgar/data/1048911/000156459018006410/fdx-10q_20180228.htm"
  },
  {
    "date": "2017-11-30",
    "symbol": "FDX",
    "reportedCurrency": "USD",
    "cik": "0001048911",
    "fillingDate": "2017-12-20",
    "acceptedDate": "2017-12-20 16:17:05",
    "calendarYear": "2018",
    "period": "Q2",
    "revenue": 16313000000,
    "costOfRevenue": 12656000000,
    "grossProfit": 3657000000,
    "grossProfitRatio": 0.2241770367,
    "researchAndDevelopmentExpenses": 0,
    "generalAndAdministrativeExpenses": 0,
    "sellingAndMarketingExpenses": 0,
    "sellingGeneralAndAdministrativeExpenses": 2395000000,
    "otherExpenses": 0,
    "operatingExpenses": 2395000000,
    "costAndExpenses": 15051000000,
    "interestIncome": 0,
    "interestExpense": 124000000,
    "depreciationAndAmortization": 756000000,
    "ebitda": 2019000000,
    "ebitdaratio": 0.1237663213,
    "operatingIncome": 1262000000,
    "operatingIncomeRatio": 0.0773616134,
    "totalOtherIncomeExpensesNet": -123000000,
    "incomeBeforeTax": 1139000000,
    "incomeBeforeTaxRatio": 0.0698216147,
    "incomeTaxExpense": 364000000,
    "netIncome": 775000000,
    "netIncomeRatio": 0.0475081224,
    "eps": 2.89,
    "epsdiluted": 2.84,
    "weightedAverageShsOut": 268000000,
    "weightedAverageShsOutDil": 272000000,
    "link": "https://www.sec.gov/Archives/edgar/data/1048911/000156459017025136/0001564590-17-025136-index.htm",
    "finalLink": "https://www.sec.gov/Archives/edgar/data/1048911/000156459017025136/fdx-10q_20171130.htm"
  },
  {
    "date": "2017-08-31",
    "symbol": "FDX",
    "reportedCurrency": "USD",
    "cik": "0001048911",
    "fillingDate": "2017-09-20",
    "acceptedDate": "2017-09-20 16:22:02",
    "calendarYear": "2018",
    "period": "Q1",
    "revenue": 15297000000,
    "costOfRevenue": 11910000000,
    "grossProfit": 3387000000,
    "grossProfitRatio": 0.2214159639,
    "researchAndDevelopmentExpenses": 0,
    "generalAndAdministrativeExpenses": 0,
    "sellingAndMarketingExpenses": 0,
    "sellingGeneralAndAdministrativeExpenses": 2270000000,
    "otherExpenses": 0,
    "operatingExpenses": 2270000000,
    "costAndExpenses": 14180000000,
    "interestIncome": 0,
    "interestExpense": 114000000,
    "depreciationAndAmortization": 751000000,
    "ebitda": 1847000000,
    "ebitdaratio": 0.1207426293,
    "operatingIncome": 1117000000,
    "operatingIncomeRatio": 0.0730208538,
    "totalOtherIncomeExpensesNet": -135000000,
    "incomeBeforeTax": 982000000,
    "incomeBeforeTaxRatio": 0.0641955939,
    "incomeTaxExpense": 386000000,
    "netIncome": 596000000,
    "netIncomeRatio": 0.038961888,
    "eps": 2.22,
    "epsdiluted": 2.19,
    "weightedAverageShsOut": 268000000,
    "weightedAverageShsOutDil": 272000000,
    "link": "https://www.sec.gov/Archives/edgar/data/1048911/000156459017018835/0001564590-17-018835-index.htm",
    "finalLink": "https://www.sec.gov/Archives/edgar/data/1048911/000156459017018835/fdx-10q_20170831.htm"
  },
  {
    "date": "2017-05-31",
    "symbol": "FDX",
    "reportedCurrency": "USD",
    "cik": "0001048911",
    "fillingDate": "2017-07-17",
    "acceptedDate": "2017-07-17 08:46:15",
    "calendarYear": "2017",
    "period": "Q4",
    "revenue": 15728000000,
    "costOfRevenue": 11832000000,
    "grossProfit": 3896000000,
    "grossProfitRatio": 0.2477110885,
    "researchAndDevelopmentExpenses": 0,
    "generalAndAdministrativeExpenses": 0,
    "sellingAndMarketingExpenses": 0,
    "sellingGeneralAndAdministrativeExpenses": 2130000000,
    "otherExpenses": 0,
    "operatingExpenses": 2130000000,
    "costAndExpenses": 13962000000,
    "interestIncome": 17000000,
    "interestExpense": 142000000,
    "depreciationAndAmortization": 754000000,
    "ebitda": 2356000000,
    "ebitdaratio": 0.1497965412,
    "operatingIncome": 1766000000,
    "operatingIncomeRatio": 0.112283825,
    "totalOtherIncomeExpensesNet": -306000000,
    "incomeBeforeTax": 1460000000,
    "incomeBeforeTaxRatio": 0.0928280773,
    "incomeTaxExpense": 440000000,
    "netIncome": 1020000000,
    "netIncomeRatio": 0.0648524924,
    "eps": 3.8,
    "epsdiluted": 3.75,
    "weightedAverageShsOut": 268257434,
    "weightedAverageShsOutDil": 271000000,
    "link": "https://www.sec.gov/Archives/edgar/data/1048911/000095012317006152/0000950123-17-006152-index.htm",
    "finalLink": "https://www.sec.gov/Archives/edgar/data/1048911/000095012317006152/fdx-10k_20170531.htm"
  },
  {
    "date": "2017-02-28",
    "symbol": "FDX",
    "reportedCurrency": "USD",
    "cik": "0001048911",
    "fillingDate": "2017-03-22",
    "acceptedDate": "2017-03-22 17:08:19",
    "calendarYear": "2017",
    "period": "Q3",
    "revenue": 14997000000,
    "costOfRevenue": 11812000000,
    "grossProfit": 3185000000,
    "grossProfitRatio": 0.2123758085,
    "researchAndDevelopmentExpenses": 0,
    "generalAndAdministrativeExpenses": 0,
    "sellingAndMarketingExpenses": 0,
    "sellingGeneralAndAdministrativeExpenses": 2082000000,
    "otherExpenses": 0,
    "operatingExpenses": 2082000000,
    "costAndExpenses": 13894000000,
    "interestIncome": 0,
    "interestExpense": 122000000,
    "depreciationAndAmortization": 762000000,
    "ebitda": 1783000000,
    "ebitdaratio": 0.1188904448,
    "operatingIncome": 1103000000,
    "operatingIncomeRatio": 0.0735480429,
    "totalOtherIncomeExpensesNet": -204000000,
    "incomeBeforeTax": 899000000,
    "incomeBeforeTaxRatio": 0.0599453224,
    "incomeTaxExpense": 337000000,
    "netIncome": 562000000,
    "netIncomeRatio": 0.0374741615,
    "eps": 2.11,
    "epsdiluted": 2.07,
    "weightedAverageShsOut": 266000000,
    "weightedAverageShsOutDil": 271000000,
    "link": "https://www.sec.gov/Archives/edgar/data/1048911/000156459017005037/0001564590-17-005037-index.htm",
    "finalLink": "https://www.sec.gov/Archives/edgar/data/1048911/000156459017005037/fdx-10q_20170228.htm"
  },
  {
    "date": "2016-11-30",
    "symbol": "FDX",
    "reportedCurrency": "USD",
    "cik": "0001048911",
    "fillingDate": "2016-12-21",
    "acceptedDate": "2016-12-21 16:39:39",
    "calendarYear": "2017",
    "period": "Q2",
    "revenue": 14931000000,
    "costOfRevenue": 11563000000,
    "grossProfit": 3368000000,
    "grossProfitRatio": 0.2255709597,
    "researchAndDevelopmentExpenses": 0,
    "generalAndAdministrativeExpenses": 0,
    "sellingAndMarketingExpenses": 0,
    "sellingGeneralAndAdministrativeExpenses": 2143000000,
    "otherExpenses": 0,
    "operatingExpenses": 2143000000,
    "costAndExpenses": 13706000000,
    "interestIncome": 0,
    "interestExpense": 119000000,
    "depreciationAndAmortization": 740000000,
    "ebitda": 1937000000,
    "ebitdaratio": 0.1297300918,
    "operatingIncome": 1225000000,
    "operatingIncomeRatio": 0.0820440694,
    "totalOtherIncomeExpensesNet": -147000000,
    "incomeBeforeTax": 1078000000,
    "incomeBeforeTaxRatio": 0.0721987811,
    "incomeTaxExpense": 378000000,
    "netIncome": 700000000,
    "netIncomeRatio": 0.0468823254,
    "eps": 2.63,
    "epsdiluted": 2.59,
    "weightedAverageShsOut": 266000000,
    "weightedAverageShsOutDil": 270000000,
    "link": "https://www.sec.gov/Archives/edgar/data/1048911/000119312516800543/0001193125-16-800543-index.htm",
    "finalLink": "https://www.sec.gov/Archives/edgar/data/1048911/000119312516800543/d262623d10q.htm"
  },
  {
    "date": "2016-08-31",
    "symbol": "FDX",
    "reportedCurrency": "USD",
    "cik": "0001048911",
    "fillingDate": "2016-09-21",
    "acceptedDate": "2016-09-21 16:56:07",
    "calendarYear": "2017",
    "period": "Q1",
    "revenue": 14663000000,
    "costOfRevenue": 11328000000,
    "grossProfit": 3335000000,
    "grossProfitRatio": 0.2274432244,
    "researchAndDevelopmentExpenses": 0,
    "generalAndAdministrativeExpenses": 0,
    "sellingAndMarketingExpenses": 0,
    "sellingGeneralAndAdministrativeExpenses": 2003000000,
    "otherExpenses": 0,
    "operatingExpenses": 2003000000,
    "costAndExpenses": 13331000000,
    "interestIncome": 0,
    "interestExpense": 113000000,
    "depreciationAndAmortization": 739000000,
    "ebitda": 1994000000,
    "ebitdaratio": 0.1359885426,
    "operatingIncome": 1332000000,
    "operatingIncomeRatio": 0.090840892,
    "totalOtherIncomeExpensesNet": -190000000,
    "incomeBeforeTax": 1142000000,
    "incomeBeforeTaxRatio": 0.0778831071,
    "incomeTaxExpense": 427000000,
    "netIncome": 715000000,
    "netIncomeRatio": 0.0487621905,
    "eps": 2.69,
    "epsdiluted": 2.65,
    "weightedAverageShsOut": 265000000,
    "weightedAverageShsOutDil": 269000000,
    "link": "https://www.sec.gov/Archives/edgar/data/1048911/000119312516716033/0001193125-16-716033-index.htm",
    "finalLink": "https://www.sec.gov/Archives/edgar/data/1048911/000119312516716033/d237124d10q.htm"
  },
  {
    "date": "2016-05-31",
    "symbol": "FDX",
    "reportedCurrency": "USD",
    "cik": "0001048911",
    "fillingDate": "2016-07-18",
    "acceptedDate": "2016-07-18 16:29:51",
    "calendarYear": "2016",
    "period": "Q4",
    "revenue": 12979000000,
    "costOfRevenue": 11195000000,
    "grossProfit": 1784000000,
    "grossProfitRatio": 0.1374528084,
    "researchAndDevelopmentExpenses": 0,
    "generalAndAdministrativeExpenses": 0,
    "sellingAndMarketingExpenses": 417000000,
    "sellingGeneralAndAdministrativeExpenses": 417000000,
    "otherExpenses": 1852000000,
    "operatingExpenses": 1852000000,
    "costAndExpenses": 13047000000,
    "interestIncome": 0,
    "interestExpense": 0,
    "depreciationAndAmortization": 667000000,
    "ebitda": 150000000,
    "ebitdaratio": 0.0115571307,
    "operatingIncome": -68000000,
    "operatingIncomeRatio": -0.0052392326,
    "totalOtherIncomeExpensesNet": -113000000,
    "incomeBeforeTax": -181000000,
    "incomeBeforeTaxRatio": -0.0139456044,
    "incomeTaxExpense": -111000000,
    "netIncome": -70000000,
    "netIncomeRatio": -0.0053933277,
    "eps": -0.26,
    "epsdiluted": -0.26,
    "weightedAverageShsOut": 265524323,
    "weightedAverageShsOutDil": 269000000,
    "link": "https://www.sec.gov/Archives/edgar/data/1048911/000119312516650267/0001193125-16-650267-index.htm",
    "finalLink": "https://www.sec.gov/Archives/edgar/data/1048911/000119312516650267/d207174d10k.htm"
  },
  {
    "date": "2016-02-29",
    "symbol": "FDX",
    "reportedCurrency": "USD",
    "cik": "0001048911",
    "fillingDate": "2016-03-17",
    "acceptedDate": "2016-03-17 14:53:47",
    "calendarYear": "2016",
    "period": "Q3",
    "revenue": 12654000000,
    "costOfRevenue": 9783000000,
    "grossProfit": 2871000000,
    "grossProfitRatio": 0.2268847795,
    "researchAndDevelopmentExpenses": 0,
    "generalAndAdministrativeExpenses": 0,
    "sellingAndMarketingExpenses": 0,
    "sellingGeneralAndAdministrativeExpenses": 0,
    "otherExpenses": 2007000000,
    "operatingExpenses": 2007000000,
    "costAndExpenses": 11790000000,
    "interestIncome": 0,
    "interestExpense": 0,
    "depreciationAndAmortization": 663000000,
    "ebitda": 1527000000,
    "ebitdaratio": 0.1206733049,
    "operatingIncome": 864000000,
    "operatingIncomeRatio": 0.0682788051,
    "totalOtherIncomeExpensesNet": -82000000,
    "incomeBeforeTax": 782000000,
    "incomeBeforeTaxRatio": 0.0617986407,
    "incomeTaxExpense": 275000000,
    "netIncome": 507000000,
    "netIncomeRatio": 0.0400663822,
    "eps": 1.86,
    "epsdiluted": 1.84,
    "weightedAverageShsOut": 272000000,
    "weightedAverageShsOutDil": 275000000,
    "link": "https://www.sec.gov/Archives/edgar/data/1048911/000119312516508426/0001193125-16-508426-index.htm",
    "finalLink": "https://www.sec.gov/Archives/edgar/data/1048911/000119312516508426/d307845d10q.htm"
  },
  {
    "date": "2015-11-30",
    "symbol": "FDX",
    "reportedCurrency": "USD",
    "cik": "0001048911",
    "fillingDate": "2015-12-17",
    "acceptedDate": "2015-12-17 16:27:49",
    "calendarYear": "2016",
    "period": "Q2",
    "revenue": 12453000000,
    "costOfRevenue": 9587000000,
    "grossProfit": 2866000000,
    "grossProfitRatio": 0.2301453465,
    "researchAndDevelopmentExpenses": 0,
    "generalAndAdministrativeExpenses": 0,
    "sellingAndMarketingExpenses": 0,
    "sellingGeneralAndAdministrativeExpenses": 0,
    "otherExpenses": 1729000000,
    "operatingExpenses": 1729000000,
    "costAndExpenses": 11316000000,
    "interestIncome": 0,
    "interestExpense": 0,
    "depreciationAndAmortization": 653000000,
    "ebitda": 1790000000,
    "ebitdaratio": 0.1437404641,
    "operatingIncome": 1137000000,
    "operatingIncomeRatio": 0.0913033004,
    "totalOtherIncomeExpensesNet": -82000000,
    "incomeBeforeTax": 1055000000,
    "incomeBeforeTaxRatio": 0.0847185417,
    "incomeTaxExpense": 364000000,
    "netIncome": 691000000,
    "netIncomeRatio": 0.0554886373,
    "eps": 2.47,
    "epsdiluted": 2.44,
    "weightedAverageShsOut": 279000000,
    "weightedAverageShsOutDil": 283000000,
    "link": "https://www.sec.gov/Archives/edgar/data/1048911/000119312515406264/0001193125-15-406264-index.htm",
    "finalLink": "https://www.sec.gov/Archives/edgar/data/1048911/000119312515406264/d102741d10q.htm"
  },
  {
    "date": "2015-08-31",
    "symbol": "FDX",
    "reportedCurrency": "USD",
    "cik": "0001048911",
    "fillingDate": "2015-09-17",
    "acceptedDate": "2015-09-17 17:10:31",
    "calendarYear": "2016",
    "period": "Q1",
    "revenue": 12279000000,
    "costOfRevenue": 9472000000,
    "grossProfit": 2807000000,
    "grossProfitRatio": 0.2286016777,
    "researchAndDevelopmentExpenses": 0,
    "generalAndAdministrativeExpenses": 0,
    "sellingAndMarketingExpenses": 0,
    "sellingGeneralAndAdministrativeExpenses": 0,
    "otherExpenses": 1663000000,
    "operatingExpenses": 1663000000,
    "costAndExpenses": 11135000000,
    "interestIncome": 0,
    "interestExpense": 0,
    "depreciationAndAmortization": 648000000,
    "ebitda": 1792000000,
    "ebitdaratio": 0.1459402231,
    "operatingIncome": 1144000000,
    "operatingIncomeRatio": 0.093167196,
    "totalOtherIncomeExpensesNet": -60000000,
    "incomeBeforeTax": 1084000000,
    "incomeBeforeTaxRatio": 0.0882808046,
    "incomeTaxExpense": 392000000,
    "netIncome": 692000000,
    "netIncomeRatio": 0.0563563808,
    "eps": 2.45,
    "epsdiluted": 2.42,
    "weightedAverageShsOut": 282000000,
    "weightedAverageShsOutDil": 286000000,
    "link": "https://www.sec.gov/Archives/edgar/data/1048911/000119312515322538/0001193125-15-322538-index.htm",
    "finalLink": "https://www.sec.gov/Archives/edgar/data/1048911/000119312515322538/d83643d10q.htm"
  },
  {
    "date": "2015-05-31",
    "symbol": "FDX",
    "reportedCurrency": "USD",
    "cik": "0001048911",
    "fillingDate": "2015-07-14",
    "acceptedDate": "2015-07-14 17:22:58",
    "calendarYear": "2015",
    "period": "Q4",
    "revenue": 12114000000,
    "costOfRevenue": 11264000000,
    "grossProfit": 850000000,
    "grossProfitRatio": 0.0701667492,
    "researchAndDevelopmentExpenses": 0,
    "generalAndAdministrativeExpenses": 0,
    "sellingAndMarketingExpenses": 403000000,
    "sellingGeneralAndAdministrativeExpenses": 403000000,
    "otherExpenses": 1895000000,
    "operatingExpenses": 1895000000,
    "costAndExpenses": 13159000000,
    "interestIncome": 14000000,
    "interestExpense": 0,
    "depreciationAndAmortization": 657000000,
    "ebitda": -768000000,
    "ebitdaratio": -0.0633977216,
    "operatingIncome": -1321000000,
    "operatingIncomeRatio": -0.1090473832,
    "totalOtherIncomeExpensesNet": -95000000,
    "incomeBeforeTax": -1190000000,
    "incomeBeforeTaxRatio": -0.0982334489,
    "incomeTaxExpense": -438000000,
    "netIncome": -752000000,
    "netIncomeRatio": -0.0620769358,
    "eps": -2.66,
    "epsdiluted": -2.66,
    "weightedAverageShsOut": 282430208,
    "weightedAverageShsOutDil": 283000000,
    "link": "https://www.sec.gov/Archives/edgar/data/1048911/000119312515252494/0001193125-15-252494-index.htm",
    "finalLink": "https://www.sec.gov/Archives/edgar/data/1048911/000119312515252494/d48165d10k.htm"
  },
  {
    "date": "2015-02-28",
    "symbol": "FDX",
    "reportedCurrency": "USD",
    "cik": "0001048911",
    "fillingDate": "2015-03-19",
    "acceptedDate": "2015-03-19 15:41:08",
    "calendarYear": "2015",
    "period": "Q3",
    "revenue": 11716000000,
    "costOfRevenue": 9229000000,
    "grossProfit": 2487000000,
    "grossProfitRatio": 0.2122738136,
    "researchAndDevelopmentExpenses": 0,
    "generalAndAdministrativeExpenses": 0,
    "sellingAndMarketingExpenses": 0,
    "sellingGeneralAndAdministrativeExpenses": 0,
    "otherExpenses": 1525000000,
    "operatingExpenses": 1525000000,
    "costAndExpenses": 10754000000,
    "interestIncome": 0,
    "interestExpense": 0,
    "depreciationAndAmortization": 652000000,
    "ebitda": 1614000000,
    "ebitdaratio": 0.1377603278,
    "operatingIncome": 962000000,
    "operatingIncomeRatio": 0.0821099351,
    "totalOtherIncomeExpensesNet": -53000000,
    "incomeBeforeTax": 909000000,
    "incomeBeforeTaxRatio": 0.0775862069,
    "incomeTaxExpense": 329000000,
    "netIncome": 580000000,
    "netIncomeRatio": 0.0495049505,
    "eps": 2.21,
    "epsdiluted": 2.18,
    "weightedAverageShsOut": 283000000,
    "weightedAverageShsOutDil": 287000000,
    "link": "https://www.sec.gov/Archives/edgar/data/1048911/000119312515098477/0001193125-15-098477-index.htm",
    "finalLink": "https://www.sec.gov/Archives/edgar/data/1048911/000119312515098477/d890836d10q.htm"
  },
  {
    "date": "2014-11-30",
    "symbol": "FDX",
    "reportedCurrency": "USD",
    "cik": "0001048911",
    "fillingDate": "2014-12-18",
    "acceptedDate": "2014-12-18 14:19:34",
    "calendarYear": "2015",
    "period": "Q2",
    "revenue": 11939000000,
    "costOfRevenue": 9398000000,
    "grossProfit": 2541000000,
    "grossProfitRatio": 0.2128318955,
    "researchAndDevelopmentExpenses": 0,
    "generalAndAdministrativeExpenses": 0,
    "sellingAndMarketingExpenses": 0,
    "sellingGeneralAndAdministrativeExpenses": 0,
    "otherExpenses": 1528000000,
    "operatingExpenses": 1528000000,
    "costAndExpenses": 10926000000,
    "interestIncome": 0,
    "interestExpense": 0,
    "depreciationAndAmortization": 651000000,
    "ebitda": 1664000000,
    "ebitdaratio": 0.139375157,
    "operatingIncome": 1013000000,
    "operatingIncomeRatio": 0.0848479772,
    "totalOtherIncomeExpensesNet": -42000000,
    "incomeBeforeTax": 971000000,
    "incomeBeforeTaxRatio": 0.0813300946,
    "incomeTaxExpense": 355000000,
    "netIncome": 616000000,
    "netIncomeRatio": 0.051595611,
    "eps": 2.34,
    "epsdiluted": 2.31,
    "weightedAverageShsOut": 283000000,
    "weightedAverageShsOutDil": 287000000,
    "link": "https://www.sec.gov/Archives/edgar/data/1048911/000119312514446673/0001193125-14-446673-index.htm",
    "finalLink": "https://www.sec.gov/Archives/edgar/data/1048911/000119312514446673/d837996d10q.htm"
  },
  {
    "date": "2014-08-31",
    "symbol": "FDX",
    "reportedCurrency": "USD",
    "cik": "0001048911",
    "fillingDate": "2014-09-18",
    "acceptedDate": "2014-09-18 15:32:04",
    "calendarYear": "2015",
    "period": "Q1",
    "revenue": 11684000000,
    "costOfRevenue": 9230000000,
    "grossProfit": 2454000000,
    "grossProfitRatio": 0.2100308114,
    "researchAndDevelopmentExpenses": 0,
    "generalAndAdministrativeExpenses": 0,
    "sellingAndMarketingExpenses": 0,
    "sellingGeneralAndAdministrativeExpenses": 0,
    "otherExpenses": 1467000000,
    "operatingExpenses": 1467000000,
    "costAndExpenses": 10697000000,
    "interestIncome": 0,
    "interestExpense": 0,
    "depreciationAndAmortization": 651000000,
    "ebitda": 1638000000,
    "ebitdaratio": 0.1401917152,
    "operatingIncome": 987000000,
    "operatingIncomeRatio": 0.084474495,
    "totalOtherIncomeExpensesNet": -50000000,
    "incomeBeforeTax": 937000000,
    "incomeBeforeTaxRatio": 0.0801951387,
    "incomeTaxExpense": 331000000,
    "netIncome": 606000000,
    "netIncomeRatio": 0.0518657994,
    "eps": 2.29,
    "epsdiluted": 2.26,
    "weightedAverageShsOut": 285000000,
    "weightedAverageShsOutDil": 289000000,
    "link": "https://www.sec.gov/Archives/edgar/data/1048911/000119312514345549/0001193125-14-345549-index.htm",
    "finalLink": "https://www.sec.gov/Archives/edgar/data/1048911/000119312514345549/d790248d10q.htm"
  },
  {
    "date": "2014-05-31",
    "symbol": "FDX",
    "reportedCurrency": "USD",
    "cik": "0001048911",
    "fillingDate": "2014-07-14",
    "acceptedDate": "2014-07-14 17:06:58",
    "calendarYear": "2014",
    "period": "Q4",
    "revenue": 11839000000,
    "costOfRevenue": 9132000000,
    "grossProfit": 2707000000,
    "grossProfitRatio": 0.2286510685,
    "researchAndDevelopmentExpenses": 0,
    "generalAndAdministrativeExpenses": 0,
    "sellingAndMarketingExpenses": 407000000,
    "sellingGeneralAndAdministrativeExpenses": 407000000,
    "otherExpenses": 1524000000,
    "operatingExpenses": 1524000000,
    "costAndExpenses": 10656000000,
    "interestIncome": 18000000,
    "interestExpense": 0,
    "depreciationAndAmortization": 649000000,
    "ebitda": 1835000000,
    "ebitdaratio": 0.154996199,
    "operatingIncome": 1183000000,
    "operatingIncomeRatio": 0.0999239801,
    "totalOtherIncomeExpensesNet": -46000000,
    "incomeBeforeTax": 1137000000,
    "incomeBeforeTaxRatio": 0.0960385168,
    "incomeTaxExpense": 407000000,
    "netIncome": 730000000,
    "netIncomeRatio": 0.0616606132,
    "eps": 2.56,
    "epsdiluted": 2.46,
    "weightedAverageShsOut": 285423144,
    "weightedAverageShsOutDil": 296000000,
    "link": "https://www.sec.gov/Archives/edgar/data/1048911/000119312514267851/0001193125-14-267851-index.htm",
    "finalLink": "https://www.sec.gov/Archives/edgar/data/1048911/000119312514267851/d752614d10k.htm"
  },
  {
    "date": "2014-02-28",
    "symbol": "FDX",
    "reportedCurrency": "USD",
    "cik": "0001048911",
    "fillingDate": "2014-03-20",
    "acceptedDate": "2014-03-20 15:33:08",
    "calendarYear": "2014",
    "period": "Q3",
    "revenue": 11301000000,
    "costOfRevenue": 9145000000,
    "grossProfit": 2156000000,
    "grossProfitRatio": 0.190779577,
    "researchAndDevelopmentExpenses": 0,
    "generalAndAdministrativeExpenses": 0,
    "sellingAndMarketingExpenses": 0,
    "sellingGeneralAndAdministrativeExpenses": 0,
    "otherExpenses": 1515000000,
    "operatingExpenses": 1515000000,
    "costAndExpenses": 10660000000,
    "interestIncome": 0,
    "interestExpense": 0,
    "depreciationAndAmortization": 652000000,
    "ebitda": 1293000000,
    "ebitdaratio": 0.1144146536,
    "operatingIncome": 641000000,
    "operatingIncomeRatio": 0.0567206442,
    "totalOtherIncomeExpensesNet": -47000000,
    "incomeBeforeTax": 594000000,
    "incomeBeforeTaxRatio": 0.0525617202,
    "incomeTaxExpense": 216000000,
    "netIncome": 378000000,
    "netIncomeRatio": 0.0334483674,
    "eps": 1.24,
    "epsdiluted": 1.23,
    "weightedAverageShsOut": 303000000,
    "weightedAverageShsOutDil": 307000000,
    "link": "https://www.sec.gov/Archives/edgar/data/1048911/000119312514107986/0001193125-14-107986-index.htm",
    "finalLink": "https://www.sec.gov/Archives/edgar/data/1048911/000119312514107986/d693794d10q.htm"
  },
  {
    "date": "2013-11-30",
    "symbol": "FDX",
    "reportedCurrency": "USD",
    "cik": "0001048911",
    "fillingDate": "2013-12-19",
    "acceptedDate": "2013-12-19 13:21:23",
    "calendarYear": "2014",
    "period": "Q2",
    "revenue": 11403000000,
    "costOfRevenue": 9098000000,
    "grossProfit": 2305000000,
    "grossProfitRatio": 0.2021397878,
    "researchAndDevelopmentExpenses": 0,
    "generalAndAdministrativeExpenses": 0,
    "sellingAndMarketingExpenses": 0,
    "sellingGeneralAndAdministrativeExpenses": 0,
    "otherExpenses": 1478000000,
    "operatingExpenses": 1478000000,
    "costAndExpenses": 10576000000,
    "interestIncome": 0,
    "interestExpense": 0,
    "depreciationAndAmortization": 647000000,
    "ebitda": 1474000000,
    "ebitdaratio": 0.1292642287,
    "operatingIncome": 827000000,
    "operatingIncomeRatio": 0.0725247742,
    "totalOtherIncomeExpensesNet": -35000000,
    "incomeBeforeTax": 792000000,
    "incomeBeforeTaxRatio": 0.0694554065,
    "incomeTaxExpense": 292000000,
    "netIncome": 500000000,
    "netIncomeRatio": 0.0438481101,
    "eps": 1.58,
    "epsdiluted": 1.57,
    "weightedAverageShsOut": 315000000,
    "weightedAverageShsOutDil": 319000000,
    "link": "https://www.sec.gov/Archives/edgar/data/1048911/000119312513478795/0001193125-13-478795-index.htm",
    "finalLink": "https://www.sec.gov/Archives/edgar/data/1048911/000119312513478795/d643060d10q.htm"
  },
  {
    "date": "2013-08-31",
    "symbol": "FDX",
    "reportedCurrency": "USD",
    "cik": "0001048911",
    "fillingDate": "2013-09-19",
    "acceptedDate": "2013-09-19 17:25:31",
    "calendarYear": "2014",
    "period": "Q1",
    "revenue": 11024000000,
    "costOfRevenue": 8819000000,
    "grossProfit": 2205000000,
    "grossProfitRatio": 0.2000181422,
    "researchAndDevelopmentExpenses": 0,
    "generalAndAdministrativeExpenses": 0,
    "sellingAndMarketingExpenses": 0,
    "sellingGeneralAndAdministrativeExpenses": 0,
    "otherExpenses": 1410000000,
    "operatingExpenses": 1410000000,
    "costAndExpenses": 10229000000,
    "interestIncome": 0,
    "interestExpense": 0,
    "depreciationAndAmortization": 639000000,
    "ebitda": 1434000000,
    "ebitdaratio": 0.1300798258,
    "operatingIncome": 795000000,
    "operatingIncomeRatio": 0.0721153846,
    "totalOtherIncomeExpensesNet": -29000000,
    "incomeBeforeTax": 766000000,
    "incomeBeforeTaxRatio": 0.0694847605,
    "incomeTaxExpense": 277000000,
    "netIncome": 489000000,
    "netIncomeRatio": 0.0443577649,
    "eps": 1.54,
    "epsdiluted": 1.53,
    "weightedAverageShsOut": 316000000,
    "weightedAverageShsOutDil": 319000000,
    "link": "https://www.sec.gov/Archives/edgar/data/1048911/000119312513371921/0001193125-13-371921-index.htm",
    "finalLink": "https://www.sec.gov/Archives/edgar/data/1048911/000119312513371921/d598328d10q.htm"
  },
  {
    "date": "2013-05-31",
    "symbol": "FDX",
    "reportedCurrency": "USD",
    "cik": "0001048911",
    "fillingDate": "2013-07-15",
    "acceptedDate": "2013-07-15 17:29:55",
    "calendarYear": "2013",
    "period": "Q4",
    "revenue": 11435000000,
    "costOfRevenue": 8898000000,
    "grossProfit": 2537000000,
    "grossProfitRatio": 0.2218627022,
    "researchAndDevelopmentExpenses": 0,
    "generalAndAdministrativeExpenses": 0,
    "sellingAndMarketingExpenses": 424000000,
    "sellingGeneralAndAdministrativeExpenses": 424000000,
    "otherExpenses": 1439000000,
    "operatingExpenses": 1439000000,
    "costAndExpenses": 10337000000,
    "interestIncome": 21000000,
    "interestExpense": 0,
    "depreciationAndAmortization": 622000000,
    "ebitda": 1046000000,
    "ebitdaratio": 0.0914735461,
    "operatingIncome": 502000000,
    "operatingIncomeRatio": 0.0439003061,
    "totalOtherIncomeExpensesNet": -30000000,
    "incomeBeforeTax": 472000000,
    "incomeBeforeTaxRatio": 0.0412767818,
    "incomeTaxExpense": 169000000,
    "netIncome": 303000000,
    "netIncomeRatio": 0.0264975951,
    "eps": 0.96,
    "epsdiluted": 0.95,
    "weightedAverageShsOut": 316584465,
    "weightedAverageShsOutDil": 319000000,
    "link": "https://www.sec.gov/Archives/edgar/data/1048911/000119312513290858/0001193125-13-290858-index.htm",
    "finalLink": "https://www.sec.gov/Archives/edgar/data/1048911/000119312513290858/d563720d10k.htm"
  },
  {
    "date": "2013-02-28",
    "symbol": "FDX",
    "reportedCurrency": "USD",
    "cik": "0001048911",
    "fillingDate": "2013-03-21",
    "acceptedDate": "2013-03-21 16:50:08",
    "calendarYear": "2013",
    "period": "Q3",
    "revenue": 10953000000,
    "costOfRevenue": 8899000000,
    "grossProfit": 2054000000,
    "grossProfitRatio": 0.187528531,
    "researchAndDevelopmentExpenses": 0,
    "generalAndAdministrativeExpenses": 0,
    "sellingAndMarketingExpenses": 0,
    "sellingGeneralAndAdministrativeExpenses": 0,
    "otherExpenses": 1418000000,
    "operatingExpenses": 1418000000,
    "costAndExpenses": 10317000000,
    "interestIncome": 0,
    "interestExpense": 0,
    "depreciationAndAmortization": 599000000,
    "ebitda": 1235000000,
    "ebitdaratio": 0.1127544965,
    "operatingIncome": 589000000,
    "operatingIncomeRatio": 0.0537752214,
    "totalOtherIncomeExpensesNet": -25000000,
    "incomeBeforeTax": 564000000,
    "incomeBeforeTaxRatio": 0.0514927417,
    "incomeTaxExpense": 203000000,
    "netIncome": 361000000,
    "netIncomeRatio": 0.0329590067,
    "eps": 1.14,
    "epsdiluted": 1.13,
    "weightedAverageShsOut": 315000000,
    "weightedAverageShsOutDil": 317000000,
    "link": "https://www.sec.gov/Archives/edgar/data/1048911/000119312513119611/0001193125-13-119611-index.htm",
    "finalLink": "https://www.sec.gov/Archives/edgar/data/1048911/000119312513119611/d503475d10q.htm"
  },
  {
    "date": "2012-11-30",
    "symbol": "FDX",
    "reportedCurrency": "USD",
    "cik": "0001048911",
    "fillingDate": "2012-12-20",
    "acceptedDate": "2012-12-20 16:37:07",
    "calendarYear": "2013",
    "period": "Q2",
    "revenue": 11107000000,
    "costOfRevenue": 8961000000,
    "grossProfit": 2146000000,
    "grossProfitRatio": 0.1932114883,
    "researchAndDevelopmentExpenses": 0,
    "generalAndAdministrativeExpenses": 0,
    "sellingAndMarketingExpenses": 0,
    "sellingGeneralAndAdministrativeExpenses": 0,
    "otherExpenses": 1428000000,
    "operatingExpenses": 1428000000,
    "costAndExpenses": 10389000000,
    "interestIncome": 0,
    "interestExpense": 0,
    "depreciationAndAmortization": 592000000,
    "ebitda": 1310000000,
    "ebitdaratio": 0.1179436391,
    "operatingIncome": 718000000,
    "operatingIncomeRatio": 0.0646439182,
    "totalOtherIncomeExpensesNet": -26000000,
    "incomeBeforeTax": 692000000,
    "incomeBeforeTaxRatio": 0.0623030521,
    "incomeTaxExpense": 254000000,
    "netIncome": 438000000,
    "netIncomeRatio": 0.0394345908,
    "eps": 1.39,
    "epsdiluted": 1.39,
    "weightedAverageShsOut": 314000000,
    "weightedAverageShsOutDil": 315000000,
    "link": "https://www.sec.gov/Archives/edgar/data/1048911/000119312512510418/0001193125-12-510418-index.htm",
    "finalLink": "https://www.sec.gov/Archives/edgar/data/1048911/000119312512510418/d456372d10q.htm"
  },
  {
    "date": "2012-08-31",
    "symbol": "FDX",
    "reportedCurrency": "USD",
    "cik": "0001048911",
    "fillingDate": "2012-09-19",
    "acceptedDate": "2012-09-19 16:10:18",
    "calendarYear": "2013",
    "period": "Q1",
    "revenue": 10792000000,
    "costOfRevenue": 8654000000,
    "grossProfit": 2138000000,
    "grossProfitRatio": 0.1981097109,
    "researchAndDevelopmentExpenses": 0,
    "generalAndAdministrativeExpenses": 4103000000,
    "sellingAndMarketingExpenses": 0,
    "sellingGeneralAndAdministrativeExpenses": 4103000000,
    "otherExpenses": 573000000,
    "operatingExpenses": 1396000000,
    "costAndExpenses": 10050000000,
    "interestIncome": 0,
    "interestExpense": 0,
    "depreciationAndAmortization": 573000000,
    "ebitda": 1315000000,
    "ebitdaratio": 0.1218495182,
    "operatingIncome": 742000000,
    "operatingIncomeRatio": 0.0687546331,
    "totalOtherIncomeExpensesNet": -15000000,
    "incomeBeforeTax": 727000000,
    "incomeBeforeTaxRatio": 0.0673647146,
    "incomeTaxExpense": 268000000,
    "netIncome": 459000000,
    "netIncomeRatio": 0.0425315048,
    "eps": 1.46,
    "epsdiluted": 1.45,
    "weightedAverageShsOut": 315000000,
    "weightedAverageShsOutDil": 316000000,
    "link": "https://www.sec.gov/Archives/edgar/data/1048911/000119312512396818/0001193125-12-396818-index.htm",
    "finalLink": "https://www.sec.gov/Archives/edgar/data/1048911/000119312512396818/d412877d10q.htm"
  },
  {
    "date": "2012-05-31",
    "symbol": "FDX",
    "reportedCurrency": "USD",
    "cik": "0001048911",
    "fillingDate": "2012-07-16",
    "acceptedDate": "2012-07-16 17:07:39",
    "calendarYear": "2012",
    "period": "Q4",
    "revenue": 11008000000,
    "costOfRevenue": 5850000000,
    "grossProfit": 5158000000,
    "grossProfitRatio": 0.468568314,
    "researchAndDevelopmentExpenses": 0,
    "generalAndAdministrativeExpenses": 2221000000,
    "sellingAndMarketingExpenses": 0,
    "sellingGeneralAndAdministrativeExpenses": 2221000000,
    "otherExpenses": 543000000,
    "operatingExpenses": 2764000000,
    "costAndExpenses": 8614000000,
    "interestIncome": 13000000,
    "interestExpense": 0,
    "depreciationAndAmortization": 543000000,
    "ebitda": 1309000000,
    "ebitdaratio": 0.1189135174,
    "operatingIncome": 856000000,
    "operatingIncomeRatio": 0.0777616279,
    "totalOtherIncomeExpensesNet": -8000000,
    "incomeBeforeTax": 848000000,
    "incomeBeforeTaxRatio": 0.0770348837,
    "incomeTaxExpense": 298000000,
    "netIncome": 550000000,
    "netIncomeRatio": 0.0499636628,
    "eps": 1.75,
    "epsdiluted": 1.73,
    "weightedAverageShsOut": 315000000,
    "weightedAverageShsOutDil": 317000000,
    "link": "https://www.sec.gov/Archives/edgar/data/1048911/000119312512303558/0001193125-12-303558-index.htm",
    "finalLink": "https://www.sec.gov/Archives/edgar/data/1048911/000119312512303558/d375407d10k.htm"
  },
  {
    "date": "2012-02-29",
    "symbol": "FDX",
    "reportedCurrency": "USD",
    "cik": "0001048911",
    "fillingDate": "2012-03-23",
    "acceptedDate": "2012-03-23 16:27:10",
    "calendarYear": "2012",
    "period": "Q3",
    "revenue": 10564000000,
    "costOfRevenue": 3936000000,
    "grossProfit": 6628000000,
    "grossProfitRatio": 0.6274138584,
    "researchAndDevelopmentExpenses": 0,
    "generalAndAdministrativeExpenses": 4021000000,
    "sellingAndMarketingExpenses": 0,
    "sellingGeneralAndAdministrativeExpenses": 4021000000,
    "otherExpenses": 543000000,
    "operatingExpenses": 5815000000,
    "costAndExpenses": 9751000000,
    "interestIncome": 0,
    "interestExpense": 12000000,
    "depreciationAndAmortization": 543000000,
    "ebitda": 1356000000,
    "ebitdaratio": 0.1283604695,
    "operatingIncome": 813000000,
    "operatingIncomeRatio": 0.076959485,
    "totalOtherIncomeExpensesNet": -21000000,
    "incomeBeforeTax": 792000000,
    "incomeBeforeTaxRatio": 0.0749716017,
    "incomeTaxExpense": 271000000,
    "netIncome": 521000000,
    "netIncomeRatio": 0.04931844,
    "eps": 1.66,
    "epsdiluted": 1.65,
    "weightedAverageShsOut": 314000000,
    "weightedAverageShsOutDil": 316000000,
    "link": "https://www.sec.gov/Archives/edgar/data/1048911/000119312512129775/0001193125-12-129775-index.htm",
    "finalLink": "https://www.sec.gov/Archives/edgar/data/1048911/000119312512129775/d319202d10q.htm"
  },
  {
    "date": "2011-11-30",
    "symbol": "FDX",
    "reportedCurrency": "USD",
    "cik": "0001048911",
    "fillingDate": "2011-12-16",
    "acceptedDate": "2011-12-16 14:42:55",
    "calendarYear": "2012",
    "period": "Q2",
    "revenue": 10587000000,
    "costOfRevenue": 3910000000,
    "grossProfit": 6677000000,
    "grossProfitRatio": 0.6306791348,
    "researchAndDevelopmentExpenses": 0,
    "generalAndAdministrativeExpenses": 3982000000,
    "sellingAndMarketingExpenses": 0,
    "sellingGeneralAndAdministrativeExpenses": 3982000000,
    "otherExpenses": 518000000,
    "operatingExpenses": 5897000000,
    "costAndExpenses": 9807000000,
    "interestIncome": 0,
    "interestExpense": 7000000,
    "depreciationAndAmortization": 518000000,
    "ebitda": 1298000000,
    "ebitdaratio": 0.1226031926,
    "operatingIncome": 780000000,
    "operatingIncomeRatio": 0.0736752621,
    "totalOtherIncomeExpensesNet": -3000000,
    "incomeBeforeTax": 777000000,
    "incomeBeforeTaxRatio": 0.0733918957,
    "incomeTaxExpense": 280000000,
    "netIncome": 497000000,
    "netIncomeRatio": 0.0469443657,
    "eps": 1.57,
    "epsdiluted": 1.57,
    "weightedAverageShsOut": 315000000,
    "weightedAverageShsOutDil": 316000000,
    "link": "https://www.sec.gov/Archives/edgar/data/1048911/000095012311103276/0000950123-11-103276-index.htm",
    "finalLink": "https://www.sec.gov/Archives/edgar/data/1048911/000095012311103276/c25848e10vq.htm"
  },
  {
    "date": "2011-08-31",
    "symbol": "FDX",
    "reportedCurrency": "USD",
    "cik": "0001048911",
    "fillingDate": "2011-09-23",
    "acceptedDate": "2011-09-23 14:32:24",
    "calendarYear": "2012",
    "period": "Q1",
    "revenue": 10521000000,
    "costOfRevenue": 3933000000,
    "grossProfit": 6588000000,
    "grossProfitRatio": 0.626176219,
    "researchAndDevelopmentExpenses": 0,
    "generalAndAdministrativeExpenses": 4004000000,
    "sellingAndMarketingExpenses": 0,
    "sellingGeneralAndAdministrativeExpenses": 4004000000,
    "otherExpenses": 509000000,
    "operatingExpenses": 5851000000,
    "costAndExpenses": 9784000000,
    "interestIncome": 0,
    "interestExpense": 11000000,
    "depreciationAndAmortization": 509000000,
    "ebitda": 2584000000,
    "ebitdaratio": 0.24560403,
    "operatingIncome": 737000000,
    "operatingIncomeRatio": 0.0700503754,
    "totalOtherIncomeExpensesNet": -13000000,
    "incomeBeforeTax": 724000000,
    "incomeBeforeTaxRatio": 0.0688147514,
    "incomeTaxExpense": 260000000,
    "netIncome": 464000000,
    "netIncomeRatio": 0.0441022716,
    "eps": 1.46,
    "epsdiluted": 1.46,
    "weightedAverageShsOut": 316000000,
    "weightedAverageShsOutDil": 318000000,
    "link": "https://www.sec.gov/Archives/edgar/data/1048911/000095012311086374/0000950123-11-086374-index.htm",
    "finalLink": "https://www.sec.gov/Archives/edgar/data/1048911/000095012311086374/c22610e10vq.htm"
  },
  {
    "date": "2011-05-31",
    "symbol": "FDX",
    "reportedCurrency": "USD",
    "cik": "0001048911",
    "fillingDate": "2011-07-12",
    "acceptedDate": "2011-07-12 17:20:39",
    "calendarYear": "2011",
    "period": "Q4",
    "revenue": 10552000000,
    "costOfRevenue": 3909000000,
    "grossProfit": 6643000000,
    "grossProfitRatio": 0.6295489007,
    "researchAndDevelopmentExpenses": 0,
    "generalAndAdministrativeExpenses": 3866000000,
    "sellingAndMarketingExpenses": 0,
    "sellingGeneralAndAdministrativeExpenses": 3866000000,
    "otherExpenses": 499000000,
    "operatingExpenses": 5754000000,
    "costAndExpenses": 9663000000,
    "interestIncome": 9000000,
    "interestExpense": 12000000,
    "depreciationAndAmortization": 499000000,
    "ebitda": 1388000000,
    "ebitdaratio": 0.1315390447,
    "operatingIncome": 888000000,
    "operatingIncomeRatio": 0.0841546626,
    "totalOtherIncomeExpensesNet": -23000000,
    "incomeBeforeTax": 865000000,
    "incomeBeforeTaxRatio": 0.081974981,
    "incomeTaxExpense": 307000000,
    "netIncome": 558000000,
    "netIncomeRatio": 0.0528809704,
    "eps": 1.76,
    "epsdiluted": 1.75,
    "weightedAverageShsOut": 317000000,
    "weightedAverageShsOutDil": 318000000,
    "link": "https://www.sec.gov/Archives/edgar/data/1048911/000095012311065246/0000950123-11-065246-index.htm",
    "finalLink": "https://www.sec.gov/Archives/edgar/data/1048911/000095012311065246/c19556e10vk.htm"
  },
  {
    "date": "2011-02-28",
    "symbol": "FDX",
    "reportedCurrency": "USD",
    "cik": "0001048911",
    "fillingDate": "2011-03-18",
    "acceptedDate": "2011-03-18 12:37:13",
    "calendarYear": "2011",
    "period": "Q3",
    "revenue": 9663000000,
    "costOfRevenue": 1529000000,
    "grossProfit": 8134000000,
    "grossProfitRatio": 0.841767567,
    "researchAndDevelopmentExpenses": 0,
    "generalAndAdministrativeExpenses": 5895000000,
    "sellingAndMarketingExpenses": 0,
    "sellingGeneralAndAdministrativeExpenses": 5895000000,
    "otherExpenses": 493000000,
    "operatingExpenses": 6388000000,
    "costAndExpenses": 7917000000,
    "interestIncome": 0,
    "interestExpense": 24000000,
    "depreciationAndAmortization": 493000000,
    "ebitda": 2239000000,
    "ebitdaratio": 0.2317085791,
    "operatingIncome": 393000000,
    "operatingIncomeRatio": 0.0406705992,
    "totalOtherIncomeExpensesNet": -33000000,
    "incomeBeforeTax": 360000000,
    "incomeBeforeTaxRatio": 0.0372555107,
    "incomeTaxExpense": 129000000,
    "netIncome": 231000000,
    "netIncomeRatio": 0.0239056194,
    "eps": 0.73,
    "epsdiluted": 0.73,
    "weightedAverageShsOut": 315000000,
    "weightedAverageShsOutDil": 317000000,
    "link": "https://www.sec.gov/Archives/edgar/data/1048911/000095012311026716/0000950123-11-026716-index.htm",
    "finalLink": "https://www.sec.gov/Archives/edgar/data/1048911/000095012311026716/c14167e10vq.htm"
  },
  {
    "date": "2010-11-30",
    "symbol": "FDX",
    "reportedCurrency": "USD",
    "cik": "0001048911",
    "fillingDate": "2010-12-17",
    "acceptedDate": "2010-12-17 12:54:55",
    "calendarYear": "2011",
    "period": "Q2",
    "revenue": 9632000000,
    "costOfRevenue": 2173000000,
    "grossProfit": 7459000000,
    "grossProfitRatio": 0.7743978405,
    "researchAndDevelopmentExpenses": 0,
    "generalAndAdministrativeExpenses": 3779000000,
    "sellingAndMarketingExpenses": 0,
    "sellingGeneralAndAdministrativeExpenses": 3779000000,
    "otherExpenses": 502000000,
    "operatingExpenses": 5667000000,
    "costAndExpenses": 7840000000,
    "interestIncome": 0,
    "interestExpense": 23000000,
    "depreciationAndAmortization": 502000000,
    "ebitda": 962000000,
    "ebitdaratio": 0.0998754153,
    "operatingIncome": 469000000,
    "operatingIncomeRatio": 0.0486918605,
    "totalOtherIncomeExpensesNet": -32000000,
    "incomeBeforeTax": 437000000,
    "incomeBeforeTaxRatio": 0.0453696013,
    "incomeTaxExpense": 154000000,
    "netIncome": 283000000,
    "netIncomeRatio": 0.0293812292,
    "eps": 0.9,
    "epsdiluted": 0.89,
    "weightedAverageShsOut": 314000000,
    "weightedAverageShsOutDil": 316000000,
    "link": "https://www.sec.gov/Archives/edgar/data/1048911/000095012310114520/0000950123-10-114520-index.htm",
    "finalLink": "https://www.sec.gov/Archives/edgar/data/1048911/000095012310114520/c09683e10vq.htm"
  },
  {
    "date": "2010-08-31",
    "symbol": "FDX",
    "reportedCurrency": "USD",
    "cik": "0001048911",
    "fillingDate": "2010-09-17",
    "acceptedDate": "2010-09-17 16:38:24",
    "calendarYear": "2011",
    "period": "Q1",
    "revenue": 9457000000,
    "costOfRevenue": 2130000000,
    "grossProfit": 7327000000,
    "grossProfitRatio": 0.7747700116,
    "researchAndDevelopmentExpenses": 0,
    "generalAndAdministrativeExpenses": 3803000000,
    "sellingAndMarketingExpenses": 0,
    "sellingGeneralAndAdministrativeExpenses": 3803000000,
    "otherExpenses": 479000000,
    "operatingExpenses": 5497000000,
    "costAndExpenses": 7627000000,
    "interestIncome": 0,
    "interestExpense": 18000000,
    "depreciationAndAmortization": 479000000,
    "ebitda": 1100000000,
    "ebitdaratio": 0.1163159564,
    "operatingIncome": 628000000,
    "operatingIncomeRatio": 0.0664058369,
    "totalOtherIncomeExpensesNet": -25000000,
    "incomeBeforeTax": 603000000,
    "incomeBeforeTaxRatio": 0.0637622925,
    "incomeTaxExpense": 223000000,
    "netIncome": 380000000,
    "netIncomeRatio": 0.0401818759,
    "eps": 1.21,
    "epsdiluted": 1.2,
    "weightedAverageShsOut": 314000000,
    "weightedAverageShsOutDil": 315000000,
    "link": "https://www.sec.gov/Archives/edgar/data/1048911/000095012310087127/0000950123-10-087127-index.htm",
    "finalLink": "https://www.sec.gov/Archives/edgar/data/1048911/000095012310087127/c05945e10vq.htm"
  },
  {
    "date": "2010-05-31",
    "symbol": "FDX",
    "reportedCurrency": "USD",
    "cik": "0001048911",
    "fillingDate": "2010-07-15",
    "acceptedDate": "2010-07-15 15:33:17",
    "calendarYear": "2010",
    "period": "Q4",
    "revenue": 9428000000,
    "costOfRevenue": 1386000000,
    "grossProfit": 8042000000,
    "grossProfitRatio": 0.8529910904,
    "researchAndDevelopmentExpenses": 0,
    "generalAndAdministrativeExpenses": 5571000000,
    "sellingAndMarketingExpenses": 0,
    "sellingGeneralAndAdministrativeExpenses": 5571000000,
    "otherExpenses": 488000000,
    "operatingExpenses": 6059000000,
    "costAndExpenses": 7445000000,
    "interestIncome": 8000000,
    "interestExpense": 0,
    "depreciationAndAmortization": 488000000,
    "ebitda": 1062000000,
    "ebitdaratio": 0.1126431905,
    "operatingIncome": 696000000,
    "operatingIncomeRatio": 0.0738226559,
    "totalOtherIncomeExpensesNet": -24000000,
    "incomeBeforeTax": 672000000,
    "incomeBeforeTaxRatio": 0.0712770471,
    "incomeTaxExpense": 253000000,
    "netIncome": 419000000,
    "netIncomeRatio": 0.0444420874,
    "eps": 1.34,
    "epsdiluted": 1.32,
    "weightedAverageShsOut": 312000000,
    "weightedAverageShsOutDil": 314000000,
    "link": "https://www.sec.gov/Archives/edgar/data/1048911/000095012310065730/0000950123-10-065730-index.htm",
    "finalLink": "https://www.sec.gov/Archives/edgar/data/1048911/000095012310065730/c03116e10vk.htm"
  },
  {
    "date": "2010-02-28",
    "symbol": "FDX",
    "reportedCurrency": "USD",
    "cik": "0001048911",
    "fillingDate": "2010-03-19",
    "acceptedDate": "2010-03-19 12:35:41",
    "calendarYear": "2010",
    "period": "Q3",
    "revenue": 8701000000,
    "costOfRevenue": 1841000000,
    "grossProfit": 6860000000,
    "grossProfitRatio": 0.7884151247,
    "researchAndDevelopmentExpenses": 0,
    "generalAndAdministrativeExpenses": 3549000000,
    "sellingAndMarketingExpenses": 0,
    "sellingGeneralAndAdministrativeExpenses": 3549000000,
    "otherExpenses": 488000000,
    "operatingExpenses": 5258000000,
    "costAndExpenses": 7099000000,
    "interestIncome": 0,
    "interestExpense": 19000000,
    "depreciationAndAmortization": 488000000,
    "ebitda": 888000000,
    "ebitdaratio": 0.1020572348,
    "operatingIncome": 416000000,
    "operatingIncomeRatio": 0.0478105965,
    "totalOtherIncomeExpensesNet": -35000000,
    "incomeBeforeTax": 381000000,
    "incomeBeforeTaxRatio": 0.0437880703,
    "incomeTaxExpense": 142000000,
    "netIncome": 239000000,
    "netIncomeRatio": 0.0274681071,
    "eps": 0.76,
    "epsdiluted": 0.76,
    "weightedAverageShsOut": 312000000,
    "weightedAverageShsOutDil": 314000000,
    "link": "https://www.sec.gov/Archives/edgar/data/1048911/000095012310026283/0000950123-10-026283-index.htm",
    "finalLink": "https://www.sec.gov/Archives/edgar/data/1048911/000095012310026283/c97913e10vq.htm"
  },
  {
    "date": "2009-11-30",
    "symbol": "FDX",
    "reportedCurrency": "USD",
    "cik": "0001048911",
    "fillingDate": "2009-12-18",
    "acceptedDate": "2009-12-18 12:33:17",
    "calendarYear": "2010",
    "period": "Q2",
    "revenue": 8596000000,
    "costOfRevenue": 1716000000,
    "grossProfit": 6880000000,
    "grossProfitRatio": 0.8003722662,
    "researchAndDevelopmentExpenses": 0,
    "generalAndAdministrativeExpenses": 3424000000,
    "sellingAndMarketingExpenses": 0,
    "sellingGeneralAndAdministrativeExpenses": 3424000000,
    "otherExpenses": 487000000,
    "operatingExpenses": 5123000000,
    "costAndExpenses": 6839000000,
    "interestIncome": 0,
    "interestExpense": 15000000,
    "depreciationAndAmortization": 487000000,
    "ebitda": 1049000000,
    "ebitdaratio": 0.122033504,
    "operatingIncome": 571000000,
    "operatingIncomeRatio": 0.0664262448,
    "totalOtherIncomeExpensesNet": -24000000,
    "incomeBeforeTax": 547000000,
    "incomeBeforeTaxRatio": 0.0636342485,
    "incomeTaxExpense": 202000000,
    "netIncome": 345000000,
    "netIncomeRatio": 0.0401349465,
    "eps": 1.1,
    "epsdiluted": 1.1,
    "weightedAverageShsOut": 312000000,
    "weightedAverageShsOutDil": 314000000,
    "link": "https://www.sec.gov/Archives/edgar/data/1048911/000095012309071812/0000950123-09-071812-index.htm",
    "finalLink": "https://www.sec.gov/Archives/edgar/data/1048911/000095012309071812/c93697e10vq.htm"
  },
  {
    "date": "2009-08-31",
    "symbol": "FDX",
    "reportedCurrency": "USD",
    "cik": "0001048911",
    "fillingDate": "2009-09-18",
    "acceptedDate": "2009-09-18 12:11:08",
    "calendarYear": "2010",
    "period": "Q1",
    "revenue": 8009000000,
    "costOfRevenue": 1067000000,
    "grossProfit": 6942000000,
    "grossProfitRatio": 0.8667748783,
    "researchAndDevelopmentExpenses": 0,
    "generalAndAdministrativeExpenses": 5009000000,
    "sellingAndMarketingExpenses": 0,
    "sellingGeneralAndAdministrativeExpenses": 5009000000,
    "otherExpenses": 495000000,
    "operatingExpenses": 5504000000,
    "costAndExpenses": 6571000000,
    "interestIncome": 0,
    "interestExpense": 18000000,
    "depreciationAndAmortization": 495000000,
    "ebitda": 807000000,
    "ebitdaratio": 0.1007616432,
    "operatingIncome": 315000000,
    "operatingIncomeRatio": 0.0393307529,
    "totalOtherIncomeExpensesNet": -21000000,
    "incomeBeforeTax": 294000000,
    "incomeBeforeTaxRatio": 0.0367087027,
    "incomeTaxExpense": 113000000,
    "netIncome": 181000000,
    "netIncomeRatio": 0.0225995755,
    "eps": 0.58,
    "epsdiluted": 0.58,
    "weightedAverageShsOut": 312000000,
    "weightedAverageShsOutDil": 312000000,
    "link": "https://www.sec.gov/Archives/edgar/data/1048911/000095012309044076/0000950123-09-044076-index.htm",
    "finalLink": "https://www.sec.gov/Archives/edgar/data/1048911/000095012309044076/c90231e10vq.htm"
  },
  {
    "date": "2009-05-31",
    "symbol": "FDX",
    "reportedCurrency": "USD",
    "cik": "0001048911",
    "fillingDate": "2009-07-15",
    "acceptedDate": "2009-07-15 15:08:15",
    "calendarYear": "2009",
    "period": "Q4",
    "revenue": 7852000000,
    "costOfRevenue": 932000000,
    "grossProfit": 6920000000,
    "grossProfitRatio": 0.8813041263,
    "researchAndDevelopmentExpenses": 0,
    "generalAndAdministrativeExpenses": 4871000000,
    "sellingAndMarketingExpenses": 0,
    "sellingGeneralAndAdministrativeExpenses": 4871000000,
    "otherExpenses": 496000000,
    "operatingExpenses": 5367000000,
    "costAndExpenses": 6299000000,
    "interestIncome": 26000000,
    "interestExpense": 0,
    "depreciationAndAmortization": 496000000,
    "ebitda": -463000000,
    "ebitdaratio": -0.0589658686,
    "operatingIncome": -849000000,
    "operatingIncomeRatio": -0.1081253184,
    "totalOtherIncomeExpensesNet": -25000000,
    "incomeBeforeTax": -874000000,
    "incomeBeforeTaxRatio": -0.1113092206,
    "incomeTaxExpense": 2000000,
    "netIncome": -876000000,
    "netIncomeRatio": -0.1115639328,
    "eps": -2.82,
    "epsdiluted": -2.81,
    "weightedAverageShsOut": 311000000,
    "weightedAverageShsOutDil": 312000000,
    "link": "https://www.sec.gov/Archives/edgar/data/1048911/000095012309022417/0000950123-09-022417-index.htm",
    "finalLink": "https://www.sec.gov/Archives/edgar/data/1048911/000095012309022417/c87681e10vk.htm"
  },
  {
    "date": "2009-02-28",
    "symbol": "FDX",
    "reportedCurrency": "USD",
    "cik": "0001048911",
    "fillingDate": "2009-03-20",
    "acceptedDate": "2009-03-20 12:47:56",
    "calendarYear": "2009",
    "period": "Q3",
    "revenue": 8137000000,
    "costOfRevenue": 1536000000,
    "grossProfit": 6601000000,
    "grossProfitRatio": 0.811232641,
    "researchAndDevelopmentExpenses": 0,
    "generalAndAdministrativeExpenses": 3414000000,
    "sellingAndMarketingExpenses": 0,
    "sellingGeneralAndAdministrativeExpenses": 3414000000,
    "otherExpenses": 496000000,
    "operatingExpenses": 5201000000,
    "costAndExpenses": 6737000000,
    "interestIncome": 0,
    "interestExpense": 0,
    "depreciationAndAmortization": 496000000,
    "ebitda": 1969000000,
    "ebitdaratio": 0.2419810741,
    "operatingIncome": 182000000,
    "operatingIncomeRatio": 0.0223669657,
    "totalOtherIncomeExpensesNet": -23000000,
    "incomeBeforeTax": 159000000,
    "incomeBeforeTaxRatio": 0.0195403711,
    "incomeTaxExpense": 62000000,
    "netIncome": 97000000,
    "netIncomeRatio": 0.0119208554,
    "eps": 0.31,
    "epsdiluted": 0.31,
    "weightedAverageShsOut": 311000000,
    "weightedAverageShsOutDil": 312000000,
    "link": "https://www.sec.gov/Archives/edgar/data/1048911/000136231009004117/0001362310-09-004117-index.htm",
    "finalLink": "https://www.sec.gov/Archives/edgar/data/1048911/000136231009004117/c82744e10vq.htm"
  },
  {
    "date": "2008-11-30",
    "symbol": "FDX",
    "reportedCurrency": "USD",
    "cik": "0001048911",
    "fillingDate": "2008-12-19",
    "acceptedDate": "2008-12-19 13:38:54",
    "calendarYear": "2009",
    "period": "Q2",
    "revenue": 9538000000,
    "costOfRevenue": 1627000000,
    "grossProfit": 7911000000,
    "grossProfitRatio": 0.8294191654,
    "researchAndDevelopmentExpenses": 0,
    "generalAndAdministrativeExpenses": 5296000000,
    "sellingAndMarketingExpenses": 0,
    "sellingGeneralAndAdministrativeExpenses": 5296000000,
    "otherExpenses": 491000000,
    "operatingExpenses": 5787000000,
    "costAndExpenses": 7414000000,
    "interestIncome": 0,
    "interestExpense": 0,
    "depreciationAndAmortization": 491000000,
    "ebitda": 2615000000,
    "ebitdaratio": 0.2741664919,
    "operatingIncome": 784000000,
    "operatingIncomeRatio": 0.0821975257,
    "totalOtherIncomeExpensesNet": -10000000,
    "incomeBeforeTax": 774000000,
    "incomeBeforeTaxRatio": 0.0811490879,
    "incomeTaxExpense": 281000000,
    "netIncome": 493000000,
    "netIncomeRatio": 0.0516879849,
    "eps": 1.59,
    "epsdiluted": 1.58,
    "weightedAverageShsOut": 311000000,
    "weightedAverageShsOutDil": 312000000,
    "link": "https://www.sec.gov/Archives/edgar/data/1048911/000136231008008386/0001362310-08-008386-index.htm",
    "finalLink": "https://www.sec.gov/Archives/edgar/data/1048911/000136231008008386/c78389e10vq.htm"
  },
  {
    "date": "2008-08-31",
    "symbol": "FDX",
    "reportedCurrency": "USD",
    "cik": "0001048911",
    "fillingDate": "2008-09-19",
    "acceptedDate": "2008-09-19 15:58:20",
    "calendarYear": "2009",
    "period": "Q1",
    "revenue": 9970000000,
    "costOfRevenue": 2726000000,
    "grossProfit": 7244000000,
    "grossProfitRatio": 0.7265797392,
    "researchAndDevelopmentExpenses": 0,
    "generalAndAdministrativeExpenses": 4202000000,
    "sellingAndMarketingExpenses": 0,
    "sellingGeneralAndAdministrativeExpenses": 4202000000,
    "otherExpenses": 1795000000,
    "operatingExpenses": 8723000000,
    "costAndExpenses": 8723000000,
    "interestIncome": 0,
    "interestExpense": 0,
    "depreciationAndAmortization": 492000000,
    "ebitda": 2425000000,
    "ebitdaratio": 0.2432296891,
    "operatingIncome": 630000000,
    "operatingIncomeRatio": 0.0631895687,
    "totalOtherIncomeExpensesNet": -12000000,
    "incomeBeforeTax": 618000000,
    "incomeBeforeTaxRatio": 0.0619859579,
    "incomeTaxExpense": 234000000,
    "netIncome": 384000000,
    "netIncomeRatio": 0.0385155466,
    "eps": 1.24,
    "epsdiluted": 1.23,
    "weightedAverageShsOut": 311000000,
    "weightedAverageShsOutDil": 311000000,
    "link": "https://www.sec.gov/Archives/edgar/data/1048911/000136231008005260/0001362310-08-005260-index.htm",
    "finalLink": "https://www.sec.gov/Archives/edgar/data/1048911/000136231008005260/c75318e10vq.htm"
  },
  {
    "date": "2008-05-31",
    "symbol": "FDX",
    "reportedCurrency": "USD",
    "cik": "0001048911",
    "fillingDate": "2008-07-16",
    "acceptedDate": "2008-07-16 16:15:58",
    "calendarYear": "2008",
    "period": "Q4",
    "revenue": 9866000000,
    "costOfRevenue": 5032000000,
    "grossProfit": 4834000000,
    "grossProfitRatio": 0.4899655382,
    "researchAndDevelopmentExpenses": 0,
    "generalAndAdministrativeExpenses": 1797000000,
    "sellingAndMarketingExpenses": 0,
    "sellingGeneralAndAdministrativeExpenses": 1797000000,
    "otherExpenses": -6202000000,
    "operatingExpenses": -4405000000,
    "costAndExpenses": 627000000,
    "interestIncome": 0,
    "interestExpense": 0,
    "depreciationAndAmortization": 499000000,
    "ebitda": 4013000000,
    "ebitdaratio": 0.4067504561,
    "operatingIncome": -163000000,
    "operatingIncomeRatio": -0.0165213866,
    "totalOtherIncomeExpensesNet": -4000000,
    "incomeBeforeTax": -167000000,
    "incomeBeforeTaxRatio": -0.0169268194,
    "incomeTaxExpense": 74000000,
    "netIncome": -241000000,
    "netIncomeRatio": -0.0244273262,
    "eps": -0.78,
    "epsdiluted": -0.77,
    "weightedAverageShsOut": 309000000,
    "weightedAverageShsOutDil": 312000000,
    "link": "https://www.sec.gov/Archives/edgar/data/1048911/000136231008003669/0001362310-08-003669-index.htm",
    "finalLink": "https://www.sec.gov/Archives/edgar/data/1048911/000136231008003669/c73820e10vk.htm"
  },
  {
    "date": "2008-02-29",
    "symbol": "FDX",
    "reportedCurrency": "USD",
    "cik": "0001048911",
    "fillingDate": "2008-03-20",
    "acceptedDate": "2008-03-20 15:42:31",
    "calendarYear": "2008",
    "period": "Q3",
    "revenue": 9437000000,
    "costOfRevenue": 1230000000,
    "grossProfit": 8207000000,
    "grossProfitRatio": 0.8696619688,
    "researchAndDevelopmentExpenses": 0,
    "generalAndAdministrativeExpenses": 4208000000,
    "sellingAndMarketingExpenses": 0,
    "sellingGeneralAndAdministrativeExpenses": 4208000000,
    "otherExpenses": 4588000000,
    "operatingExpenses": 8796000000,
    "costAndExpenses": 10026000000,
    "interestIncome": 0,
    "interestExpense": 0,
    "depreciationAndAmortization": 492000000,
    "ebitda": -94000000,
    "ebitdaratio": -0.0099607926,
    "operatingIncome": 641000000,
    "operatingIncomeRatio": 0.0679241284,
    "totalOtherIncomeExpensesNet": -13000000,
    "incomeBeforeTax": 628000000,
    "incomeBeforeTaxRatio": 0.066546572,
    "incomeTaxExpense": 235000000,
    "netIncome": 393000000,
    "netIncomeRatio": 0.0416445904,
    "eps": 1.27,
    "epsdiluted": 1.26,
    "weightedAverageShsOut": 309000000,
    "weightedAverageShsOutDil": 312000000,
    "link": "https://www.sec.gov/Archives/edgar/data/1048911/000136231008001542/0001362310-08-001542-index.htm",
    "finalLink": "https://www.sec.gov/Archives/edgar/data/1048911/000136231008001542/c72729e10vq.htm"
  },
  {
    "date": "2007-11-30",
    "symbol": "FDX",
    "reportedCurrency": "USD",
    "cik": "0001048911",
    "fillingDate": "2007-12-21",
    "acceptedDate": "2007-12-21 17:15:15",
    "calendarYear": "2008",
    "period": "Q2",
    "revenue": 9451000000,
    "costOfRevenue": 1222000000,
    "grossProfit": 8229000000,
    "grossProfitRatio": 0.8707015131,
    "researchAndDevelopmentExpenses": 0,
    "generalAndAdministrativeExpenses": 4121000000,
    "sellingAndMarketingExpenses": 0,
    "sellingGeneralAndAdministrativeExpenses": 4121000000,
    "otherExpenses": 4547000000,
    "operatingExpenses": 8668000000,
    "costAndExpenses": 9890000000,
    "interestIncome": 0,
    "interestExpense": 0,
    "depreciationAndAmortization": 482000000,
    "ebitda": 43000000,
    "ebitdaratio": 0.0045497831,
    "operatingIncome": 783000000,
    "operatingIncomeRatio": 0.0828483758,
    "totalOtherIncomeExpensesNet": -15000000,
    "incomeBeforeTax": 768000000,
    "incomeBeforeTaxRatio": 0.0812612422,
    "incomeTaxExpense": 289000000,
    "netIncome": 479000000,
    "netIncomeRatio": 0.0506824675,
    "eps": 1.55,
    "epsdiluted": 1.54,
    "weightedAverageShsOut": 309000000,
    "weightedAverageShsOutDil": 312000000,
    "link": "https://www.sec.gov/Archives/edgar/data/1048911/000136231007003512/0001362310-07-003512-index.htm",
    "finalLink": "https://www.sec.gov/Archives/edgar/data/1048911/000136231007003512/c71797e10vq.htm"
  },
  {
    "date": "2007-08-31",
    "symbol": "FDX",
    "reportedCurrency": "USD",
    "cik": "0001048911",
    "fillingDate": "2007-09-21",
    "acceptedDate": "2007-09-21 16:39:25",
    "calendarYear": "2008",
    "period": "Q1",
    "revenue": 9199000000,
    "costOfRevenue": 1186000000,
    "grossProfit": 8013000000,
    "grossProfitRatio": 0.8710729427,
    "researchAndDevelopmentExpenses": 0,
    "generalAndAdministrativeExpenses": 4076000000,
    "sellingAndMarketingExpenses": 0,
    "sellingGeneralAndAdministrativeExpenses": 4076000000,
    "otherExpenses": 4309000000,
    "operatingExpenses": 8385000000,
    "costAndExpenses": 9571000000,
    "interestIncome": 0,
    "interestExpense": 0,
    "depreciationAndAmortization": 473000000,
    "ebitda": 103000000,
    "ebitdaratio": 0.0111968692,
    "operatingIncome": 814000000,
    "operatingIncomeRatio": 0.0884878791,
    "totalOtherIncomeExpensesNet": -27000000,
    "incomeBeforeTax": 787000000,
    "incomeBeforeTaxRatio": 0.0855527775,
    "incomeTaxExpense": 293000000,
    "netIncome": 494000000,
    "netIncomeRatio": 0.0537014893,
    "eps": 1.6,
    "epsdiluted": 1.58,
    "weightedAverageShsOut": 312000000,
    "weightedAverageShsOutDil": 314700000,
    "link": "https://www.sec.gov/Archives/edgar/data/1048911/000136231007002282/0001362310-07-002282-index.htm",
    "finalLink": "https://www.sec.gov/Archives/edgar/data/1048911/000136231007002282/c71229e10vq.htm"
  },
  {
    "date": "2007-05-31",
    "symbol": "FDX",
    "reportedCurrency": "USD",
    "cik": "0001048911",
    "fillingDate": "2007-07-13",
    "acceptedDate": "2007-07-12 20:37:01",
    "calendarYear": "2007",
    "period": "Q4",
    "revenue": 9151000000,
    "costOfRevenue": 1182000000,
    "grossProfit": 7969000000,
    "grossProfitRatio": 0.8708337887,
    "researchAndDevelopmentExpenses": 0,
    "generalAndAdministrativeExpenses": 4106000000,
    "sellingAndMarketingExpenses": 0,
    "sellingGeneralAndAdministrativeExpenses": 4106000000,
    "otherExpenses": 4033000000,
    "operatingExpenses": 8139000000,
    "costAndExpenses": 9321000000,
    "interestIncome": 0,
    "interestExpense": 0,
    "depreciationAndAmortization": 464000000,
    "ebitda": 1321000000,
    "ebitdaratio": 0.1443558081,
    "operatingIncome": 1012000000,
    "operatingIncomeRatio": 0.1105890067,
    "totalOtherIncomeExpensesNet": -19000000,
    "incomeBeforeTax": 993000000,
    "incomeBeforeTaxRatio": 0.1085127308,
    "incomeTaxExpense": 383000000,
    "netIncome": 610000000,
    "netIncomeRatio": 0.0666593815,
    "eps": 1.98,
    "epsdiluted": 1.96,
    "weightedAverageShsOut": 309045752,
    "weightedAverageShsOutDil": 311000000,
    "link": "https://www.sec.gov/Archives/edgar/data/1048911/000095014407006556/0000950144-07-006556-index.htm",
    "finalLink": "https://www.sec.gov/Archives/edgar/data/1048911/000095014407006556/g08210e10vk.htm"
  },
  {
    "date": "2007-02-28",
    "symbol": "FDX",
    "reportedCurrency": "USD",
    "cik": "0001048911",
    "fillingDate": "2007-03-23",
    "acceptedDate": "2007-03-23 13:48:11",
    "calendarYear": "2007",
    "period": "Q3",
    "revenue": 8592000000,
    "costOfRevenue": 1196000000,
    "grossProfit": 7396000000,
    "grossProfitRatio": 0.8608007449,
    "researchAndDevelopmentExpenses": 0,
    "generalAndAdministrativeExpenses": 4012000000,
    "sellingAndMarketingExpenses": 0,
    "sellingGeneralAndAdministrativeExpenses": 4012000000,
    "otherExpenses": 3939000000,
    "operatingExpenses": 7951000000,
    "costAndExpenses": 9147000000,
    "interestIncome": 0,
    "interestExpense": 0,
    "depreciationAndAmortization": 449000000,
    "ebitda": 1090000000,
    "ebitdaratio": 0.1268621974,
    "operatingIncome": 641000000,
    "operatingIncomeRatio": 0.0746042831,
    "totalOtherIncomeExpensesNet": -12000000,
    "incomeBeforeTax": 629000000,
    "incomeBeforeTaxRatio": 0.073207635,
    "incomeTaxExpense": 209000000,
    "netIncome": 420000000,
    "netIncomeRatio": 0.0488826816,
    "eps": 1.37,
    "epsdiluted": 1.35,
    "weightedAverageShsOut": 306569343,
    "weightedAverageShsOutDil": 311111111,
    "link": "https://www.sec.gov/Archives/edgar/data/1048911/000136231007000320/0001362310-07-000320-index.htm",
    "finalLink": "https://www.sec.gov/Archives/edgar/data/1048911/000136231007000320/c70281e10vq.htm"
  },
  {
    "date": "2006-11-30",
    "symbol": "FDX",
    "reportedCurrency": "USD",
    "cik": "0001048911",
    "fillingDate": "2006-12-22",
    "acceptedDate": "2006-12-22 16:40:16",
    "calendarYear": "2007",
    "period": "Q2",
    "revenue": 8926000000,
    "costOfRevenue": 1168000000,
    "grossProfit": 7758000000,
    "grossProfitRatio": 0.8691463141,
    "researchAndDevelopmentExpenses": 0,
    "generalAndAdministrativeExpenses": 4110000000,
    "sellingAndMarketingExpenses": 0,
    "sellingGeneralAndAdministrativeExpenses": 4110000000,
    "otherExpenses": 3977000000,
    "operatingExpenses": 8087000000,
    "costAndExpenses": 9255000000,
    "interestIncome": 0,
    "interestExpense": 0,
    "depreciationAndAmortization": 430000000,
    "ebitda": 1269000000,
    "ebitdaratio": 0.1421689447,
    "operatingIncome": 839000000,
    "operatingIncomeRatio": 0.0939950706,
    "totalOtherIncomeExpensesNet": -16000000,
    "incomeBeforeTax": 823000000,
    "incomeBeforeTaxRatio": 0.0922025543,
    "incomeTaxExpense": 312000000,
    "netIncome": 511000000,
    "netIncomeRatio": 0.0572484876,
    "eps": 1.67,
    "epsdiluted": 1.64,
    "weightedAverageShsOut": 305988024,
    "weightedAverageShsOutDil": 311585366,
    "link": "https://www.sec.gov/Archives/edgar/data/1048911/000136231006000431/0001362310-06-000431-index.htm",
    "finalLink": "https://www.sec.gov/Archives/edgar/data/1048911/000136231006000431/c70124e10vq.htm"
  },
  {
    "date": "2006-08-31",
    "symbol": "FDX",
    "reportedCurrency": "USD",
    "cik": "0001048911",
    "fillingDate": "2006-09-25",
    "acceptedDate": "2006-09-25 17:15:26",
    "calendarYear": "2007",
    "period": "Q1",
    "revenue": 8545000000,
    "costOfRevenue": 1140000000,
    "grossProfit": 7405000000,
    "grossProfitRatio": 0.8665886483,
    "researchAndDevelopmentExpenses": 0,
    "generalAndAdministrativeExpenses": 3855000000,
    "sellingAndMarketingExpenses": 0,
    "sellingGeneralAndAdministrativeExpenses": 3855000000,
    "otherExpenses": 3906000000,
    "operatingExpenses": 7761000000,
    "costAndExpenses": 8901000000,
    "interestIncome": 0,
    "interestExpense": 0,
    "depreciationAndAmortization": 399000000,
    "ebitda": 1183000000,
    "ebitdaratio": 0.1384435342,
    "operatingIncome": 784000000,
    "operatingIncomeRatio": 0.0917495611,
    "totalOtherIncomeExpensesNet": -14000000,
    "incomeBeforeTax": 770000000,
    "incomeBeforeTaxRatio": 0.0901111761,
    "incomeTaxExpense": 295000000,
    "netIncome": 475000000,
    "netIncomeRatio": 0.0555880632,
    "eps": 1.55,
    "epsdiluted": 1.53,
    "weightedAverageShsOut": 306451613,
    "weightedAverageShsOutDil": 310457516,
    "link": "https://www.sec.gov/Archives/edgar/data/1048911/000136231006000193/0001362310-06-000193-index.htm",
    "finalLink": "https://www.sec.gov/Archives/edgar/data/1048911/000136231006000193/c70018e10vq.htm"
  },
  {
    "date": "2006-05-31",
    "symbol": "FDX",
    "reportedCurrency": "USD",
    "cik": "0001048911",
    "fillingDate": "2006-07-14",
    "acceptedDate": "2006-07-14 10:14:10",
    "calendarYear": "2006",
    "period": "Q4",
    "revenue": 8494000000,
    "costOfRevenue": 1128000000,
    "grossProfit": 7366000000,
    "grossProfitRatio": 0.8672003767,
    "researchAndDevelopmentExpenses": 0,
    "generalAndAdministrativeExpenses": 3830000000,
    "sellingAndMarketingExpenses": 0,
    "sellingGeneralAndAdministrativeExpenses": 3830000000,
    "otherExpenses": 3737000000,
    "operatingExpenses": 7567000000,
    "costAndExpenses": 8695000000,
    "interestIncome": 0,
    "interestExpense": 0,
    "depreciationAndAmortization": 403000000,
    "ebitda": 1170000000,
    "ebitdaratio": 0.1377442901,
    "operatingIncome": 927000000,
    "operatingIncomeRatio": 0.1091358606,
    "totalOtherIncomeExpensesNet": -20000000,
    "incomeBeforeTax": 907000000,
    "incomeBeforeTaxRatio": 0.1067812574,
    "incomeTaxExpense": 339000000,
    "netIncome": 568000000,
    "netIncomeRatio": 0.0668707323,
    "eps": 1.83,
    "epsdiluted": 1.83,
    "weightedAverageShsOut": 305867499,
    "weightedAverageShsOutDil": 309777015,
    "link": "https://www.sec.gov/Archives/edgar/data/1048911/000110465906046980/0001104659-06-046980-index.htm",
    "finalLink": "https://www.sec.gov/Archives/edgar/data/1048911/000110465906046980/a06-14845_110k.htm"
  },
  {
    "date": "2006-02-28",
    "symbol": "FDX",
    "reportedCurrency": "USD",
    "cik": "0001048911",
    "fillingDate": "2006-03-24",
    "acceptedDate": "2006-03-24 15:32:32",
    "calendarYear": "2006",
    "period": "Q3",
    "revenue": 8003000000,
    "costOfRevenue": 1154000000,
    "grossProfit": 6849000000,
    "grossProfitRatio": 0.8558040735,
    "researchAndDevelopmentExpenses": 0,
    "generalAndAdministrativeExpenses": 3739000000,
    "sellingAndMarketingExpenses": 0,
    "sellingGeneralAndAdministrativeExpenses": 3739000000,
    "otherExpenses": 3551000000,
    "operatingExpenses": 7290000000,
    "costAndExpenses": 8444000000,
    "interestIncome": 0,
    "interestExpense": 0,
    "depreciationAndAmortization": 391000000,
    "ebitda": 1104000000,
    "ebitdaratio": 0.1379482694,
    "operatingIncome": 713000000,
    "operatingIncomeRatio": 0.0890915907,
    "totalOtherIncomeExpensesNet": -30000000,
    "incomeBeforeTax": 683000000,
    "incomeBeforeTaxRatio": 0.0853429964,
    "incomeTaxExpense": 255000000,
    "netIncome": 428000000,
    "netIncomeRatio": 0.053479945,
    "eps": 1.41,
    "epsdiluted": 1.38,
    "weightedAverageShsOut": 303546099,
    "weightedAverageShsOutDil": 310144928,
    "link": "https://www.sec.gov/Archives/edgar/data/1048911/000110465906019129/0001104659-06-019129-index.htm",
    "finalLink": "https://www.sec.gov/Archives/edgar/data/1048911/000110465906019129/a06-7272_110q.htm"
  },
  {
    "date": "2005-11-30",
    "symbol": "FDX",
    "reportedCurrency": "USD",
    "cik": "0001048911",
    "fillingDate": "2005-12-22",
    "acceptedDate": "2005-12-22 15:25:48",
    "calendarYear": "2006",
    "period": "Q2",
    "revenue": 8090000000,
    "costOfRevenue": 1168000000,
    "grossProfit": 6922000000,
    "grossProfitRatio": 0.8556242274,
    "researchAndDevelopmentExpenses": 0,
    "generalAndAdministrativeExpenses": 3665000000,
    "sellingAndMarketingExpenses": 0,
    "sellingGeneralAndAdministrativeExpenses": 3665000000,
    "otherExpenses": 3635000000,
    "operatingExpenses": 7300000000,
    "costAndExpenses": 8468000000,
    "interestIncome": 0,
    "interestExpense": 0,
    "depreciationAndAmortization": 386000000,
    "ebitda": 1176000000,
    "ebitdaratio": 0.1453646477,
    "operatingIncome": 790000000,
    "operatingIncomeRatio": 0.0976514215,
    "totalOtherIncomeExpensesNet": -30000000,
    "incomeBeforeTax": 760000000,
    "incomeBeforeTaxRatio": 0.0939431397,
    "incomeTaxExpense": 289000000,
    "netIncome": 471000000,
    "netIncomeRatio": 0.0582200247,
    "eps": 1.55,
    "epsdiluted": 1.53,
    "weightedAverageShsOut": 303870968,
    "weightedAverageShsOutDil": 307843137,
    "link": "https://www.sec.gov/Archives/edgar/data/1048911/000110465905062337/0001104659-05-062337-index.htm",
    "finalLink": "https://www.sec.gov/Archives/edgar/data/1048911/000110465905062337/a05-22002_110q.htm"
  },
  {
    "date": "2005-08-31",
    "symbol": "FDX",
    "reportedCurrency": "USD",
    "cik": "0001048911",
    "fillingDate": "2005-09-23",
    "acceptedDate": "2005-09-23 16:01:08",
    "calendarYear": "2006",
    "period": "Q1",
    "revenue": 7707000000,
    "costOfRevenue": 1330000000,
    "grossProfit": 6377000000,
    "grossProfitRatio": 0.8274296094,
    "researchAndDevelopmentExpenses": 0,
    "generalAndAdministrativeExpenses": 3727000000,
    "sellingAndMarketingExpenses": 0,
    "sellingGeneralAndAdministrativeExpenses": 3727000000,
    "otherExpenses": 2668000000,
    "operatingExpenses": 6395000000,
    "costAndExpenses": 7725000000,
    "interestIncome": 0,
    "interestExpense": 0,
    "depreciationAndAmortization": 368000000,
    "ebitda": 954000000,
    "ebitdaratio": 0.1237835734,
    "operatingIncome": 584000000,
    "operatingIncomeRatio": 0.0757752692,
    "totalOtherIncomeExpensesNet": -35000000,
    "incomeBeforeTax": 549000000,
    "incomeBeforeTaxRatio": 0.0712339432,
    "incomeTaxExpense": 210000000,
    "netIncome": 339000000,
    "netIncomeRatio": 0.0439859868,
    "eps": 1.12,
    "epsdiluted": 1.1,
    "weightedAverageShsOut": 302678571,
    "weightedAverageShsOutDil": 308181818,
    "link": "https://www.sec.gov/Archives/edgar/data/1048911/000110465905045514/0001104659-05-045514-index.htm",
    "finalLink": "https://www.sec.gov/Archives/edgar/data/1048911/000110465905045514/a05-16402_210q.htm"
  },
  {
    "date": "2005-05-31",
    "symbol": "FDX",
    "reportedCurrency": "USD",
    "cik": "0001048911",
    "fillingDate": "2005-07-14",
    "acceptedDate": "2005-07-14 17:00:17",
    "calendarYear": "2005",
    "period": "Q4",
    "revenue": 7715000000,
    "costOfRevenue": 1172000000,
    "grossProfit": 6543000000,
    "grossProfitRatio": 0.84808814,
    "researchAndDevelopmentExpenses": 0,
    "generalAndAdministrativeExpenses": 3673000000,
    "sellingAndMarketingExpenses": 0,
    "sellingGeneralAndAdministrativeExpenses": 3673000000,
    "otherExpenses": 2678000000,
    "operatingExpenses": 6351000000,
    "costAndExpenses": 7523000000,
    "interestIncome": 0,
    "interestExpense": 0,
    "depreciationAndAmortization": 371000000,
    "ebitda": 563000000,
    "ebitdaratio": 0.0729747246,
    "operatingIncome": 740000000,
    "operatingIncomeRatio": 0.0959170447,
    "totalOtherIncomeExpensesNet": -29000000,
    "incomeBeforeTax": 711000000,
    "incomeBeforeTaxRatio": 0.0921581335,
    "incomeTaxExpense": 263000000,
    "netIncome": 448000000,
    "netIncomeRatio": 0.0580686973,
    "eps": 1.46,
    "epsdiluted": 1.46,
    "weightedAverageShsOut": 303187803,
    "weightedAverageShsOutDil": 306991525,
    "link": "https://www.sec.gov/Archives/edgar/data/1048911/000110465905032464/0001104659-05-032464-index.htm",
    "finalLink": "https://www.sec.gov/Archives/edgar/data/1048911/000110465905032464/a05-11806_110k.htm"
  },
  {
    "date": "2005-02-28",
    "symbol": "FDX",
    "reportedCurrency": "USD",
    "cik": "0001048911",
    "fillingDate": "2005-03-18",
    "acceptedDate": "2005-03-18 14:32:55",
    "calendarYear": "2005",
    "period": "Q3",
    "revenue": 7339000000,
    "costOfRevenue": 1170000000,
    "grossProfit": 6169000000,
    "grossProfitRatio": 0.8405777354,
    "researchAndDevelopmentExpenses": 0,
    "generalAndAdministrativeExpenses": 3611000000,
    "sellingAndMarketingExpenses": 0,
    "sellingGeneralAndAdministrativeExpenses": 3611000000,
    "otherExpenses": 2606000000,
    "operatingExpenses": 6217000000,
    "costAndExpenses": 7387000000,
    "interestIncome": 0,
    "interestExpense": 0,
    "depreciationAndAmortization": 368000000,
    "ebitda": 920000000,
    "ebitdaratio": 0.1253576782,
    "operatingIncome": 552000000,
    "operatingIncomeRatio": 0.0752146069,
    "totalOtherIncomeExpensesNet": -38000000,
    "incomeBeforeTax": 514000000,
    "incomeBeforeTaxRatio": 0.0700367898,
    "incomeTaxExpense": 197000000,
    "netIncome": 317000000,
    "netIncomeRatio": 0.0431938956,
    "eps": 1.05,
    "epsdiluted": 1.03,
    "weightedAverageShsOut": 301904762,
    "weightedAverageShsOutDil": 307766990,
    "link": "https://www.sec.gov/Archives/edgar/data/1048911/000110465905011975/0001104659-05-011975-index.htm",
    "finalLink": "https://www.sec.gov/Archives/edgar/data/1048911/000110465905011975/a05-5087_110q.htm"
  },
  {
    "date": "2004-11-30",
    "symbol": "FDX",
    "reportedCurrency": "USD",
    "cik": "0001048911",
    "fillingDate": "2004-12-17",
    "acceptedDate": "2004-12-17 17:10:22",
    "calendarYear": "2005",
    "period": "Q2",
    "revenue": 7334000000,
    "costOfRevenue": 1168000000,
    "grossProfit": 6166000000,
    "grossProfitRatio": 0.8407417507,
    "researchAndDevelopmentExpenses": 0,
    "generalAndAdministrativeExpenses": 3514000000,
    "sellingAndMarketingExpenses": 0,
    "sellingGeneralAndAdministrativeExpenses": 3514000000,
    "otherExpenses": 2580000000,
    "operatingExpenses": 6094000000,
    "costAndExpenses": 7262000000,
    "interestIncome": 0,
    "interestExpense": 0,
    "depreciationAndAmortization": 363000000,
    "ebitda": 917000000,
    "ebitdaratio": 0.1250340878,
    "operatingIncome": 600000000,
    "operatingIncomeRatio": 0.0818107445,
    "totalOtherIncomeExpensesNet": -46000000,
    "incomeBeforeTax": 554000000,
    "incomeBeforeTaxRatio": 0.0755385874,
    "incomeTaxExpense": 200000000,
    "netIncome": 354000000,
    "netIncomeRatio": 0.0482683392,
    "eps": 1.18,
    "epsdiluted": 1.15,
    "weightedAverageShsOut": 300000000,
    "weightedAverageShsOutDil": 307826087,
    "link": "https://www.sec.gov/Archives/edgar/data/1048911/000110465904040289/0001104659-04-040289-index.htm",
    "finalLink": "https://www.sec.gov/Archives/edgar/data/1048911/000110465904040289/a04-14885_110q.htm"
  },
  {
    "date": "2004-08-31",
    "symbol": "FDX",
    "reportedCurrency": "USD",
    "cik": "0001048911",
    "fillingDate": "2004-09-24",
    "acceptedDate": "2004-09-24 15:37:06",
    "calendarYear": "2005",
    "period": "Q1",
    "revenue": 6975000000,
    "costOfRevenue": 1118000000,
    "grossProfit": 5857000000,
    "grossProfitRatio": 0.8397132616,
    "researchAndDevelopmentExpenses": 0,
    "generalAndAdministrativeExpenses": 3479000000,
    "sellingAndMarketingExpenses": 0,
    "sellingGeneralAndAdministrativeExpenses": 3479000000,
    "otherExpenses": 2448000000,
    "operatingExpenses": 5927000000,
    "costAndExpenses": 7045000000,
    "interestIncome": 0,
    "interestExpense": 0,
    "depreciationAndAmortization": 360000000,
    "ebitda": 296000000,
    "ebitdaratio": 0.042437276,
    "operatingIncome": 579000000,
    "operatingIncomeRatio": 0.0830107527,
    "totalOtherIncomeExpensesNet": -45000000,
    "incomeBeforeTax": 534000000,
    "incomeBeforeTaxRatio": 0.0765591398,
    "incomeTaxExpense": 204000000,
    "netIncome": 330000000,
    "netIncomeRatio": 0.047311828,
    "eps": 1.1,
    "epsdiluted": 1.08,
    "weightedAverageShsOut": 300000000,
    "weightedAverageShsOutDil": 305555556,
    "link": "https://www.sec.gov/Archives/edgar/data/1048911/000110465904028468/0001104659-04-028468-index.htm",
    "finalLink": "https://www.sec.gov/Archives/edgar/data/1048911/000110465904028468/a04-10810_110q.htm"
  },
  {
    "date": "2004-05-31",
    "symbol": "FDX",
    "reportedCurrency": "USD",
    "cik": "0001048911",
    "fillingDate": "2004-07-16",
    "acceptedDate": "2004-07-16 12:51:04",
    "calendarYear": "2004",
    "period": "Q4",
    "revenue": 7041000000,
    "costOfRevenue": 1136000000,
    "grossProfit": 5905000000,
    "grossProfitRatio": 0.8386592814,
    "researchAndDevelopmentExpenses": 0,
    "generalAndAdministrativeExpenses": 3518000000,
    "sellingAndMarketingExpenses": 0,
    "sellingGeneralAndAdministrativeExpenses": 3518000000,
    "otherExpenses": 2403000000,
    "operatingExpenses": 5921000000,
    "costAndExpenses": 7057000000,
    "interestIncome": 0,
    "interestExpense": 0,
    "depreciationAndAmortization": 365000000,
    "ebitda": 872000000,
    "ebitdaratio": 0.1238460446,
    "operatingIncome": 685000000,
    "operatingIncomeRatio": 0.0972873171,
    "totalOtherIncomeExpensesNet": -42000000,
    "incomeBeforeTax": 643000000,
    "incomeBeforeTaxRatio": 0.0913222554,
    "incomeTaxExpense": 231000000,
    "netIncome": 412000000,
    "netIncomeRatio": 0.0585144156,
    "eps": 1.36,
    "epsdiluted": 1.36,
    "weightedAverageShsOut": 303436563,
    "weightedAverageShsOutDil": 303623188,
    "link": "https://www.sec.gov/Archives/edgar/data/1048911/000104746904023480/0001047469-04-023480-index.htm",
    "finalLink": "https://www.sec.gov/Archives/edgar/data/1048911/000104746904023480/a2140026z10-k.htm"
  },
  {
    "date": "2004-02-29",
    "symbol": "FDX",
    "reportedCurrency": "USD",
    "cik": "0001048911",
    "fillingDate": "2004-03-18",
    "acceptedDate": "2004-03-18 15:16:19",
    "calendarYear": "2004",
    "period": "Q3",
    "revenue": 6062000000,
    "costOfRevenue": 948000000,
    "grossProfit": 5114000000,
    "grossProfitRatio": 0.8436159683,
    "researchAndDevelopmentExpenses": 0,
    "generalAndAdministrativeExpenses": 3123000000,
    "sellingAndMarketingExpenses": 0,
    "sellingGeneralAndAdministrativeExpenses": 3123000000,
    "otherExpenses": 2163000000,
    "operatingExpenses": 5286000000,
    "costAndExpenses": 6234000000,
    "interestIncome": 0,
    "interestExpense": 0,
    "depreciationAndAmortization": 340000000,
    "ebitda": 674000000,
    "ebitdaratio": 0.1111844276,
    "operatingIncome": 372000000,
    "operatingIncomeRatio": 0.0613658858,
    "totalOtherIncomeExpensesNet": -38000000,
    "incomeBeforeTax": 334000000,
    "incomeBeforeTaxRatio": 0.0550973276,
    "incomeTaxExpense": 127000000,
    "netIncome": 207000000,
    "netIncomeRatio": 0.0341471462,
    "eps": 0.69,
    "epsdiluted": 0.68,
    "weightedAverageShsOut": 300000000,
    "weightedAverageShsOutDil": 304411765,
    "link": "https://www.sec.gov/Archives/edgar/data/1048911/000110465904007875/0001104659-04-007875-index.htm",
    "finalLink": "https://www.sec.gov/Archives/edgar/data/1048911/000110465904007875/a04-3498_110q.htm"
  },
  {
    "date": "2003-11-30",
    "symbol": "FDX",
    "reportedCurrency": "USD",
    "cik": "0001048911",
    "fillingDate": "2003-12-19",
    "acceptedDate": "2003-12-19 16:47:55",
    "calendarYear": "2004",
    "period": "Q2",
    "revenue": 5920000000,
    "costOfRevenue": 894000000,
    "grossProfit": 5026000000,
    "grossProfitRatio": 0.8489864865,
    "researchAndDevelopmentExpenses": 0,
    "generalAndAdministrativeExpenses": 3006000000,
    "sellingAndMarketingExpenses": 0,
    "sellingGeneralAndAdministrativeExpenses": 3006000000,
    "otherExpenses": 2108000000,
    "operatingExpenses": 5114000000,
    "costAndExpenses": 6008000000,
    "interestIncome": 0,
    "interestExpense": 0,
    "depreciationAndAmortization": 336000000,
    "ebitda": 260000000,
    "ebitdaratio": 0.0439189189,
    "operatingIncome": 183000000,
    "operatingIncomeRatio": 0.0309121622,
    "totalOtherIncomeExpensesNet": -37000000,
    "incomeBeforeTax": 146000000,
    "incomeBeforeTaxRatio": 0.0246621622,
    "incomeTaxExpense": 55000000,
    "netIncome": 91000000,
    "netIncomeRatio": 0.0153716216,
    "eps": 0.31,
    "epsdiluted": 0.3,
    "weightedAverageShsOut": 293548387,
    "weightedAverageShsOutDil": 303333333,
    "link": "https://www.sec.gov/Archives/edgar/data/1048911/000110465903028983/0001104659-03-028983-index.htm",
    "finalLink": "https://www.sec.gov/Archives/edgar/data/1048911/000110465903028983/a03-6330_110q.htm"
  },
  {
    "date": "2003-08-31",
    "symbol": "FDX",
    "reportedCurrency": "USD",
    "cik": "0001048911",
    "fillingDate": "2003-09-19",
    "acceptedDate": "2003-09-18 18:25:08",
    "calendarYear": "2004",
    "period": "Q1",
    "revenue": 5687000000,
    "costOfRevenue": 858000000,
    "grossProfit": 4829000000,
    "grossProfitRatio": 0.8491295938,
    "researchAndDevelopmentExpenses": 0,
    "generalAndAdministrativeExpenses": 2999000000,
    "sellingAndMarketingExpenses": 0,
    "sellingGeneralAndAdministrativeExpenses": 2999000000,
    "otherExpenses": 2034000000,
    "operatingExpenses": 5033000000,
    "costAndExpenses": 5891000000,
    "interestIncome": 0,
    "interestExpense": 0,
    "depreciationAndAmortization": 334000000,
    "ebitda": 261000000,
    "ebitdaratio": 0.0458941445,
    "operatingIncome": 200000000,
    "operatingIncomeRatio": 0.0351679269,
    "totalOtherIncomeExpensesNet": -4000000,
    "incomeBeforeTax": 196000000,
    "incomeBeforeTaxRatio": 0.0344645683,
    "incomeTaxExpense": 68000000,
    "netIncome": 128000000,
    "netIncomeRatio": 0.0225074732,
    "eps": 0.43,
    "epsdiluted": 0.42,
    "weightedAverageShsOut": 297674419,
    "weightedAverageShsOutDil": 304761905,
    "link": "https://www.sec.gov/Archives/edgar/data/1048911/000104746903031098/0001047469-03-031098-index.htm",
    "finalLink": "https://www.sec.gov/Archives/edgar/data/1048911/000104746903031098/a2118825z10-q.htm"
  },
  {
    "date": "2003-05-31",
    "symbol": "FDX",
    "reportedCurrency": "USD",
    "cik": "0001048911",
    "fillingDate": "2003-07-17",
    "acceptedDate": "2003-07-17 17:10:08",
    "calendarYear": "2003",
    "period": "Q4",
    "revenue": 5830000000,
    "costOfRevenue": 884000000,
    "grossProfit": 4946000000,
    "grossProfitRatio": 0.8483704974,
    "researchAndDevelopmentExpenses": 0,
    "generalAndAdministrativeExpenses": 2927000000,
    "sellingAndMarketingExpenses": 0,
    "sellingGeneralAndAdministrativeExpenses": 2927000000,
    "otherExpenses": 2044000000,
    "operatingExpenses": 4971000000,
    "costAndExpenses": 5855000000,
    "interestIncome": 0,
    "interestExpense": 0,
    "depreciationAndAmortization": 340000000,
    "ebitda": 791000000,
    "ebitdaratio": 0.13567753,
    "operatingIncome": 492000000,
    "operatingIncomeRatio": 0.0843910806,
    "totalOtherIncomeExpensesNet": -41000000,
    "incomeBeforeTax": 451000000,
    "incomeBeforeTaxRatio": 0.0773584906,
    "incomeTaxExpense": 171000000,
    "netIncome": 280000000,
    "netIncomeRatio": 0.0480274443,
    "eps": 0.92,
    "epsdiluted": 0.92,
    "weightedAverageShsOut": 298072266,
    "weightedAverageShsOutDil": 302919708,
    "link": "https://www.sec.gov/Archives/edgar/data/1048911/000104746903024446/0001047469-03-024446-index.htm",
    "finalLink": "https://www.sec.gov/Archives/edgar/data/1048911/000104746903024446/a2114486z10-k.htm"
  },
  {
    "date": "2003-02-28",
    "symbol": "FDX",
    "reportedCurrency": "USD",
    "cik": "0001048911",
    "fillingDate": "2003-03-21",
    "acceptedDate": "2003-03-21 15:32:27",
    "calendarYear": "2003",
    "period": "Q3",
    "revenue": 5545000000,
    "costOfRevenue": 904000000,
    "grossProfit": 4641000000,
    "grossProfitRatio": 0.8369702435,
    "researchAndDevelopmentExpenses": 0,
    "generalAndAdministrativeExpenses": 2916000000,
    "sellingAndMarketingExpenses": 0,
    "sellingGeneralAndAdministrativeExpenses": 2916000000,
    "otherExpenses": 2008000000,
    "operatingExpenses": 4924000000,
    "costAndExpenses": 5828000000,
    "interestIncome": 0,
    "interestExpense": 0,
    "depreciationAndAmortization": 1688000000,
    "ebitda": 1408000000,
    "ebitdaratio": 0.2539224527,
    "operatingIncome": 269000000,
    "operatingIncomeRatio": 0.0485121731,
    "totalOtherIncomeExpensesNet": -32000000,
    "incomeBeforeTax": 237000000,
    "incomeBeforeTaxRatio": 0.0427412083,
    "incomeTaxExpense": 90000000,
    "netIncome": 147000000,
    "netIncomeRatio": 0.0265103697,
    "eps": 0.49,
    "epsdiluted": 0.49,
    "weightedAverageShsOut": 300000000,
    "weightedAverageShsOutDil": 300000000,
    "link": "https://www.sec.gov/Archives/edgar/data/1048911/000104746903009639/0001047469-03-009639-index.htm",
    "finalLink": "https://www.sec.gov/Archives/edgar/data/1048911/000104746903009639/a2105997z10-q.htm"
  },
  {
    "date": "2002-11-30",
    "symbol": "FDX",
    "reportedCurrency": "USD",
    "cik": "0001048911",
    "fillingDate": "2003-01-13",
    "acceptedDate": "2003-01-13 17:08:17",
    "calendarYear": "2003",
    "period": "Q2",
    "revenue": 5667000000,
    "costOfRevenue": 930000000,
    "grossProfit": 4737000000,
    "grossProfitRatio": 0.8358920064,
    "researchAndDevelopmentExpenses": 0,
    "generalAndAdministrativeExpenses": 2868000000,
    "sellingAndMarketingExpenses": 0,
    "sellingGeneralAndAdministrativeExpenses": 2868000000,
    "otherExpenses": 2036000000,
    "operatingExpenses": 4904000000,
    "costAndExpenses": 5834000000,
    "interestIncome": 0,
    "interestExpense": 0,
    "depreciationAndAmortization": -338000000,
    "ebitda": -960000000,
    "ebitdaratio": -0.1694017999,
    "operatingIncome": 427000000,
    "operatingIncomeRatio": 0.0753485089,
    "totalOtherIncomeExpensesNet": -32000000,
    "incomeBeforeTax": 395000000,
    "incomeBeforeTaxRatio": 0.0697017822,
    "incomeTaxExpense": 150000000,
    "netIncome": 245000000,
    "netIncomeRatio": 0.043232751,
    "eps": 0.82,
    "epsdiluted": 0.81,
    "weightedAverageShsOut": 298000000,
    "weightedAverageShsOutDil": 303000000,
    "link": "https://www.sec.gov/Archives/edgar/data/1048911/000104746903001173/0001047469-03-001173-index.htm",
    "finalLink": "https://www.sec.gov/Archives/edgar/data/1048911/000104746903001173/a2100409z10-q.htm"
  },
  {
    "date": "2002-08-31",
    "symbol": "FDX",
    "reportedCurrency": "USD",
    "cik": "0001048911",
    "fillingDate": "2002-10-11",
    "acceptedDate": "2002-10-11 15:29:57",
    "calendarYear": "2003",
    "period": "Q1",
    "revenue": 5445000000,
    "costOfRevenue": 888000000,
    "grossProfit": 4557000000,
    "grossProfitRatio": 0.8369146006,
    "researchAndDevelopmentExpenses": 0,
    "generalAndAdministrativeExpenses": 2870000000,
    "sellingAndMarketingExpenses": 0,
    "sellingGeneralAndAdministrativeExpenses": 2870000000,
    "otherExpenses": 1998000000,
    "operatingExpenses": 4868000000,
    "costAndExpenses": 5756000000,
    "interestIncome": 0,
    "interestExpense": 0,
    "depreciationAndAmortization": -339000000,
    "ebitda": 594000000,
    "ebitdaratio": 0.1090909091,
    "operatingIncome": 283000000,
    "operatingIncomeRatio": 0.0519742883,
    "totalOtherIncomeExpensesNet": -28000000,
    "incomeBeforeTax": 255000000,
    "incomeBeforeTaxRatio": 0.0468319559,
    "incomeTaxExpense": 97000000,
    "netIncome": 158000000,
    "netIncomeRatio": 0.0290174472,
    "eps": 0.53,
    "epsdiluted": 0.52,
    "weightedAverageShsOut": 298000000,
    "weightedAverageShsOutDil": 302000000,
    "link": "https://www.sec.gov/Archives/edgar/data/1048911/000091205702038423/0000912057-02-038423-index.htm",
    "finalLink": "https://www.sec.gov/Archives/edgar/data/1048911/000091205702038423/a2090390z10-q.htm"
  },
  {
    "date": "2002-05-31",
    "symbol": "FDX",
    "reportedCurrency": "USD",
    "cik": "0001048911",
    "fillingDate": "2002-07-19",
    "acceptedDate": "2002-07-19 16:51:46",
    "calendarYear": "2002",
    "period": "Q4",
    "revenue": 5416000000,
    "costOfRevenue": 864000000,
    "grossProfit": 4552000000,
    "grossProfitRatio": 0.8404726736,
    "researchAndDevelopmentExpenses": 0,
    "generalAndAdministrativeExpenses": 2818000000,
    "sellingAndMarketingExpenses": 0,
    "sellingGeneralAndAdministrativeExpenses": 2818000000,
    "otherExpenses": 1899000000,
    "operatingExpenses": 4717000000,
    "costAndExpenses": 5581000000,
    "interestIncome": 0,
    "interestExpense": 0,
    "depreciationAndAmortization": 2383000000,
    "ebitda": 716000000,
    "ebitdaratio": 0.1322008863,
    "operatingIncome": 416000000,
    "operatingIncomeRatio": 0.0768094535,
    "totalOtherIncomeExpensesNet": -45000000,
    "incomeBeforeTax": 371000000,
    "incomeBeforeTaxRatio": 0.0685007386,
    "incomeTaxExpense": 135000000,
    "netIncome": 236000000,
    "netIncomeRatio": 0.0435745938,
    "eps": 0.79,
    "epsdiluted": 0.78,
    "weightedAverageShsOut": 299277311,
    "weightedAverageShsOutDil": 303418803,
    "link": "https://www.sec.gov/Archives/edgar/data/1048911/000093176302002489/0000931763-02-002489-index.htm",
    "finalLink": "https://www.sec.gov/Archives/edgar/data/1048911/000093176302002489/d10k.htm"
  },
  {
    "date": "2002-02-28",
    "symbol": "FDX",
    "reportedCurrency": "USD",
    "cik": "0001048911",
    "fillingDate": "2002-04-12",
    "acceptedDate": "2002-04-12 00:00:00",
    "calendarYear": "2002",
    "period": "Q3",
    "revenue": 5019000000,
    "costOfRevenue": 888000000,
    "grossProfit": 4131000000,
    "grossProfitRatio": 0.8230723252,
    "researchAndDevelopmentExpenses": 0,
    "generalAndAdministrativeExpenses": 2690000000,
    "sellingAndMarketingExpenses": 0,
    "sellingGeneralAndAdministrativeExpenses": 2690000000,
    "otherExpenses": 1851000000,
    "operatingExpenses": 4541000000,
    "costAndExpenses": 5429000000,
    "interestIncome": 0,
    "interestExpense": 0,
    "depreciationAndAmortization": -341000000,
    "ebitda": 535000000,
    "ebitdaratio": 0.1065949392,
    "operatingIncome": 237000000,
    "operatingIncomeRatio": 0.0472205619,
    "totalOtherIncomeExpensesNet": -43000000,
    "incomeBeforeTax": 194000000,
    "incomeBeforeTaxRatio": 0.0386531182,
    "incomeTaxExpense": 74000000,
    "netIncome": 120000000,
    "netIncomeRatio": 0.0239091452,
    "eps": 0.4,
    "epsdiluted": 0.39,
    "weightedAverageShsOut": 298000000,
    "weightedAverageShsOutDil": 304000000,
    "link": "https://www.sec.gov/Archives/edgar/data/1048911/000091205702014832/0000912057-02-014832-index.htm",
    "finalLink": "https://www.sec.gov/Archives/edgar/data/1048911/000091205702014832/a2076173z10-q.htm"
  },
  {
    "date": "2001-11-30",
    "symbol": "FDX",
    "reportedCurrency": "USD",
    "cik": "0001048911",
    "fillingDate": "2002-01-14",
    "acceptedDate": "2002-01-14 00:00:00",
    "calendarYear": "2002",
    "period": "Q2",
    "revenue": 5135000000,
    "costOfRevenue": 944000000,
    "grossProfit": 4191000000,
    "grossProfitRatio": 0.8161635833,
    "researchAndDevelopmentExpenses": 0,
    "generalAndAdministrativeExpenses": 2703000000,
    "sellingAndMarketingExpenses": 0,
    "sellingGeneralAndAdministrativeExpenses": 2703000000,
    "otherExpenses": 1832000000,
    "operatingExpenses": 4535000000,
    "costAndExpenses": 5479000000,
    "interestIncome": 0,
    "interestExpense": 0,
    "depreciationAndAmortization": -342000000,
    "ebitda": 659000000,
    "ebitdaratio": 0.1283349562,
    "operatingIncome": 433000000,
    "operatingIncomeRatio": 0.0843232717,
    "totalOtherIncomeExpensesNet": -38000000,
    "incomeBeforeTax": 395000000,
    "incomeBeforeTaxRatio": 0.0769230769,
    "incomeTaxExpense": 150000000,
    "netIncome": 245000000,
    "netIncomeRatio": 0.0477117819,
    "eps": 0.82,
    "epsdiluted": 0.81,
    "weightedAverageShsOut": 298000000,
    "weightedAverageShsOutDil": 302000000,
    "link": "https://www.sec.gov/Archives/edgar/data/1048911/000091205702001272/0000912057-02-001272-index.htm",
    "finalLink": "https://www.sec.gov/Archives/edgar/data/1048911/000091205702001272/a2067563z10-q.htm"
  },
  {
    "date": "2001-08-31",
    "symbol": "FDX",
    "reportedCurrency": "USD",
    "cik": "0001048911",
    "fillingDate": "2001-10-15",
    "acceptedDate": "2001-10-15 00:00:00",
    "calendarYear": "2002",
    "period": "Q1",
    "revenue": 5037000000,
    "costOfRevenue": 864000000,
    "grossProfit": 4173000000,
    "grossProfitRatio": 0.828469327,
    "researchAndDevelopmentExpenses": 0,
    "generalAndAdministrativeExpenses": 2668000000,
    "sellingAndMarketingExpenses": 0,
    "sellingGeneralAndAdministrativeExpenses": 2668000000,
    "otherExpenses": 1844000000,
    "operatingExpenses": 4512000000,
    "costAndExpenses": 5376000000,
    "interestIncome": 0,
    "interestExpense": 0,
    "depreciationAndAmortization": -336000000,
    "ebitda": -5000000,
    "ebitdaratio": -0.0009926544,
    "operatingIncome": 235000000,
    "operatingIncomeRatio": 0.0466547548,
    "totalOtherIncomeExpensesNet": -35000000,
    "incomeBeforeTax": 200000000,
    "incomeBeforeTaxRatio": 0.0397061743,
    "incomeTaxExpense": 76000000,
    "netIncome": 109000000,
    "netIncomeRatio": 0.021639865,
    "eps": 0.37,
    "epsdiluted": 0.36,
    "weightedAverageShsOut": 298000000,
    "weightedAverageShsOutDil": 302000000,
    "link": "https://www.sec.gov/Archives/edgar/data/1048911/000091205701535444/0000912057-01-535444-index.htm",
    "finalLink": "https://www.sec.gov/Archives/edgar/data/1048911/000091205701535444/a2060897z10-q.txt"
  },
  {
    "date": "2001-05-31",
    "symbol": "FDX",
    "reportedCurrency": "USD",
    "cik": "0001048911",
    "fillingDate": "2001-07-24",
    "acceptedDate": "2001-07-24 00:00:00",
    "calendarYear": "2001",
    "period": "Q4",
    "revenue": 5116603000,
    "costOfRevenue": 868628000,
    "grossProfit": 4247975000,
    "grossProfitRatio": 0.8302334576,
    "researchAndDevelopmentExpenses": 0,
    "generalAndAdministrativeExpenses": 2604940000,
    "sellingAndMarketingExpenses": 0,
    "sellingGeneralAndAdministrativeExpenses": 2604940000,
    "otherExpenses": 2011055000,
    "operatingExpenses": 4615995000,
    "costAndExpenses": 5484623000,
    "interestIncome": 0,
    "interestExpense": 0,
    "depreciationAndAmortization": 2213781000,
    "ebitda": 1845761000,
    "ebitdaratio": 0.3607395375,
    "operatingIncome": 223206000,
    "operatingIncomeRatio": 0.0436238653,
    "totalOtherIncomeExpensesNet": -43495000,
    "incomeBeforeTax": 179711000,
    "incomeBeforeTaxRatio": 0.035123108,
    "incomeTaxExpense": 66493000,
    "netIncome": 113218000,
    "netIncomeRatio": 0.0221275718,
    "eps": 0.39,
    "epsdiluted": 0.39,
    "weightedAverageShsOut": 293467337,
    "weightedAverageShsOutDil": 293467337,
    "link": "https://www.sec.gov/Archives/edgar/data/1048911/000095014401504782/0000950144-01-504782-index.htm",
    "finalLink": "https://www.sec.gov/Archives/edgar/data/1048911/000095014401504782/g70602e10-k405.txt"
  },
  {
    "date": "2001-02-28",
    "symbol": "FDX",
    "reportedCurrency": "USD",
    "cik": "0001048911",
    "fillingDate": "2001-04-13",
    "acceptedDate": "2001-04-13 00:00:00",
    "calendarYear": "2001",
    "period": "Q3",
    "revenue": 4838780000,
    "costOfRevenue": 835392000,
    "grossProfit": 4003388000,
    "grossProfitRatio": 0.8273548291,
    "researchAndDevelopmentExpenses": 0,
    "generalAndAdministrativeExpenses": 2515864000,
    "sellingAndMarketingExpenses": 0,
    "sellingGeneralAndAdministrativeExpenses": 2515864000,
    "otherExpenses": 1829451000,
    "operatingExpenses": 4345315000,
    "costAndExpenses": 5180707000,
    "interestIncome": 0,
    "interestExpense": 0,
    "depreciationAndAmortization": -325823000,
    "ebitda": -17485000,
    "ebitdaratio": -0.0036135142,
    "operatingIncome": 191305000,
    "operatingIncomeRatio": 0.0395357921,
    "totalOtherIncomeExpensesNet": -32305000,
    "incomeBeforeTax": 158489000,
    "incomeBeforeTaxRatio": 0.0327539173,
    "incomeTaxExpense": 49800000,
    "netIncome": 108689000,
    "netIncomeRatio": 0.0224620669,
    "eps": 0.38,
    "epsdiluted": 0.37,
    "weightedAverageShsOut": 288043000,
    "weightedAverageShsOutDil": 292570000,
    "link": "https://www.sec.gov/Archives/edgar/data/1048911/000091205701508587/0000912057-01-508587-index.htm",
    "finalLink": "https://www.sec.gov/Archives/edgar/data/1048911/000091205701508587/a2045146z10-q.txt"
  },
  {
    "date": "2000-11-30",
    "symbol": "FDX",
    "reportedCurrency": "USD",
    "cik": "0001048911",
    "fillingDate": "2001-01-12",
    "acceptedDate": "2001-01-12 00:00:00",
    "calendarYear": "2001",
    "period": "Q2",
    "revenue": 4894921000,
    "costOfRevenue": 814706000,
    "grossProfit": 4080215000,
    "grossProfitRatio": 0.8335609502,
    "researchAndDevelopmentExpenses": 0,
    "generalAndAdministrativeExpenses": 2407210000,
    "sellingAndMarketingExpenses": 0,
    "sellingGeneralAndAdministrativeExpenses": 2407210000,
    "otherExpenses": 1829114000,
    "operatingExpenses": 4236324000,
    "costAndExpenses": 5051030000,
    "interestIncome": 0,
    "interestExpense": 0,
    "depreciationAndAmortization": -309487000,
    "ebitda": 148325000,
    "ebitdaratio": 0.0303018169,
    "operatingIncome": 345412000,
    "operatingIncomeRatio": 0.0705653881,
    "totalOtherIncomeExpensesNet": -30284000,
    "incomeBeforeTax": 315128000,
    "incomeBeforeTaxRatio": 0.0643785671,
    "incomeTaxExpense": 121324000,
    "netIncome": 193804000,
    "netIncomeRatio": 0.039592876,
    "eps": 0.68,
    "epsdiluted": 0.67,
    "weightedAverageShsOut": 285005882,
    "weightedAverageShsOutDil": 289259701,
    "link": "https://www.sec.gov/Archives/edgar/data/1048911/000091205701001323/0000912057-01-001323-index.htm",
    "finalLink": "https://www.sec.gov/Archives/edgar/data/1048911/000091205701001323/a2034928z10-q.txt"
  },
  {
    "date": "2000-08-31",
    "symbol": "FDX",
    "reportedCurrency": "USD",
    "cik": "0001048911",
    "fillingDate": "2000-10-11",
    "acceptedDate": "2000-10-11 00:00:00",
    "calendarYear": "2001",
    "period": "Q1",
    "revenue": 4778736000,
    "costOfRevenue": 781370000,
    "grossProfit": 3997366000,
    "grossProfitRatio": 0.8364902351,
    "researchAndDevelopmentExpenses": 0,
    "generalAndAdministrativeExpenses": 2385447000,
    "sellingAndMarketingExpenses": 0,
    "sellingGeneralAndAdministrativeExpenses": 2385447000,
    "otherExpenses": 1832328000,
    "operatingExpenses": 4217775000,
    "costAndExpenses": 4999145000,
    "interestIncome": 0,
    "interestExpense": 0,
    "depreciationAndAmortization": -302697000,
    "ebitda": 86217000,
    "ebitdaratio": 0.0180418002,
    "operatingIncome": 310967000,
    "operatingIncomeRatio": 0.0650730653,
    "totalOtherIncomeExpensesNet": -35967000,
    "incomeBeforeTax": 274245000,
    "incomeBeforeTaxRatio": 0.0573886065,
    "incomeTaxExpense": 105585000,
    "netIncome": 168660000,
    "netIncomeRatio": 0.0352938518,
    "eps": 0.59,
    "epsdiluted": 0.58,
    "weightedAverageShsOut": 284715000,
    "weightedAverageShsOutDil": 288725000,
    "link": "https://www.sec.gov/Archives/edgar/data/1048911/000091205700044395/0000912057-00-044395-index.htm",
    "finalLink": "https://www.sec.gov/Archives/edgar/data/1048911/000091205700044395/a2027245z10-q.txt"
  },
  {
    "date": "2000-05-31",
    "symbol": "FDX",
    "reportedCurrency": "USD",
    "cik": "0001048911",
    "fillingDate": "2000-08-02",
    "acceptedDate": "2000-08-02 00:00:00",
    "calendarYear": "2000",
    "period": "Q4",
    "revenue": 4848807000,
    "costOfRevenue": 1930734000,
    "grossProfit": 2918073000,
    "grossProfitRatio": 0.6018125696,
    "researchAndDevelopmentExpenses": 0,
    "generalAndAdministrativeExpenses": 2358877000,
    "sellingAndMarketingExpenses": 0,
    "sellingGeneralAndAdministrativeExpenses": 2358877000,
    "otherExpenses": 1811589000,
    "operatingExpenses": 4170466000,
    "costAndExpenses": 6101200000,
    "interestIncome": 0,
    "interestExpense": 0,
    "depreciationAndAmortization": 2011163000,
    "ebitda": 758770000,
    "ebitdaratio": 0.156485915,
    "operatingIncome": 426260000,
    "operatingIncomeRatio": 0.0879102839,
    "totalOtherIncomeExpensesNet": -21326000,
    "incomeBeforeTax": 404934000,
    "incomeBeforeTaxRatio": 0.0835120886,
    "incomeTaxExpense": 159943000,
    "netIncome": 244991000,
    "netIncomeRatio": 0.0505260366,
    "eps": 0.83,
    "epsdiluted": 0.83,
    "weightedAverageShsOut": 285373218,
    "weightedAverageShsOutDil": 296551724,
    "link": "https://www.sec.gov/Archives/edgar/data/1048911/000091205700034322/0000912057-00-034322-index.htm",
    "finalLink": "https://www.sec.gov/Archives/edgar/data/1048911/000091205700034322/a10-k405.txt"
  },
  {
    "date": "2000-02-29",
    "symbol": "FDX",
    "reportedCurrency": "USD",
    "cik": "0001048911",
    "fillingDate": "2000-04-13",
    "acceptedDate": "2000-04-13 00:00:00",
    "calendarYear": "2000",
    "period": "Q3",
    "revenue": 4518057000,
    "costOfRevenue": 386473000,
    "grossProfit": 4131584000,
    "grossProfitRatio": 0.9144603532,
    "researchAndDevelopmentExpenses": 0,
    "generalAndAdministrativeExpenses": 2313000000,
    "sellingAndMarketingExpenses": 0,
    "sellingGeneralAndAdministrativeExpenses": 2313000000,
    "otherExpenses": 1741733000,
    "operatingExpenses": 4054733000,
    "costAndExpenses": 4441206000,
    "interestIncome": 0,
    "interestExpense": 0,
    "depreciationAndAmortization": -293700000,
    "ebitda": -1033100000,
    "ebitdaratio": -0.2286602405,
    "operatingIncome": 206472000,
    "operatingIncomeRatio": 0.0456992906,
    "totalOtherIncomeExpensesNet": -19472000,
    "incomeBeforeTax": 186998000,
    "incomeBeforeTaxRatio": 0.0413890307,
    "incomeTaxExpense": 73870000,
    "netIncome": 113128000,
    "netIncomeRatio": 0.0250390821,
    "eps": 0.39,
    "epsdiluted": 0.39,
    "weightedAverageShsOut": 290000000,
    "weightedAverageShsOutDil": 290000000,
    "link": "https://www.sec.gov/Archives/edgar/data/1048911/000091205700017950/0000912057-00-017950-index.htm",
    "finalLink": "https://www.sec.gov/Archives/edgar/data/1048911/000091205700017950/0000912057-00-017950.txt"
  },
  {
    "date": "1999-11-30",
    "symbol": "FDX",
    "reportedCurrency": "USD",
    "cik": "0001048911",
    "fillingDate": "2000-01-14",
    "acceptedDate": "2000-01-14 00:00:00",
    "calendarYear": "2000",
    "period": "Q2",
    "revenue": 4570104000,
    "costOfRevenue": 787012000,
    "grossProfit": 3783092000,
    "grossProfitRatio": 0.8277912275,
    "researchAndDevelopmentExpenses": 0,
    "generalAndAdministrativeExpenses": 2267300000,
    "sellingAndMarketingExpenses": 0,
    "sellingGeneralAndAdministrativeExpenses": 2267300000,
    "otherExpenses": 1773156000,
    "operatingExpenses": 4040456000,
    "costAndExpenses": 4827468000,
    "interestIncome": 0,
    "interestExpense": 0,
    "depreciationAndAmortization": -285300000,
    "ebitda": 23014000,
    "ebitdaratio": 0.0050357716,
    "operatingIncome": 304535000,
    "operatingIncomeRatio": 0.0666363391,
    "totalOtherIncomeExpensesNet": -21635000,
    "incomeBeforeTax": 282928000,
    "incomeBeforeTaxRatio": 0.061908438,
    "incomeTaxExpense": 111745000,
    "netIncome": 171183000,
    "netIncomeRatio": 0.0374571345,
    "eps": 0.58,
    "epsdiluted": 0.57,
    "weightedAverageShsOut": 295172414,
    "weightedAverageShsOutDil": 300350877,
    "link": "https://www.sec.gov/Archives/edgar/data/1048911/000091205700001304/0000912057-00-001304-index.htm",
    "finalLink": "https://www.sec.gov/Archives/edgar/data/1048911/000091205700001304/0000912057-00-001304.txt"
  },
  {
    "date": "1999-08-31",
    "symbol": "FDX",
    "reportedCurrency": "USD",
    "cik": "0001048911",
    "fillingDate": "1999-10-13",
    "acceptedDate": "1999-10-13 00:00:00",
    "calendarYear": "2000",
    "period": "Q1",
    "revenue": 4320000000,
    "costOfRevenue": 2294800000,
    "grossProfit": 2025200000,
    "grossProfitRatio": 0.4687962963,
    "researchAndDevelopmentExpenses": 0,
    "generalAndAdministrativeExpenses": 2197500000,
    "sellingAndMarketingExpenses": 0,
    "sellingGeneralAndAdministrativeExpenses": 2197500000,
    "otherExpenses": 1008600000,
    "operatingExpenses": 3206100000,
    "costAndExpenses": 5500900000,
    "interestIncome": 0,
    "interestExpense": 0,
    "depreciationAndAmortization": -277300000,
    "ebitda": -903600000,
    "ebitdaratio": -0.2091666667,
    "operatingIncome": -626000000,
    "operatingIncomeRatio": -0.1449074074,
    "totalOtherIncomeExpensesNet": 1443700000,
    "incomeBeforeTax": 262800000,
    "incomeBeforeTaxRatio": 0.0608333333,
    "incomeTaxExpense": 103800000,
    "netIncome": 159000000,
    "netIncomeRatio": 0.0368055556,
    "eps": 0.53,
    "epsdiluted": 0.52,
    "weightedAverageShsOut": 298170000,
    "weightedAverageShsOutDil": 303842000,
    "link": "https://www.sec.gov/Archives/edgar/data/1048911/000104746999038673/0001047469-99-038673-index.htm",
    "finalLink": "https://www.sec.gov/Archives/edgar/data/1048911/000104746999038673/0001047469-99-038673.txt"
  },
  {
    "date": "1999-05-31",
    "symbol": "FDX",
    "reportedCurrency": "USD",
    "cik": "0001048911",
    "fillingDate": "1999-08-16",
    "acceptedDate": "1999-08-16 00:00:00",
    "calendarYear": "1999",
    "period": "Q4",
    "revenue": 4383470000,
    "costOfRevenue": -5230206000,
    "grossProfit": 9613676000,
    "grossProfitRatio": 2.1931656884,
    "researchAndDevelopmentExpenses": 0,
    "generalAndAdministrativeExpenses": 2173600000,
    "sellingAndMarketingExpenses": 0,
    "sellingGeneralAndAdministrativeExpenses": 2173600000,
    "otherExpenses": 3530661000,
    "operatingExpenses": 5704261000,
    "costAndExpenses": 474055000,
    "interestIncome": 0,
    "interestExpense": 0,
    "depreciationAndAmortization": 1801218000,
    "ebitda": 5705864000,
    "ebitdaratio": 1.3016774382,
    "operatingIncome": 3904646000,
    "operatingIncomeRatio": 0.8907659913,
    "totalOtherIncomeExpensesNet": -3537451000,
    "incomeBeforeTax": 371964000,
    "incomeBeforeTaxRatio": 0.0848560615,
    "incomeTaxExpense": 150631000,
    "netIncome": 221333000,
    "netIncomeRatio": 0.0504926462,
    "eps": 0.74,
    "epsdiluted": 0.74,
    "weightedAverageShsOut": 299299878,
    "weightedAverageShsOutDil": 300634762,
    "link": "https://www.sec.gov/Archives/edgar/data/1048911/000104746999032609/0001047469-99-032609-index.htm",
    "finalLink": "https://www.sec.gov/Archives/edgar/data/1048911/000104746999032609/0001047469-99-032609.txt"
  },
  {
    "date": "1999-02-28",
    "symbol": "FDX",
    "reportedCurrency": "USD",
    "cik": "0001048911",
    "fillingDate": "1999-04-13",
    "acceptedDate": "1999-04-13 00:00:00",
    "calendarYear": "1999",
    "period": "Q3",
    "revenue": 4098400000,
    "costOfRevenue": 2284600000,
    "grossProfit": 1813800000,
    "grossProfitRatio": 0.4425629514,
    "researchAndDevelopmentExpenses": 0,
    "generalAndAdministrativeExpenses": 2126500000,
    "sellingAndMarketingExpenses": 0,
    "sellingGeneralAndAdministrativeExpenses": 2126500000,
    "otherExpenses": 1060600000,
    "operatingExpenses": 3187100000,
    "costAndExpenses": 5471700000,
    "interestIncome": 0,
    "interestExpense": 0,
    "depreciationAndAmortization": -263700000,
    "ebitda": -1109600000,
    "ebitdaratio": -0.2707398009,
    "operatingIncome": -840300000,
    "operatingIncomeRatio": -0.2050312317,
    "totalOtherIncomeExpensesNet": 1494500000,
    "incomeBeforeTax": 121200000,
    "incomeBeforeTaxRatio": 0.0295725161,
    "incomeTaxExpense": 43400000,
    "netIncome": 77800000,
    "netIncomeRatio": 0.0189830178,
    "eps": 0.27,
    "epsdiluted": 0.26,
    "weightedAverageShsOut": 296328000,
    "weightedAverageShsOutDil": 296328000,
    "link": "https://www.sec.gov/Archives/edgar/data/1048911/000104746999014626/0001047469-99-014626-index.htm",
    "finalLink": "https://www.sec.gov/Archives/edgar/data/1048911/0001047469-99-014626.txt"
  },
  {
    "date": "1998-11-30",
    "symbol": "FDX",
    "reportedCurrency": "USD",
    "cik": "0001048911",
    "fillingDate": "1999-01-13",
    "acceptedDate": "1999-01-13 00:00:00",
    "calendarYear": "1999",
    "period": "Q2",
    "revenue": 4209200000,
    "costOfRevenue": 2210700000,
    "grossProfit": 1998500000,
    "grossProfitRatio": 0.4747933099,
    "researchAndDevelopmentExpenses": 0,
    "generalAndAdministrativeExpenses": 2104600000,
    "sellingAndMarketingExpenses": 0,
    "sellingGeneralAndAdministrativeExpenses": 2104600000,
    "otherExpenses": 980300000,
    "operatingExpenses": 3084900000,
    "costAndExpenses": 5295600000,
    "interestIncome": 0,
    "interestExpense": 0,
    "depreciationAndAmortization": -252200000,
    "ebitda": -834500000,
    "ebitdaratio": -0.1982562007,
    "operatingIncome": -582300000,
    "operatingIncomeRatio": -0.138339827,
    "totalOtherIncomeExpensesNet": 1398800000,
    "incomeBeforeTax": 312400000,
    "incomeBeforeTaxRatio": 0.0742183788,
    "incomeTaxExpense": 129600000,
    "netIncome": 182800000,
    "netIncomeRatio": 0.04342868,
    "eps": 0.62,
    "epsdiluted": 0.62,
    "weightedAverageShsOut": 295108000,
    "weightedAverageShsOutDil": 297852000,
    "link": "https://www.sec.gov/Archives/edgar/data/1048911/000104746999001085/0001047469-99-001085-index.htm",
    "finalLink": "https://www.sec.gov/Archives/edgar/data/1048911/0001047469-99-001085.txt"
  },
  {
    "date": "1998-08-31",
    "symbol": "FDX",
    "reportedCurrency": "USD",
    "cik": "0001048911",
    "fillingDate": "1998-10-13",
    "acceptedDate": "1998-10-13 00:00:00",
    "calendarYear": "1999",
    "period": "Q1",
    "revenue": 4082300000,
    "costOfRevenue": 2131700000,
    "grossProfit": 1950600000,
    "grossProfitRatio": 0.4778188766,
    "researchAndDevelopmentExpenses": 0,
    "generalAndAdministrativeExpenses": 2079700000,
    "sellingAndMarketingExpenses": 0,
    "sellingGeneralAndAdministrativeExpenses": 2079700000,
    "otherExpenses": 949500000,
    "operatingExpenses": 3029200000,
    "costAndExpenses": 5160900000,
    "interestIncome": 0,
    "interestExpense": 0,
    "depreciationAndAmortization": -250200000,
    "ebitda": 534100000,
    "ebitdaratio": 0.1308331088,
    "operatingIncome": -574900000,
    "operatingIncomeRatio": -0.1408274747,
    "totalOtherIncomeExpensesNet": -28500000,
    "incomeBeforeTax": 255400000,
    "incomeBeforeTaxRatio": 0.062562771,
    "incomeTaxExpense": 106000000,
    "netIncome": 149400000,
    "netIncomeRatio": 0.0365970164,
    "eps": 0.51,
    "epsdiluted": 0.5,
    "weightedAverageShsOut": 292941176,
    "weightedAverageShsOutDil": 298800000,
    "link": "https://www.sec.gov/Archives/edgar/data/1048911/000104746998037121/0001047469-98-037121-index.htm",
    "finalLink": "https://www.sec.gov/Archives/edgar/data/1048911/0001047469-98-037121.txt"
  },
  {
    "date": "1998-05-31",
    "symbol": "FDX",
    "reportedCurrency": "USD",
    "cik": "0001048911",
    "fillingDate": "1998-08-14",
    "acceptedDate": "1998-08-14 00:00:00",
    "calendarYear": "1998",
    "period": "Q4",
    "revenue": 4078010000,
    "costOfRevenue": -5052245000,
    "grossProfit": 9130255000,
    "grossProfitRatio": 2.2388996103,
    "researchAndDevelopmentExpenses": 0,
    "generalAndAdministrativeExpenses": 2033000000,
    "sellingAndMarketingExpenses": 0,
    "sellingGeneralAndAdministrativeExpenses": 2033000000,
    "otherExpenses": 3343527000,
    "operatingExpenses": 5376527000,
    "costAndExpenses": 324282000,
    "interestIncome": 0,
    "interestExpense": 0,
    "depreciationAndAmortization": 1680531000,
    "ebitda": 5434488000,
    "ebitdaratio": 1.3326323378,
    "operatingIncome": 3753957000,
    "operatingIncomeRatio": 0.9205364872,
    "totalOtherIncomeExpensesNet": -3459310000,
    "incomeBeforeTax": 294418000,
    "incomeBeforeTaxRatio": 0.072196488,
    "incomeTaxExpense": 123663000,
    "netIncome": 170730000,
    "netIncomeRatio": 0.0418660082,
    "eps": 0.57,
    "epsdiluted": 0.57,
    "weightedAverageShsOut": 295363525,
    "weightedAverageShsOutDil": 297650888,
    "link": "https://www.sec.gov/Archives/edgar/data/1048911/000089924398001610/0000899243-98-001610-index.htm",
    "finalLink": "https://www.sec.gov/Archives/edgar/data/1048911/0000899243-98-001610.txt"
  },
  {
    "date": "1998-02-28",
    "symbol": "FDX",
    "reportedCurrency": "USD",
    "cik": "0001048911",
    "fillingDate": "1998-04-10",
    "acceptedDate": "1998-04-10 00:00:00",
    "calendarYear": "1998",
    "period": "Q3",
    "revenue": 3986300000,
    "costOfRevenue": 2221500000,
    "grossProfit": 1764800000,
    "grossProfitRatio": 0.4427163033,
    "researchAndDevelopmentExpenses": 0,
    "generalAndAdministrativeExpenses": 2029000000,
    "sellingAndMarketingExpenses": 0,
    "sellingGeneralAndAdministrativeExpenses": 2029000000,
    "otherExpenses": 951500000,
    "operatingExpenses": 2980500000,
    "costAndExpenses": 5202000000,
    "interestIncome": 0,
    "interestExpense": 0,
    "depreciationAndAmortization": -305500000,
    "ebitda": 417500000,
    "ebitdaratio": 0.104733713,
    "operatingIncome": -591000000,
    "operatingIncomeRatio": -0.1482577829,
    "totalOtherIncomeExpensesNet": -103800000,
    "incomeBeforeTax": 63600000,
    "incomeBeforeTaxRatio": 0.0159546447,
    "incomeTaxExpense": 50800000,
    "netIncome": 17700000,
    "netIncomeRatio": 0.0044402077,
    "eps": 0.07,
    "epsdiluted": 0.07,
    "weightedAverageShsOut": 252857143,
    "weightedAverageShsOutDil": 252857143,
    "link": "https://www.sec.gov/Archives/edgar/data/1048911/000104746998014574/0001047469-98-014574-index.htm",
    "finalLink": "https://www.sec.gov/Archives/edgar/data/1048911/0001047469-98-014574.txt"
  },
  {
    "date": "1997-11-30",
    "symbol": "FDX",
    "reportedCurrency": "USD",
    "cik": "0001048911",
    "fillingDate": "1997-11-30",
    "acceptedDate": "1997-11-30 00:00:00",
    "calendarYear": "1998",
    "period": "Q2",
    "revenue": 3299200000,
    "costOfRevenue": 1767500000,
    "grossProfit": 1531700000,
    "grossProfitRatio": 0.464264064,
    "researchAndDevelopmentExpenses": 0,
    "generalAndAdministrativeExpenses": 1742000000,
    "sellingAndMarketingExpenses": 0,
    "sellingGeneralAndAdministrativeExpenses": 1742000000,
    "otherExpenses": 954300000,
    "operatingExpenses": 2696300000,
    "costAndExpenses": 4463800000,
    "interestIncome": 0,
    "interestExpense": 0,
    "depreciationAndAmortization": -208900000,
    "ebitda": -955100000,
    "ebitdaratio": -0.2894944229,
    "operatingIncome": -746200000,
    "operatingIncomeRatio": -0.2261760427,
    "totalOtherIncomeExpensesNet": 1341200000,
    "incomeBeforeTax": 184500000,
    "incomeBeforeTaxRatio": 0.0559226479,
    "incomeTaxExpense": 77500000,
    "netIncome": 107000000,
    "netIncomeRatio": 0.0324321048,
    "eps": 0.46,
    "epsdiluted": 0.46,
    "weightedAverageShsOut": 292950000,
    "weightedAverageShsOutDil": 298556000,
    "link": "",
    "finalLink": ""
  },
  {
    "date": "1997-08-31",
    "symbol": "FDX",
    "reportedCurrency": "USD",
    "cik": "0001048911",
    "fillingDate": "1997-08-31",
    "acceptedDate": "1997-08-31 00:00:00",
    "calendarYear": "1998",
    "period": "Q1",
    "revenue": 3297200000,
    "costOfRevenue": 1654700000,
    "grossProfit": 1642500000,
    "grossProfitRatio": 0.4981499454,
    "researchAndDevelopmentExpenses": 0,
    "generalAndAdministrativeExpenses": 1725000000,
    "sellingAndMarketingExpenses": 0,
    "sellingGeneralAndAdministrativeExpenses": 1725000000,
    "otherExpenses": 925800000,
    "operatingExpenses": 2650800000,
    "costAndExpenses": 4305500000,
    "interestIncome": 0,
    "interestExpense": 0,
    "depreciationAndAmortization": -202400000,
    "ebitda": -814500000,
    "ebitdaratio": -0.2470277811,
    "operatingIncome": -612100000,
    "operatingIncomeRatio": -0.1856423632,
    "totalOtherIncomeExpensesNet": 1248600000,
    "incomeBeforeTax": 247000000,
    "incomeBeforeTaxRatio": 0.0749120466,
    "incomeTaxExpense": 103700000,
    "netIncome": 143300000,
    "netIncomeRatio": 0.0434611185,
    "eps": 0.61,
    "epsdiluted": 0.61,
    "weightedAverageShsOut": 297418000,
    "weightedAverageShsOutDil": 297418000,
    "link": "",
    "finalLink": ""
  },
  {
    "date": "1997-05-31",
    "symbol": "FDX",
    "reportedCurrency": "USD",
    "cik": "0001048911",
    "fillingDate": "1997-05-31",
    "acceptedDate": "1997-05-31 00:00:00",
    "calendarYear": "1997",
    "period": "Q4",
    "revenue": 3068300000,
    "costOfRevenue": 1570700000,
    "grossProfit": 1497600000,
    "grossProfitRatio": 0.4880878662,
    "researchAndDevelopmentExpenses": 0,
    "generalAndAdministrativeExpenses": 1590400000,
    "sellingAndMarketingExpenses": 0,
    "sellingGeneralAndAdministrativeExpenses": 1590400000,
    "otherExpenses": 875600000,
    "operatingExpenses": 2466000000,
    "costAndExpenses": 4036700000,
    "interestIncome": 0,
    "interestExpense": 0,
    "depreciationAndAmortization": -200500000,
    "ebitda": -771800000,
    "ebitdaratio": -0.2515399407,
    "operatingIncome": -571300000,
    "operatingIncomeRatio": -0.1861943096,
    "totalOtherIncomeExpensesNet": 1198900000,
    "incomeBeforeTax": 230500000,
    "incomeBeforeTaxRatio": 0.0751230323,
    "incomeTaxExpense": 98000000,
    "netIncome": 132500000,
    "netIncomeRatio": 0.0431835218,
    "eps": 0.45,
    "epsdiluted": 0.45,
    "weightedAverageShsOut": 292194000,
    "weightedAverageShsOutDil": 294456000,
    "link": "",
    "finalLink": ""
  },
  {
    "date": "1997-02-28",
    "symbol": "FDX",
    "reportedCurrency": "USD",
    "cik": "0001048911",
    "fillingDate": "1997-02-28",
    "acceptedDate": "1997-02-28 00:00:00",
    "calendarYear": "1997",
    "period": "Q3",
    "revenue": 2906800000,
    "costOfRevenue": 1557200000,
    "grossProfit": 1349600000,
    "grossProfitRatio": 0.4642906289,
    "researchAndDevelopmentExpenses": 0,
    "generalAndAdministrativeExpenses": 1576500000,
    "sellingAndMarketingExpenses": 0,
    "sellingGeneralAndAdministrativeExpenses": 1576500000,
    "otherExpenses": 831500000,
    "operatingExpenses": 2408000000,
    "costAndExpenses": 3965200000,
    "interestIncome": 0,
    "interestExpense": 0,
    "depreciationAndAmortization": -195700000,
    "ebitda": -862200000,
    "ebitdaratio": -0.2966148342,
    "operatingIncome": -666500000,
    "operatingIncomeRatio": -0.2292899408,
    "totalOtherIncomeExpensesNet": 1189800000,
    "incomeBeforeTax": 109600000,
    "incomeBeforeTaxRatio": 0.0377046924,
    "incomeTaxExpense": 46600000,
    "netIncome": 63000000,
    "netIncomeRatio": 0.0216733177,
    "eps": 0.27,
    "epsdiluted": 0.27,
    "weightedAverageShsOut": 291460000,
    "weightedAverageShsOutDil": 298098000,
    "link": "",
    "finalLink": ""
  },
  {
    "date": "1996-11-30",
    "symbol": "FDX",
    "reportedCurrency": "USD",
    "cik": "0001048911",
    "fillingDate": "1996-11-30",
    "acceptedDate": "1996-11-30 00:00:00",
    "calendarYear": "1997",
    "period": "Q2",
    "revenue": 2852400000,
    "costOfRevenue": 1496500000,
    "grossProfit": 1355900000,
    "grossProfitRatio": 0.4753540878,
    "researchAndDevelopmentExpenses": 0,
    "generalAndAdministrativeExpenses": 1514400000,
    "sellingAndMarketingExpenses": 0,
    "sellingGeneralAndAdministrativeExpenses": 1514400000,
    "otherExpenses": 790200000,
    "operatingExpenses": 2304600000,
    "costAndExpenses": 3801100000,
    "interestIncome": 0,
    "interestExpense": 0,
    "depreciationAndAmortization": -191000000,
    "ebitda": -777200000,
    "ebitdaratio": -0.272472304,
    "operatingIncome": -586200000,
    "operatingIncomeRatio": -0.2055111485,
    "totalOtherIncomeExpensesNet": 1129100000,
    "incomeBeforeTax": 180400000,
    "incomeBeforeTaxRatio": 0.0632449867,
    "incomeTaxExpense": 76700000,
    "netIncome": 103700000,
    "netIncomeRatio": 0.0363553499,
    "eps": 0.45,
    "epsdiluted": 0.45,
    "weightedAverageShsOut": 230264000,
    "weightedAverageShsOutDil": 230264000,
    "link": "",
    "finalLink": ""
  },
  {
    "date": "1996-08-31",
    "symbol": "FDX",
    "reportedCurrency": "USD",
    "cik": "0001048911",
    "fillingDate": "1996-08-31",
    "acceptedDate": "1996-08-31 00:00:00",
    "calendarYear": "1997",
    "period": "Q1",
    "revenue": 2692300000,
    "costOfRevenue": 1394100000,
    "grossProfit": 1298200000,
    "grossProfitRatio": 0.4821899491,
    "researchAndDevelopmentExpenses": 0,
    "generalAndAdministrativeExpenses": 1484800000,
    "sellingAndMarketingExpenses": 0,
    "sellingGeneralAndAdministrativeExpenses": 1484800000,
    "otherExpenses": 742600000,
    "operatingExpenses": 2227400000,
    "costAndExpenses": 3621500000,
    "interestIncome": 0,
    "interestExpense": 0,
    "depreciationAndAmortization": -190200000,
    "ebitda": -739000000,
    "ebitdaratio": -0.2744864985,
    "operatingIncome": -548400000,
    "operatingIncomeRatio": -0.2036920105,
    "totalOtherIncomeExpensesNet": 1037000000,
    "incomeBeforeTax": 107800000,
    "incomeBeforeTaxRatio": 0.0400401144,
    "incomeTaxExpense": 45800000,
    "netIncome": 62000000,
    "netIncomeRatio": 0.0230286372,
    "eps": 0.27,
    "epsdiluted": 0.27,
    "weightedAverageShsOut": 229868000,
    "weightedAverageShsOutDil": 229868000,
    "link": "",
    "finalLink": ""
  },
  {
    "date": "1996-05-31",
    "symbol": "FDX",
    "reportedCurrency": "USD",
    "cik": "0001048911",
    "fillingDate": "1996-05-31",
    "acceptedDate": "1996-05-31 00:00:00",
    "calendarYear": "1996",
    "period": "Q4",
    "revenue": 2737700000,
    "costOfRevenue": 1388700000,
    "grossProfit": 1349000000,
    "grossProfitRatio": 0.4927493882,
    "researchAndDevelopmentExpenses": 0,
    "generalAndAdministrativeExpenses": 1434900000,
    "sellingAndMarketingExpenses": 0,
    "sellingGeneralAndAdministrativeExpenses": 1434900000,
    "otherExpenses": 741200000,
    "operatingExpenses": 2176100000,
    "costAndExpenses": 3564800000,
    "interestIncome": 0,
    "interestExpense": 0,
    "depreciationAndAmortization": -184500000,
    "ebitda": -642600000,
    "ebitdaratio": -0.2347225773,
    "operatingIncome": -457500000,
    "operatingIncomeRatio": -0.1671110786,
    "totalOtherIncomeExpensesNet": 1029600000,
    "incomeBeforeTax": 202500000,
    "incomeBeforeTaxRatio": 0.0739671987,
    "incomeTaxExpense": 87100000,
    "netIncome": 115400000,
    "netIncomeRatio": 0.0421521715,
    "eps": 0.5,
    "epsdiluted": 0.5,
    "weightedAverageShsOut": 220196000,
    "weightedAverageShsOutDil": 228552000,
    "link": "",
    "finalLink": ""
  },
  {
    "date": "1996-02-29",
    "symbol": "FDX",
    "reportedCurrency": "USD",
    "cik": "0001048911",
    "fillingDate": "1996-02-29",
    "acceptedDate": "1996-02-29 00:00:00",
    "calendarYear": "1996",
    "period": "Q3",
    "revenue": 2535500000,
    "costOfRevenue": 1361900000,
    "grossProfit": 1173600000,
    "grossProfitRatio": 0.4628672846,
    "researchAndDevelopmentExpenses": 0,
    "generalAndAdministrativeExpenses": 1415600000,
    "sellingAndMarketingExpenses": 0,
    "sellingGeneralAndAdministrativeExpenses": 1415600000,
    "otherExpenses": 737900000,
    "operatingExpenses": 2153500000,
    "costAndExpenses": 3515400000,
    "interestIncome": 0,
    "interestExpense": 0,
    "depreciationAndAmortization": -182300000,
    "ebitda": -797600000,
    "ebitdaratio": -0.3145730625,
    "operatingIncome": -614900000,
    "operatingIncomeRatio": -0.242516269,
    "totalOtherIncomeExpensesNet": 1032600000,
    "incomeBeforeTax": 52700000,
    "incomeBeforeTaxRatio": 0.0207848551,
    "incomeTaxExpense": 25500000,
    "netIncome": 27200000,
    "netIncomeRatio": 0.0107276671,
    "eps": 0.12,
    "epsdiluted": 0.12,
    "weightedAverageShsOut": 229032000,
    "weightedAverageShsOutDil": 229032000,
    "link": "",
    "finalLink": ""
  },
  {
    "date": "1995-11-30",
    "symbol": "FDX",
    "reportedCurrency": "USD",
    "cik": "0001048911",
    "fillingDate": "1995-11-30",
    "acceptedDate": "1995-11-30 00:00:00",
    "calendarYear": "1996",
    "period": "Q2",
    "revenue": 2547000000,
    "costOfRevenue": 1313300000,
    "grossProfit": 1233700000,
    "grossProfitRatio": 0.4843737731,
    "researchAndDevelopmentExpenses": 0,
    "generalAndAdministrativeExpenses": 1357800000,
    "sellingAndMarketingExpenses": 0,
    "sellingGeneralAndAdministrativeExpenses": 1357800000,
    "otherExpenses": 713000000,
    "operatingExpenses": 2070800000,
    "costAndExpenses": 3384100000,
    "interestIncome": 0,
    "interestExpense": 0,
    "depreciationAndAmortization": -178700000,
    "ebitda": -666600000,
    "ebitdaratio": -0.2617196702,
    "operatingIncome": -487900000,
    "operatingIncomeRatio": -0.1915586965,
    "totalOtherIncomeExpensesNet": 992100000,
    "incomeBeforeTax": 155000000,
    "incomeBeforeTaxRatio": 0.0608559089,
    "incomeTaxExpense": 65100000,
    "netIncome": 89900000,
    "netIncomeRatio": 0.0352964272,
    "eps": 0.4,
    "epsdiluted": 0.4,
    "weightedAverageShsOut": 229040000,
    "weightedAverageShsOutDil": 229040000,
    "link": "",
    "finalLink": ""
  }
]