[
  {
    "date": "2025-05-31",
    "symbol": "FDX",
    "reportedCurrency": "USD",
    "cik": "0001048911",
    "fillingDate": "2025-07-21",
    "acceptedDate": "2025-07-21 16:13:19",
    "calendarYear": "2025",
    "period": "FY",
    "revenue": 87926000000,
    "costOfRevenue": 68931000000,
    "grossProfit": 18995000000,
    "grossProfitRatio": 0.2160339376,
    "researchAndDevelopmentExpenses": 0,
    "generalAndAdministrativeExpenses": 0,
    "sellingAndMarketingExpenses": 0,
    "sellingGeneralAndAdministrativeExpenses": 425000000,
    "otherExpenses": 13353000000,
    "operatingExpenses": 13778000000,
    "costAndExpenses": 82709000000,
    "interestIncome": 363000000,
    "interestExpense": 789000000,
    "depreciationAndAmortization": 4264000000,
    "ebitda": 10494000000,
    "ebitdaratio": 0.1193503628,
    "operatingIncome": 5217000000,
    "operatingIncomeRatio": 0.0593339854,
    "totalOtherIncomeExpensesNet": 224000000,
    "incomeBeforeTax": 5441000000,
    "incomeBeforeTaxRatio": 0.0618815822,
    "incomeTaxExpense": 1349000000,
    "netIncome": 4092000000,
    "netIncomeRatio": 0.0465391352,
    "eps": 16.96,
    "epsdiluted": 16.81,
    "weightedAverageShsOut": 243000000,
    "weightedAverageShsOutDil": 243000000,
    "link": "https://www.sec.gov/Archives/edgar/data/1048911/000104891125000011/0001048911-25-000011-index.htm",
    "finalLink": "https://www.sec.gov/Archives/edgar/data/1048911/000104891125000011/fdx-20250531.htm"
  },
  {
    "date": "2024-05-31",
    "symbol": "FDX",
    "reportedCurrency": "USD",
    "cik": "0001048911",
    "fillingDate": "2024-07-15",
    "acceptedDate": "2024-07-15 16:16:29",
    "calendarYear": "2024",
    "period": "FY",
    "revenue": 87693000000,
    "costOfRevenue": 68741000000,
    "grossProfit": 18952000000,
    "grossProfitRatio": 0.2161175921,
    "researchAndDevelopmentExpenses": 0,
    "generalAndAdministrativeExpenses": 0,
    "sellingAndMarketingExpenses": 0,
    "sellingGeneralAndAdministrativeExpenses": 12597000000,
    "otherExpenses": 0,
    "operatingExpenses": 12597000000,
    "costAndExpenses": 81338000000,
    "interestIncome": 370000000,
    "interestExpense": 745000000,
    "depreciationAndAmortization": 4287000000,
    "ebitda": 10868000000,
    "ebitdaratio": 0.1239323549,
    "operatingIncome": 6355000000,
    "operatingIncomeRatio": 0.0724687261,
    "totalOtherIncomeExpensesNet": -519000000,
    "incomeBeforeTax": 5836000000,
    "incomeBeforeTaxRatio": 0.0665503518,
    "incomeTaxExpense": 1505000000,
    "netIncome": 4331000000,
    "netIncomeRatio": 0.0493882066,
    "eps": 17.44,
    "epsdiluted": 17.21,
    "weightedAverageShsOut": 248000000,
    "weightedAverageShsOutDil": 251000000,
    "link": "https://www.sec.gov/Archives/edgar/data/1048911/000095017024083577/0000950170-24-083577-index.htm",
    "finalLink": "https://www.sec.gov/Archives/edgar/data/1048911/000095017024083577/fdx-20240531.htm"
  },
  {
    "date": "2023-05-31",
    "symbol": "FDX",
    "reportedCurrency": "USD",
    "cik": "0001048911",
    "fillingDate": "2023-07-17",
    "acceptedDate": "2023-07-17 16:16:59",
    "calendarYear": "2023",
    "period": "FY",
    "revenue": 90155000000,
    "costOfRevenue": 70989000000,
    "grossProfit": 19166000000,
    "grossProfitRatio": 0.2125894293,
    "researchAndDevelopmentExpenses": 0,
    "generalAndAdministrativeExpenses": 0,
    "sellingAndMarketingExpenses": 0,
    "sellingGeneralAndAdministrativeExpenses": 13828000000,
    "otherExpenses": 0,
    "operatingExpenses": 13828000000,
    "costAndExpenses": 84817000000,
    "interestIncome": 198000000,
    "interestExpense": 694000000,
    "depreciationAndAmortization": 4176000000,
    "ebitda": 10233000000,
    "ebitdaratio": 0.11350452,
    "operatingIncome": 5338000000,
    "operatingIncomeRatio": 0.0592091398,
    "totalOtherIncomeExpensesNet": 25000000,
    "incomeBeforeTax": 5363000000,
    "incomeBeforeTaxRatio": 0.05948644,
    "incomeTaxExpense": 1391000000,
    "netIncome": 3972000000,
    "netIncomeRatio": 0.0440574566,
    "eps": 15.61,
    "epsdiluted": 15.49,
    "weightedAverageShsOut": 254000000,
    "weightedAverageShsOutDil": 256000000,
    "link": "https://www.sec.gov/Archives/edgar/data/1048911/000095017023033201/0000950170-23-033201-index.htm",
    "finalLink": "https://www.sec.gov/Archives/edgar/data/1048911/000095017023033201/fdx-20230531.htm"
  },
  {
    "date": "2022-05-31",
    "symbol": "FDX",
    "reportedCurrency": "USD",
    "cik": "0001048911",
    "fillingDate": "2022-07-18",
    "acceptedDate": "2022-07-18 16:16:49",
    "calendarYear": "2022",
    "period": "FY",
    "revenue": 93512000000,
    "costOfRevenue": 73345000000,
    "grossProfit": 20167000000,
    "grossProfitRatio": 0.215662161,
    "researchAndDevelopmentExpenses": 0,
    "generalAndAdministrativeExpenses": 0,
    "sellingAndMarketingExpenses": 0,
    "sellingGeneralAndAdministrativeExpenses": 13644000000,
    "otherExpenses": 0,
    "operatingExpenses": 13644000000,
    "costAndExpenses": 86989000000,
    "interestIncome": 53000000,
    "interestExpense": 689000000,
    "depreciationAndAmortization": 3970000000,
    "ebitda": 9555000000,
    "ebitdaratio": 0.1021793994,
    "operatingIncome": 6523000000,
    "operatingIncomeRatio": 0.0697557533,
    "totalOtherIncomeExpensesNet": -1627000000,
    "incomeBeforeTax": 4896000000,
    "incomeBeforeTaxRatio": 0.0523569168,
    "incomeTaxExpense": 1070000000,
    "netIncome": 3826000000,
    "netIncomeRatio": 0.040914535,
    "eps": 14.52,
    "epsdiluted": 14.36,
    "weightedAverageShsOut": 263000000,
    "weightedAverageShsOutDil": 266000000,
    "link": "https://www.sec.gov/Archives/edgar/data/1048911/000095017022012762/0000950170-22-012762-index.htm",
    "finalLink": "https://www.sec.gov/Archives/edgar/data/1048911/000095017022012762/fdx-20220531.htm"
  },
  {
    "date": "2021-05-31",
    "symbol": "FDX",
    "reportedCurrency": "USD",
    "cik": "0001048911",
    "fillingDate": "2021-07-19",
    "acceptedDate": "2021-07-19 16:18:04",
    "calendarYear": "2021",
    "period": "FY",
    "revenue": 83794000000,
    "costOfRevenue": 66005000000,
    "grossProfit": 17789000000,
    "grossProfitRatio": 0.2122944364,
    "researchAndDevelopmentExpenses": 0,
    "generalAndAdministrativeExpenses": 0,
    "sellingAndMarketingExpenses": 0,
    "sellingGeneralAndAdministrativeExpenses": 11771000000,
    "otherExpenses": 0,
    "operatingExpenses": 11771000000,
    "costAndExpenses": 77776000000,
    "interestIncome": 52000000,
    "interestExpense": 793000000,
    "depreciationAndAmortization": 3793000000,
    "ebitda": 11260000000,
    "ebitdaratio": 0.134377163,
    "operatingIncome": 6018000000,
    "operatingIncomeRatio": 0.0718189847,
    "totalOtherIncomeExpensesNet": 656000000,
    "incomeBeforeTax": 6674000000,
    "incomeBeforeTaxRatio": 0.0796477075,
    "incomeTaxExpense": 1443000000,
    "netIncome": 5231000000,
    "netIncomeRatio": 0.0624269041,
    "eps": 19.77,
    "epsdiluted": 19.48,
    "weightedAverageShsOut": 264000000,
    "weightedAverageShsOutDil": 268000000,
    "link": "https://www.sec.gov/Archives/edgar/data/1048911/000156459021037031/0001564590-21-037031-index.htm",
    "finalLink": "https://www.sec.gov/Archives/edgar/data/1048911/000156459021037031/fdx-10k_20210531.htm"
  },
  {
    "date": "2020-05-31",
    "symbol": "FDX",
    "reportedCurrency": "USD",
    "cik": "0001048911",
    "fillingDate": "2020-07-20",
    "acceptedDate": "2020-07-20 16:16:44",
    "calendarYear": "2020",
    "period": "FY",
    "revenue": 69217000000,
    "costOfRevenue": 55873000000,
    "grossProfit": 13344000000,
    "grossProfitRatio": 0.1927850095,
    "researchAndDevelopmentExpenses": 0,
    "generalAndAdministrativeExpenses": 0,
    "sellingAndMarketingExpenses": 0,
    "sellingGeneralAndAdministrativeExpenses": 10492000000,
    "otherExpenses": 0,
    "operatingExpenses": 10492000000,
    "costAndExpenses": 66365000000,
    "interestIncome": 55000000,
    "interestExpense": 672000000,
    "depreciationAndAmortization": 3615000000,
    "ebitda": 5956000000,
    "ebitdaratio": 0.0860482251,
    "operatingIncome": 2852000000,
    "operatingIncomeRatio": 0.0412037505,
    "totalOtherIncomeExpensesNet": -1183000000,
    "incomeBeforeTax": 1669000000,
    "incomeBeforeTaxRatio": 0.0241125735,
    "incomeTaxExpense": 383000000,
    "netIncome": 1286000000,
    "netIncomeRatio": 0.0185792508,
    "eps": 4.92,
    "epsdiluted": 4.9,
    "weightedAverageShsOut": 261000000,
    "weightedAverageShsOutDil": 262000000,
    "link": "https://www.sec.gov/Archives/edgar/data/1048911/000156459020032775/0001564590-20-032775-index.htm",
    "finalLink": "https://www.sec.gov/Archives/edgar/data/1048911/000156459020032775/fdx-10k_20200531.htm"
  },
  {
    "date": "2019-05-31",
    "symbol": "FDX",
    "reportedCurrency": "USD",
    "cik": "0001048911",
    "fillingDate": "2019-07-16",
    "acceptedDate": "2019-07-16 16:18:24",
    "calendarYear": "2019",
    "period": "FY",
    "revenue": 69693000000,
    "costOfRevenue": 54866000000,
    "grossProfit": 14827000000,
    "grossProfitRatio": 0.2127473347,
    "researchAndDevelopmentExpenses": 0,
    "generalAndAdministrativeExpenses": 0,
    "sellingAndMarketingExpenses": 0,
    "sellingGeneralAndAdministrativeExpenses": 10041000000,
    "otherExpenses": 0,
    "operatingExpenses": 10041000000,
    "costAndExpenses": 64907000000,
    "interestIncome": 59000000,
    "interestExpense": 588000000,
    "depreciationAndAmortization": 3353000000,
    "ebitda": 4596000000,
    "ebitdaratio": 0.0659463648,
    "operatingIncome": 4786000000,
    "operatingIncomeRatio": 0.068672607,
    "totalOtherIncomeExpensesNet": -4131000000,
    "incomeBeforeTax": 655000000,
    "incomeBeforeTaxRatio": 0.0093983614,
    "incomeTaxExpense": 115000000,
    "netIncome": 540000000,
    "netIncomeRatio": 0.0077482674,
    "eps": 2.06,
    "epsdiluted": 2.04,
    "weightedAverageShsOut": 262000000,
    "weightedAverageShsOutDil": 265000000,
    "link": "https://www.sec.gov/Archives/edgar/data/1048911/000156459019025065/0001564590-19-025065-index.htm",
    "finalLink": "https://www.sec.gov/Archives/edgar/data/1048911/000156459019025065/fdx-10k_20190531.htm"
  },
  {
    "date": "2018-05-31",
    "symbol": "FDX",
    "reportedCurrency": "USD",
    "cik": "0001048911",
    "fillingDate": "2018-07-16",
    "acceptedDate": "2018-07-16 16:19:05",
    "calendarYear": "2018",
    "period": "FY",
    "revenue": 65450000000,
    "costOfRevenue": 51348000000,
    "grossProfit": 14102000000,
    "grossProfitRatio": 0.2154621849,
    "researchAndDevelopmentExpenses": 0,
    "generalAndAdministrativeExpenses": 0,
    "sellingAndMarketingExpenses": 0,
    "sellingGeneralAndAdministrativeExpenses": 8973000000,
    "otherExpenses": 0,
    "operatingExpenses": 8973000000,
    "costAndExpenses": 60321000000,
    "interestIncome": 48000000,
    "interestExpense": 558000000,
    "depreciationAndAmortization": 3095000000,
    "ebitda": 8006000000,
    "ebitdaratio": 0.1223223835,
    "operatingIncome": 5129000000,
    "operatingIncomeRatio": 0.0783651642,
    "totalOtherIncomeExpensesNet": -776000000,
    "incomeBeforeTax": 4353000000,
    "incomeBeforeTaxRatio": 0.0665087853,
    "incomeTaxExpense": -219000000,
    "netIncome": 4572000000,
    "netIncomeRatio": 0.069854851,
    "eps": 17.12,
    "epsdiluted": 16.81,
    "weightedAverageShsOut": 267000000,
    "weightedAverageShsOutDil": 272000000,
    "link": "https://www.sec.gov/Archives/edgar/data/1048911/000156459018016877/0001564590-18-016877-index.htm",
    "finalLink": "https://www.sec.gov/Archives/edgar/data/1048911/000156459018016877/fdx-10k_20180531.htm"
  },
  {
    "date": "2017-05-31",
    "symbol": "FDX",
    "reportedCurrency": "USD",
    "cik": "0001048911",
    "fillingDate": "2017-07-17",
    "acceptedDate": "2017-07-17 08:46:15",
    "calendarYear": "2017",
    "period": "FY",
    "revenue": 60319000000,
    "costOfRevenue": 46554000000,
    "grossProfit": 13765000000,
    "grossProfitRatio": 0.2282033853,
    "researchAndDevelopmentExpenses": 0,
    "generalAndAdministrativeExpenses": 0,
    "sellingAndMarketingExpenses": 0,
    "sellingGeneralAndAdministrativeExpenses": 8340000000,
    "otherExpenses": 0,
    "operatingExpenses": 8340000000,
    "costAndExpenses": 54894000000,
    "interestIncome": 33000000,
    "interestExpense": 512000000,
    "depreciationAndAmortization": 2995000000,
    "ebitda": 8086000000,
    "ebitdaratio": 0.1340539465,
    "operatingIncome": 5425000000,
    "operatingIncomeRatio": 0.0899384937,
    "totalOtherIncomeExpensesNet": -846000000,
    "incomeBeforeTax": 4579000000,
    "incomeBeforeTaxRatio": 0.0759130622,
    "incomeTaxExpense": 1582000000,
    "netIncome": 2997000000,
    "netIncomeRatio": 0.049685837,
    "eps": 11.24,
    "epsdiluted": 11.07,
    "weightedAverageShsOut": 266000000,
    "weightedAverageShsOutDil": 270000000,
    "link": "https://www.sec.gov/Archives/edgar/data/1048911/000095012317006152/0000950123-17-006152-index.htm",
    "finalLink": "https://www.sec.gov/Archives/edgar/data/1048911/000095012317006152/fdx-10k_20170531.htm"
  },
  {
    "date": "2016-05-31",
    "symbol": "FDX",
    "reportedCurrency": "USD",
    "cik": "0001048911",
    "fillingDate": "2016-07-18",
    "acceptedDate": "2016-07-18 16:29:51",
    "calendarYear": "2016",
    "period": "FY",
    "revenue": 50365000000,
    "costOfRevenue": 38539000000,
    "grossProfit": 11826000000,
    "grossProfitRatio": 0.2348059168,
    "researchAndDevelopmentExpenses": 0,
    "generalAndAdministrativeExpenses": 0,
    "sellingAndMarketingExpenses": 0,
    "sellingGeneralAndAdministrativeExpenses": 8311000000,
    "otherExpenses": 0,
    "operatingExpenses": 8311000000,
    "costAndExpenses": 46850000000,
    "interestIncome": 21000000,
    "interestExpense": 336000000,
    "depreciationAndAmortization": 2631000000,
    "ebitda": 5707000000,
    "ebitdaratio": 0.1133128164,
    "operatingIncome": 3515000000,
    "operatingIncomeRatio": 0.0697905291,
    "totalOtherIncomeExpensesNet": -775000000,
    "incomeBeforeTax": 2740000000,
    "incomeBeforeTaxRatio": 0.0544028591,
    "incomeTaxExpense": 920000000,
    "netIncome": 1820000000,
    "netIncomeRatio": 0.0361362057,
    "eps": 6.59,
    "epsdiluted": 6.51,
    "weightedAverageShsOut": 276000000,
    "weightedAverageShsOutDil": 279000000,
    "link": "https://www.sec.gov/Archives/edgar/data/1048911/000119312516650267/0001193125-16-650267-index.htm",
    "finalLink": "https://www.sec.gov/Archives/edgar/data/1048911/000119312516650267/d207174d10k.htm"
  },
  {
    "date": "2015-05-31",
    "symbol": "FDX",
    "reportedCurrency": "USD",
    "cik": "0001048911",
    "fillingDate": "2015-07-14",
    "acceptedDate": "2015-07-14 17:22:58",
    "calendarYear": "2015",
    "period": "FY",
    "revenue": 47453000000,
    "costOfRevenue": 36705000000,
    "grossProfit": 10748000000,
    "grossProfitRatio": 0.2264977978,
    "researchAndDevelopmentExpenses": 0,
    "generalAndAdministrativeExpenses": 0,
    "sellingAndMarketingExpenses": 0,
    "sellingGeneralAndAdministrativeExpenses": 8408000000,
    "otherExpenses": 0,
    "operatingExpenses": 8408000000,
    "costAndExpenses": 45113000000,
    "interestIncome": 14000000,
    "interestExpense": 235000000,
    "depreciationAndAmortization": 2611000000,
    "ebitda": 4473000000,
    "ebitdaratio": 0.0942616905,
    "operatingIncome": 2340000000,
    "operatingIncomeRatio": 0.0493119508,
    "totalOtherIncomeExpensesNet": -713000000,
    "incomeBeforeTax": 1627000000,
    "incomeBeforeTaxRatio": 0.0342865572,
    "incomeTaxExpense": 577000000,
    "netIncome": 1050000000,
    "netIncomeRatio": 0.0221271574,
    "eps": 3.7,
    "epsdiluted": 3.65,
    "weightedAverageShsOut": 283000000,
    "weightedAverageShsOutDil": 287000000,
    "link": "https://www.sec.gov/Archives/edgar/data/1048911/000119312515252494/0001193125-15-252494-index.htm",
    "finalLink": "https://www.sec.gov/Archives/edgar/data/1048911/000119312515252494/d48165d10k.htm"
  },
  {
    "date": "2014-05-31",
    "symbol": "FDX",
    "reportedCurrency": "USD",
    "cik": "0001048911",
    "fillingDate": "2014-07-14",
    "acceptedDate": "2014-07-14 17:06:58",
    "calendarYear": "2014",
    "period": "FY",
    "revenue": 45567000000,
    "costOfRevenue": 36194000000,
    "grossProfit": 9373000000,
    "grossProfitRatio": 0.2056971054,
    "researchAndDevelopmentExpenses": 0,
    "generalAndAdministrativeExpenses": 0,
    "sellingAndMarketingExpenses": 0,
    "sellingGeneralAndAdministrativeExpenses": 5927000000,
    "otherExpenses": 0,
    "operatingExpenses": 5927000000,
    "costAndExpenses": 42121000000,
    "interestIncome": 18000000,
    "interestExpense": 160000000,
    "depreciationAndAmortization": 2587000000,
    "ebitda": 6036000000,
    "ebitdaratio": 0.1324642834,
    "operatingIncome": 3446000000,
    "operatingIncomeRatio": 0.075624904,
    "totalOtherIncomeExpensesNet": -157000000,
    "incomeBeforeTax": 3289000000,
    "incomeBeforeTaxRatio": 0.0721794281,
    "incomeTaxExpense": 1192000000,
    "netIncome": 2097000000,
    "netIncomeRatio": 0.0460201462,
    "eps": 7.56,
    "epsdiluted": 7.48,
    "weightedAverageShsOut": 307000000,
    "weightedAverageShsOutDil": 310000000,
    "link": "https://www.sec.gov/Archives/edgar/data/1048911/000119312514267851/0001193125-14-267851-index.htm",
    "finalLink": "https://www.sec.gov/Archives/edgar/data/1048911/000119312514267851/d752614d10k.htm"
  },
  {
    "date": "2013-05-31",
    "symbol": "FDX",
    "reportedCurrency": "USD",
    "cik": "0001048911",
    "fillingDate": "2013-07-15",
    "acceptedDate": "2013-07-15 17:29:55",
    "calendarYear": "2013",
    "period": "FY",
    "revenue": 44287000000,
    "costOfRevenue": 35404000000,
    "grossProfit": 8883000000,
    "grossProfitRatio": 0.2005780477,
    "researchAndDevelopmentExpenses": 0,
    "generalAndAdministrativeExpenses": 0,
    "sellingAndMarketingExpenses": 0,
    "sellingGeneralAndAdministrativeExpenses": 5672000000,
    "otherExpenses": 0,
    "operatingExpenses": 5672000000,
    "costAndExpenses": 41076000000,
    "interestIncome": 21000000,
    "interestExpense": 82000000,
    "depreciationAndAmortization": 2386000000,
    "ebitda": 4923000000,
    "ebitdaratio": 0.1111612889,
    "operatingIncome": 3211000000,
    "operatingIncomeRatio": 0.0725043466,
    "totalOtherIncomeExpensesNet": -756000000,
    "incomeBeforeTax": 2455000000,
    "incomeBeforeTaxRatio": 0.0554338745,
    "incomeTaxExpense": 894000000,
    "netIncome": 1561000000,
    "netIncomeRatio": 0.0352473638,
    "eps": 8.61,
    "epsdiluted": 8.55,
    "weightedAverageShsOut": 315000000,
    "weightedAverageShsOutDil": 317000000,
    "link": "https://www.sec.gov/Archives/edgar/data/1048911/000119312513290858/0001193125-13-290858-index.htm",
    "finalLink": "https://www.sec.gov/Archives/edgar/data/1048911/000119312513290858/d563720d10k.htm"
  },
  {
    "date": "2012-05-31",
    "symbol": "FDX",
    "reportedCurrency": "USD",
    "cik": "0001048911",
    "fillingDate": "2012-07-16",
    "acceptedDate": "2012-07-16 17:07:39",
    "calendarYear": "2012",
    "period": "FY",
    "revenue": 42680000000,
    "costOfRevenue": 33970000000,
    "grossProfit": 8710000000,
    "grossProfitRatio": 0.204076851,
    "researchAndDevelopmentExpenses": 0,
    "generalAndAdministrativeExpenses": 0,
    "sellingAndMarketingExpenses": 0,
    "sellingGeneralAndAdministrativeExpenses": 5390000000,
    "otherExpenses": 0,
    "operatingExpenses": 5390000000,
    "costAndExpenses": 39360000000,
    "interestIncome": 13000000,
    "interestExpense": 52000000,
    "depreciationAndAmortization": 2113000000,
    "ebitda": 5306000000,
    "ebitdaratio": 0.1243205248,
    "operatingIncome": 3320000000,
    "operatingIncomeRatio": 0.0777881912,
    "totalOtherIncomeExpensesNet": -179000000,
    "incomeBeforeTax": 3141000000,
    "incomeBeforeTaxRatio": 0.0735941893,
    "incomeTaxExpense": 1109000000,
    "netIncome": 2032000000,
    "netIncomeRatio": 0.0476101218,
    "eps": 6.44,
    "epsdiluted": 6.41,
    "weightedAverageShsOut": 315000000,
    "weightedAverageShsOutDil": 317000000,
    "link": "https://www.sec.gov/Archives/edgar/data/1048911/000119312512303558/0001193125-12-303558-index.htm",
    "finalLink": "https://www.sec.gov/Archives/edgar/data/1048911/000119312512303558/d375407d10k.htm"
  },
  {
    "date": "2011-05-31",
    "symbol": "FDX",
    "reportedCurrency": "USD",
    "cik": "0001048911",
    "fillingDate": "2011-07-12",
    "acceptedDate": "2011-07-12 17:20:39",
    "calendarYear": "2011",
    "period": "FY",
    "revenue": 39304000000,
    "costOfRevenue": 31515000000,
    "grossProfit": 7789000000,
    "grossProfitRatio": 0.1981732139,
    "researchAndDevelopmentExpenses": 0,
    "generalAndAdministrativeExpenses": 0,
    "sellingAndMarketingExpenses": 0,
    "sellingGeneralAndAdministrativeExpenses": 5322000000,
    "otherExpenses": 0,
    "operatingExpenses": 5322000000,
    "costAndExpenses": 36837000000,
    "interestIncome": 9000000,
    "interestExpense": 86000000,
    "depreciationAndAmortization": 1973000000,
    "ebitda": 4324000000,
    "ebitdaratio": 0.1100142479,
    "operatingIncome": 2467000000,
    "operatingIncomeRatio": 0.0627671484,
    "totalOtherIncomeExpensesNet": -202000000,
    "incomeBeforeTax": 2265000000,
    "incomeBeforeTaxRatio": 0.0576277224,
    "incomeTaxExpense": 813000000,
    "netIncome": 1452000000,
    "netIncomeRatio": 0.0369428048,
    "eps": 4.61,
    "epsdiluted": 4.57,
    "weightedAverageShsOut": 315000000,
    "weightedAverageShsOutDil": 317000000,
    "link": "https://www.sec.gov/Archives/edgar/data/1048911/000095012311065246/0000950123-11-065246-index.htm",
    "finalLink": "https://www.sec.gov/Archives/edgar/data/1048911/000095012311065246/c19556e10vk.htm"
  },
  {
    "date": "2010-05-31",
    "symbol": "FDX",
    "reportedCurrency": "USD",
    "cik": "0001048911",
    "fillingDate": "2010-07-15",
    "acceptedDate": "2010-07-15 15:33:17",
    "calendarYear": "2010",
    "period": "FY",
    "revenue": 34734000000,
    "costOfRevenue": 27893000000,
    "grossProfit": 6841000000,
    "grossProfitRatio": 0.1969539932,
    "researchAndDevelopmentExpenses": 0,
    "generalAndAdministrativeExpenses": 0,
    "sellingAndMarketingExpenses": 0,
    "sellingGeneralAndAdministrativeExpenses": 4825000000,
    "otherExpenses": 0,
    "operatingExpenses": 4825000000,
    "costAndExpenses": 32718000000,
    "interestIncome": 8000000,
    "interestExpense": 79000000,
    "depreciationAndAmortization": 1958000000,
    "ebitda": 3931000000,
    "ebitdaratio": 0.1131744112,
    "operatingIncome": 2016000000,
    "operatingIncomeRatio": 0.0580411125,
    "totalOtherIncomeExpensesNet": -122000000,
    "incomeBeforeTax": 1894000000,
    "incomeBeforeTaxRatio": 0.0545287039,
    "incomeTaxExpense": 710000000,
    "netIncome": 1184000000,
    "netIncomeRatio": 0.0340876375,
    "eps": 3.78,
    "epsdiluted": 3.76,
    "weightedAverageShsOut": 312000000,
    "weightedAverageShsOutDil": 314000000,
    "link": "https://www.sec.gov/Archives/edgar/data/1048911/000095012310065730/0000950123-10-065730-index.htm",
    "finalLink": "https://www.sec.gov/Archives/edgar/data/1048911/000095012310065730/c03116e10vk.htm"
  },
  {
    "date": "2009-05-31",
    "symbol": "FDX",
    "reportedCurrency": "USD",
    "cik": "0001048911",
    "fillingDate": "2009-07-15",
    "acceptedDate": "2009-07-15 15:08:15",
    "calendarYear": "2009",
    "period": "FY",
    "revenue": 35497000000,
    "costOfRevenue": 28414000000,
    "grossProfit": 7083000000,
    "grossProfitRatio": 0.1995379891,
    "researchAndDevelopmentExpenses": 0,
    "generalAndAdministrativeExpenses": 0,
    "sellingAndMarketingExpenses": 0,
    "sellingGeneralAndAdministrativeExpenses": 5132000000,
    "otherExpenses": 0,
    "operatingExpenses": 5132000000,
    "costAndExpenses": 33546000000,
    "interestIncome": 26000000,
    "interestExpense": 85000000,
    "depreciationAndAmortization": 1975000000,
    "ebitda": 2737000000,
    "ebitdaratio": 0.0771051075,
    "operatingIncome": 1951000000,
    "operatingIncomeRatio": 0.0549623912,
    "totalOtherIncomeExpensesNet": -1274000000,
    "incomeBeforeTax": 677000000,
    "incomeBeforeTaxRatio": 0.0190720343,
    "incomeTaxExpense": 579000000,
    "netIncome": 98000000,
    "netIncomeRatio": 0.0027607967,
    "eps": 0.31,
    "epsdiluted": 0.31,
    "weightedAverageShsOut": 311000000,
    "weightedAverageShsOutDil": 312000000,
    "link": "https://www.sec.gov/Archives/edgar/data/1048911/000095012309022417/0000950123-09-022417-index.htm",
    "finalLink": "https://www.sec.gov/Archives/edgar/data/1048911/000095012309022417/c87681e10vk.htm"
  },
  {
    "date": "2008-05-31",
    "symbol": "FDX",
    "reportedCurrency": "USD",
    "cik": "0001048911",
    "fillingDate": "2008-07-16",
    "acceptedDate": "2008-07-16 16:15:58",
    "calendarYear": "2008",
    "period": "FY",
    "revenue": 37953000000,
    "costOfRevenue": 29700000000,
    "grossProfit": 8253000000,
    "grossProfitRatio": 0.2174531658,
    "researchAndDevelopmentExpenses": 0,
    "generalAndAdministrativeExpenses": 0,
    "sellingAndMarketingExpenses": 0,
    "sellingGeneralAndAdministrativeExpenses": 5296000000,
    "otherExpenses": 0,
    "operatingExpenses": 5296000000,
    "costAndExpenses": 34996000000,
    "interestIncome": 44000000,
    "interestExpense": 98000000,
    "depreciationAndAmortization": 1946000000,
    "ebitda": 4060000000,
    "ebitdaratio": 0.1069744157,
    "operatingIncome": 2957000000,
    "operatingIncomeRatio": 0.0779121545,
    "totalOtherIncomeExpensesNet": -941000000,
    "incomeBeforeTax": 2016000000,
    "incomeBeforeTaxRatio": 0.0531183306,
    "incomeTaxExpense": 891000000,
    "netIncome": 1125000000,
    "netIncomeRatio": 0.0296419255,
    "eps": 3.64,
    "epsdiluted": 3.6,
    "weightedAverageShsOut": 309000000,
    "weightedAverageShsOutDil": 312000000,
    "link": "https://www.sec.gov/Archives/edgar/data/1048911/000136231008003669/0001362310-08-003669-index.htm",
    "finalLink": "https://www.sec.gov/Archives/edgar/data/1048911/000136231008003669/c73820e10vk.htm"
  },
  {
    "date": "2007-05-31",
    "symbol": "FDX",
    "reportedCurrency": "USD",
    "cik": "0001048911",
    "fillingDate": "2007-07-13",
    "acceptedDate": "2007-07-12 20:37:01",
    "calendarYear": "2007",
    "period": "FY",
    "revenue": 35214000000,
    "costOfRevenue": 27183000000,
    "grossProfit": 8031000000,
    "grossProfitRatio": 0.2280627023,
    "researchAndDevelopmentExpenses": 0,
    "generalAndAdministrativeExpenses": 0,
    "sellingAndMarketingExpenses": 0,
    "sellingGeneralAndAdministrativeExpenses": 4755000000,
    "otherExpenses": 0,
    "operatingExpenses": 4755000000,
    "costAndExpenses": 31938000000,
    "interestIncome": 83000000,
    "interestExpense": 136000000,
    "depreciationAndAmortization": 1742000000,
    "ebitda": 5093000000,
    "ebitdaratio": 0.1446299767,
    "operatingIncome": 3276000000,
    "operatingIncomeRatio": 0.0930311808,
    "totalOtherIncomeExpensesNet": -61000000,
    "incomeBeforeTax": 3215000000,
    "incomeBeforeTaxRatio": 0.0912989152,
    "incomeTaxExpense": 1199000000,
    "netIncome": 2016000000,
    "netIncomeRatio": 0.0572499574,
    "eps": 6.57,
    "epsdiluted": 6.48,
    "weightedAverageShsOut": 307000000,
    "weightedAverageShsOutDil": 311000000,
    "link": "https://www.sec.gov/Archives/edgar/data/1048911/000095014407006556/0000950144-07-006556-index.htm",
    "finalLink": "https://www.sec.gov/Archives/edgar/data/1048911/000095014407006556/g08210e10vk.htm"
  },
  {
    "date": "2006-05-31",
    "symbol": "FDX",
    "reportedCurrency": "USD",
    "cik": "0001048911",
    "fillingDate": "2006-07-14",
    "acceptedDate": "2006-07-14 10:14:10",
    "calendarYear": "2006",
    "period": "FY",
    "revenue": 32294000000,
    "costOfRevenue": 24795000000,
    "grossProfit": 7499000000,
    "grossProfitRatio": 0.2322103177,
    "researchAndDevelopmentExpenses": 0,
    "generalAndAdministrativeExpenses": 0,
    "sellingAndMarketingExpenses": 0,
    "sellingGeneralAndAdministrativeExpenses": 4485000000,
    "otherExpenses": 0,
    "operatingExpenses": 4485000000,
    "costAndExpenses": 29280000000,
    "interestIncome": 38000000,
    "interestExpense": 142000000,
    "depreciationAndAmortization": 1548000000,
    "ebitda": 4591000000,
    "ebitdaratio": 0.1421626308,
    "operatingIncome": 3014000000,
    "operatingIncomeRatio": 0.0933300303,
    "totalOtherIncomeExpensesNet": -115000000,
    "incomeBeforeTax": 2899000000,
    "incomeBeforeTaxRatio": 0.0897689973,
    "incomeTaxExpense": 1093000000,
    "netIncome": 1806000000,
    "netIncomeRatio": 0.055923701,
    "eps": 5.94,
    "epsdiluted": 5.83,
    "weightedAverageShsOut": 304040404,
    "weightedAverageShsOutDil": 309777015,
    "link": "https://www.sec.gov/Archives/edgar/data/1048911/000110465906046980/0001104659-06-046980-index.htm",
    "finalLink": "https://www.sec.gov/Archives/edgar/data/1048911/000110465906046980/a06-14845_110k.htm"
  },
  {
    "date": "2005-05-31",
    "symbol": "FDX",
    "reportedCurrency": "USD",
    "cik": "0001048911",
    "fillingDate": "2005-07-14",
    "acceptedDate": "2005-07-14 17:00:17",
    "calendarYear": "2005",
    "period": "FY",
    "revenue": 29363000000,
    "costOfRevenue": 22671000000,
    "grossProfit": 6692000000,
    "grossProfitRatio": 0.2279058679,
    "researchAndDevelopmentExpenses": 0,
    "generalAndAdministrativeExpenses": 0,
    "sellingAndMarketingExpenses": 0,
    "sellingGeneralAndAdministrativeExpenses": 4221000000,
    "otherExpenses": 0,
    "operatingExpenses": 4221000000,
    "costAndExpenses": 26892000000,
    "interestIncome": 21000000,
    "interestExpense": 160000000,
    "depreciationAndAmortization": 1462000000,
    "ebitda": 3935000000,
    "ebitdaratio": 0.1340121922,
    "operatingIncome": 2471000000,
    "operatingIncomeRatio": 0.0841535265,
    "totalOtherIncomeExpensesNet": -158000000,
    "incomeBeforeTax": 2313000000,
    "incomeBeforeTaxRatio": 0.078772605,
    "incomeTaxExpense": 864000000,
    "netIncome": 1449000000,
    "netIncomeRatio": 0.0493478187,
    "eps": 4.81,
    "epsdiluted": 4.72,
    "weightedAverageShsOut": 301247401,
    "weightedAverageShsOutDil": 306991525,
    "link": "https://www.sec.gov/Archives/edgar/data/1048911/000110465905032464/0001104659-05-032464-index.htm",
    "finalLink": "https://www.sec.gov/Archives/edgar/data/1048911/000110465905032464/a05-11806_110k.htm"
  },
  {
    "date": "2004-05-31",
    "symbol": "FDX",
    "reportedCurrency": "USD",
    "cik": "0001048911",
    "fillingDate": "2004-07-16",
    "acceptedDate": "2004-07-16 12:51:04",
    "calendarYear": "2004",
    "period": "FY",
    "revenue": 24710000000,
    "costOfRevenue": 3836000000,
    "grossProfit": 20874000000,
    "grossProfitRatio": 0.8447592068,
    "researchAndDevelopmentExpenses": 0,
    "generalAndAdministrativeExpenses": 12646000000,
    "sellingAndMarketingExpenses": 0,
    "sellingGeneralAndAdministrativeExpenses": 12646000000,
    "otherExpenses": 8708000000,
    "operatingExpenses": 21354000000,
    "costAndExpenses": 25190000000,
    "interestIncome": 0,
    "interestExpense": 0,
    "depreciationAndAmortization": 1375000000,
    "ebitda": 2558000000,
    "ebitdaratio": 0.1035208418,
    "operatingIncome": 1440000000,
    "operatingIncomeRatio": 0.0582760016,
    "totalOtherIncomeExpensesNet": -121000000,
    "incomeBeforeTax": 1319000000,
    "incomeBeforeTaxRatio": 0.0533791987,
    "incomeTaxExpense": 481000000,
    "netIncome": 838000000,
    "netIncomeRatio": 0.0339133954,
    "eps": 2.8,
    "epsdiluted": 2.76,
    "weightedAverageShsOut": 299285714,
    "weightedAverageShsOutDil": 303623188,
    "link": "https://www.sec.gov/Archives/edgar/data/1048911/000104746904023480/0001047469-04-023480-index.htm",
    "finalLink": "https://www.sec.gov/Archives/edgar/data/1048911/000104746904023480/a2140026z10-k.htm"
  },
  {
    "date": "2003-05-31",
    "symbol": "FDX",
    "reportedCurrency": "USD",
    "cik": "0001048911",
    "fillingDate": "2003-07-17",
    "acceptedDate": "2003-07-17 17:10:08",
    "calendarYear": "2003",
    "period": "FY",
    "revenue": 22487000000,
    "costOfRevenue": 3606000000,
    "grossProfit": 18881000000,
    "grossProfitRatio": 0.8396406813,
    "researchAndDevelopmentExpenses": 0,
    "generalAndAdministrativeExpenses": 11581000000,
    "sellingAndMarketingExpenses": 0,
    "sellingGeneralAndAdministrativeExpenses": 11581000000,
    "otherExpenses": 8086000000,
    "operatingExpenses": 19667000000,
    "costAndExpenses": 23273000000,
    "interestIncome": 0,
    "interestExpense": 0,
    "depreciationAndAmortization": 1351000000,
    "ebitda": 2689000000,
    "ebitdaratio": 0.1195802019,
    "operatingIncome": 1471000000,
    "operatingIncomeRatio": 0.0654155734,
    "totalOtherIncomeExpensesNet": -133000000,
    "incomeBeforeTax": 1338000000,
    "incomeBeforeTaxRatio": 0.059501045,
    "incomeTaxExpense": 508000000,
    "netIncome": 830000000,
    "netIncomeRatio": 0.0369102148,
    "eps": 2.79,
    "epsdiluted": 2.74,
    "weightedAverageShsOut": 297491039,
    "weightedAverageShsOutDil": 302919708,
    "link": "https://www.sec.gov/Archives/edgar/data/1048911/000104746903024446/0001047469-03-024446-index.htm",
    "finalLink": "https://www.sec.gov/Archives/edgar/data/1048911/000104746903024446/a2114486z10-k.htm"
  },
  {
    "date": "2002-05-31",
    "symbol": "FDX",
    "reportedCurrency": "USD",
    "cik": "0001048911",
    "fillingDate": "2002-07-19",
    "acceptedDate": "2002-07-19 16:51:46",
    "calendarYear": "2002",
    "period": "FY",
    "revenue": 20607000000,
    "costOfRevenue": 3560000000,
    "grossProfit": 17047000000,
    "grossProfitRatio": 0.8272431698,
    "researchAndDevelopmentExpenses": 0,
    "generalAndAdministrativeExpenses": 10879000000,
    "sellingAndMarketingExpenses": 0,
    "sellingGeneralAndAdministrativeExpenses": 10879000000,
    "otherExpenses": 7426000000,
    "operatingExpenses": 18305000000,
    "costAndExpenses": 21865000000,
    "interestIncome": 0,
    "interestExpense": 0,
    "depreciationAndAmortization": 1364000000,
    "ebitda": 2509000000,
    "ebitdaratio": 0.1217547435,
    "operatingIncome": 1321000000,
    "operatingIncomeRatio": 0.0641044305,
    "totalOtherIncomeExpensesNet": -161000000,
    "incomeBeforeTax": 1160000000,
    "incomeBeforeTaxRatio": 0.0562915514,
    "incomeTaxExpense": 435000000,
    "netIncome": 710000000,
    "netIncomeRatio": 0.0344543116,
    "eps": 2.38,
    "epsdiluted": 2.34,
    "weightedAverageShsOut": 298319328,
    "weightedAverageShsOutDil": 303418803,
    "link": "https://www.sec.gov/Archives/edgar/data/1048911/000093176302002489/0000931763-02-002489-index.htm",
    "finalLink": "https://www.sec.gov/Archives/edgar/data/1048911/000093176302002489/d10k.htm"
  },
  {
    "date": "2001-05-31",
    "symbol": "FDX",
    "reportedCurrency": "USD",
    "cik": "0001048911",
    "fillingDate": "2001-07-24",
    "acceptedDate": "2001-07-24 00:00:00",
    "calendarYear": "2001",
    "period": "FY",
    "revenue": 19629040000,
    "costOfRevenue": 3300096000,
    "grossProfit": 16328944000,
    "grossProfitRatio": 0.8318768518,
    "researchAndDevelopmentExpenses": 0,
    "generalAndAdministrativeExpenses": 9913461000,
    "sellingAndMarketingExpenses": 0,
    "sellingGeneralAndAdministrativeExpenses": 9913461000,
    "otherExpenses": 7501948000,
    "operatingExpenses": 17415409000,
    "costAndExpenses": 20715505000,
    "interestIncome": 0,
    "interestExpense": 0,
    "depreciationAndAmortization": 1275774000,
    "ebitda": 190000000,
    "ebitdaratio": 0.009679536,
    "operatingIncome": 1070890000,
    "operatingIncomeRatio": 0.0545564123,
    "totalOtherIncomeExpensesNet": -144000000,
    "incomeBeforeTax": 927573000,
    "incomeBeforeTaxRatio": 0.0472551383,
    "incomeTaxExpense": 343202000,
    "netIncome": 584371000,
    "netIncomeRatio": 0.0297707376,
    "eps": 2.02,
    "epsdiluted": 1.99,
    "weightedAverageShsOut": 289108911,
    "weightedAverageShsOutDil": 293467337,
    "link": "https://www.sec.gov/Archives/edgar/data/1048911/000095014401504782/0000950144-01-504782-index.htm",
    "finalLink": "https://www.sec.gov/Archives/edgar/data/1048911/000095014401504782/g70602e10-k405.txt"
  },
  {
    "date": "2000-05-31",
    "symbol": "FDX",
    "reportedCurrency": "USD",
    "cik": "0001048911",
    "fillingDate": "2000-08-02",
    "acceptedDate": "2000-08-02 00:00:00",
    "calendarYear": "2000",
    "period": "FY",
    "revenue": 18256945000,
    "costOfRevenue": 3077426000,
    "grossProfit": 15179519000,
    "grossProfitRatio": 0.8314380637,
    "researchAndDevelopmentExpenses": 0,
    "generalAndAdministrativeExpenses": 9136677000,
    "sellingAndMarketingExpenses": 0,
    "sellingGeneralAndAdministrativeExpenses": 9136677000,
    "otherExpenses": 6980681000,
    "operatingExpenses": 16117358000,
    "costAndExpenses": 19194784000,
    "interestIncome": 0,
    "interestExpense": 0,
    "depreciationAndAmortization": 1154863000,
    "ebitda": -675000000,
    "ebitdaratio": -0.0369722317,
    "operatingIncome": 1221074000,
    "operatingIncomeRatio": 0.0668827123,
    "totalOtherIncomeExpensesNet": -83260000,
    "incomeBeforeTax": 1137740000,
    "incomeBeforeTaxRatio": 0.0623182027,
    "incomeTaxExpense": 449404000,
    "netIncome": 688336000,
    "netIncomeRatio": 0.0377026934,
    "eps": 2.36,
    "epsdiluted": 2.32,
    "weightedAverageShsOut": 291525424,
    "weightedAverageShsOutDil": 296551724,
    "link": "https://www.sec.gov/Archives/edgar/data/1048911/000091205700034322/0000912057-00-034322-index.htm",
    "finalLink": "https://www.sec.gov/Archives/edgar/data/1048911/000091205700034322/a10-k405.txt"
  },
  {
    "date": "1999-05-31",
    "symbol": "FDX",
    "reportedCurrency": "USD",
    "cik": "0001048911",
    "fillingDate": "1999-08-16",
    "acceptedDate": "1999-08-16 00:00:00",
    "calendarYear": "1999",
    "period": "FY",
    "revenue": 16773470000,
    "costOfRevenue": 1396694000,
    "grossProfit": 15376776000,
    "grossProfitRatio": 0.9167319583,
    "researchAndDevelopmentExpenses": 0,
    "generalAndAdministrativeExpenses": 8484400000,
    "sellingAndMarketingExpenses": 0,
    "sellingGeneralAndAdministrativeExpenses": 8484400000,
    "otherExpenses": 6521061000,
    "operatingExpenses": 15005461000,
    "costAndExpenses": 16402155000,
    "interestIncome": 0,
    "interestExpense": 0,
    "depreciationAndAmortization": 1035118000,
    "ebitda": 1410264000,
    "ebitdaratio": 0.0840770574,
    "operatingIncome": 1163086000,
    "operatingIncomeRatio": 0.0693408102,
    "totalOtherIncomeExpensesNet": -102022000,
    "incomeBeforeTax": 1061064000,
    "incomeBeforeTaxRatio": 0.0632584671,
    "incomeTaxExpense": 429731000,
    "netIncome": 631333000,
    "netIncomeRatio": 0.0376387831,
    "eps": 2.13,
    "epsdiluted": 2.1,
    "weightedAverageShsOut": 296400469,
    "weightedAverageShsOutDil": 300634762,
    "link": "https://www.sec.gov/Archives/edgar/data/1048911/000104746999032609/0001047469-99-032609-index.htm",
    "finalLink": "https://www.sec.gov/Archives/edgar/data/1048911/000104746999032609/0001047469-99-032609.txt"
  },
  {
    "date": "1998-05-31",
    "symbol": "FDX",
    "reportedCurrency": "USD",
    "cik": "0001048911",
    "fillingDate": "1998-08-14",
    "acceptedDate": "1998-08-14 00:00:00",
    "calendarYear": "1998",
    "period": "FY",
    "revenue": 15872810000,
    "costOfRevenue": 1285655000,
    "grossProfit": 14587155000,
    "grossProfitRatio": 0.9190026845,
    "researchAndDevelopmentExpenses": 0,
    "generalAndAdministrativeExpenses": 7932800000,
    "sellingAndMarketingExpenses": 0,
    "sellingGeneralAndAdministrativeExpenses": 7932800000,
    "otherExpenses": 6130627000,
    "operatingExpenses": 14063427000,
    "costAndExpenses": 15349082000,
    "interestIncome": 0,
    "interestExpense": 0,
    "depreciationAndAmortization": 963731000,
    "ebitda": 1546188000,
    "ebitdaratio": 0.0974111074,
    "operatingIncome": 1010660000,
    "operatingIncomeRatio": 0.0636724058,
    "totalOtherIncomeExpensesNet": -111142000,
    "incomeBeforeTax": 899518000,
    "incomeBeforeTaxRatio": 0.056670369,
    "incomeTaxExpense": 401363000,
    "netIncome": 503030000,
    "netIncomeRatio": 0.031691301,
    "eps": 1.72,
    "epsdiluted": 1.69,
    "weightedAverageShsOut": 292459302,
    "weightedAverageShsOutDil": 297650888,
    "link": "https://www.sec.gov/Archives/edgar/data/1048911/000089924398001610/0000899243-98-001610-index.htm",
    "finalLink": "https://www.sec.gov/Archives/edgar/data/1048911/0000899243-98-001610.txt"
  },
  {
    "date": "1997-05-31",
    "symbol": "FDX",
    "reportedCurrency": "USD",
    "cik": "0001048911",
    "fillingDate": "1997-05-31",
    "acceptedDate": "1997-05-31 00:00:00",
    "calendarYear": "1997",
    "period": "FY",
    "revenue": 11519800000,
    "costOfRevenue": 6018600000,
    "grossProfit": 5501200000,
    "grossProfitRatio": 0.4775430129,
    "researchAndDevelopmentExpenses": 0,
    "generalAndAdministrativeExpenses": 6166200000,
    "sellingAndMarketingExpenses": 0,
    "sellingGeneralAndAdministrativeExpenses": 6166200000,
    "otherExpenses": 3239800000,
    "operatingExpenses": 9406000000,
    "costAndExpenses": 15424600000,
    "interestIncome": 0,
    "interestExpense": 0,
    "depreciationAndAmortization": -777400000,
    "ebitda": -3147200000,
    "ebitdaratio": -0.2731991875,
    "operatingIncome": -2369800000,
    "operatingIncomeRatio": -0.205715377,
    "totalOtherIncomeExpensesNet": 4485300000,
    "incomeBeforeTax": 628200000,
    "incomeBeforeTaxRatio": 0.0545321967,
    "incomeTaxExpense": 267000000,
    "netIncome": 361200000,
    "netIncomeRatio": 0.031354711,
    "eps": 0.68,
    "epsdiluted": 0.67,
    "weightedAverageShsOut": 291426000,
    "weightedAverageShsOutDil": 294456000,
    "link": "",
    "finalLink": ""
  },
  {
    "date": "1996-05-31",
    "symbol": "FDX",
    "reportedCurrency": "USD",
    "cik": "0001048911",
    "fillingDate": "1996-05-31",
    "acceptedDate": "1996-05-31 00:00:00",
    "calendarYear": "1996",
    "period": "FY",
    "revenue": 10273600000,
    "costOfRevenue": 5269400000,
    "grossProfit": 5004200000,
    "grossProfitRatio": 0.4870931319,
    "researchAndDevelopmentExpenses": 0,
    "generalAndAdministrativeExpenses": 5579100000,
    "sellingAndMarketingExpenses": 0,
    "sellingGeneralAndAdministrativeExpenses": 5579100000,
    "otherExpenses": 2874500000,
    "operatingExpenses": 8453600000,
    "costAndExpenses": 13723000000,
    "interestIncome": 0,
    "interestExpense": 0,
    "depreciationAndAmortization": -719600000,
    "ebitda": -2741500000,
    "ebitdaratio": -0.2668490111,
    "operatingIncome": -2021900000,
    "operatingIncomeRatio": -0.1968054041,
    "totalOtherIncomeExpensesNet": 4105400000,
    "incomeBeforeTax": 540000000,
    "incomeBeforeTaxRatio": 0.0525619062,
    "incomeTaxExpense": 232200000,
    "netIncome": 307800000,
    "netIncomeRatio": 0.0299602866,
    "eps": 1.35,
    "epsdiluted": 1.35,
    "weightedAverageShsOut": 226256000,
    "weightedAverageShsOutDil": 228552000,
    "link": "",
    "finalLink": ""
  },
  {
    "date": "1995-05-31",
    "symbol": "FDX",
    "reportedCurrency": "USD",
    "cik": "0001048911",
    "fillingDate": "1995-05-31",
    "acceptedDate": "1995-05-31 00:00:00",
    "calendarYear": "1995",
    "period": "FY",
    "revenue": 9392100000,
    "costOfRevenue": 4542100000,
    "grossProfit": 4850000000,
    "grossProfitRatio": 0.5163914354,
    "researchAndDevelopmentExpenses": 0,
    "generalAndAdministrativeExpenses": 5243800000,
    "sellingAndMarketingExpenses": 0,
    "sellingGeneralAndAdministrativeExpenses": 5243800000,
    "otherExpenses": 2510600000,
    "operatingExpenses": 7754400000,
    "costAndExpenses": 12296500000,
    "interestIncome": 0,
    "interestExpense": 0,
    "depreciationAndAmortization": -652300000,
    "ebitda": 1243400000,
    "ebitdaratio": 0.1323878579,
    "operatingIncome": -1645400000,
    "operatingIncomeRatio": -0.1751897872,
    "totalOtherIncomeExpensesNet": -69000000,
    "incomeBeforeTax": 522100000,
    "incomeBeforeTaxRatio": 0.0555892718,
    "incomeTaxExpense": 224500000,
    "netIncome": 297600000,
    "netIncomeRatio": 0.0316862044,
    "eps": 1.32,
    "epsdiluted": 1.32,
    "weightedAverageShsOut": 223950000,
    "weightedAverageShsOutDil": 225974000,
    "link": "",
    "finalLink": ""
  },
  {
    "date": "1994-05-31",
    "symbol": "FDX",
    "reportedCurrency": "USD",
    "cik": "0001048911",
    "fillingDate": "1994-05-31",
    "acceptedDate": "1994-05-31 00:00:00",
    "calendarYear": "1994",
    "period": "FY",
    "revenue": 8479500000,
    "costOfRevenue": 3244700000,
    "grossProfit": 5234800000,
    "grossProfitRatio": 0.617347721,
    "researchAndDevelopmentExpenses": 0,
    "generalAndAdministrativeExpenses": 4104800000,
    "sellingAndMarketingExpenses": 0,
    "sellingGeneralAndAdministrativeExpenses": 4104800000,
    "otherExpenses": 2203700000,
    "operatingExpenses": 6308500000,
    "costAndExpenses": 9553200000,
    "interestIncome": 0,
    "interestExpense": 0,
    "depreciationAndAmortization": -599400000,
    "ebitda": -1880300000,
    "ebitdaratio": -0.2217465652,
    "operatingIncome": 134900000,
    "operatingIncomeRatio": 0.0159089569,
    "totalOtherIncomeExpensesNet": 2858200000,
    "incomeBeforeTax": 378500000,
    "incomeBeforeTaxRatio": 0.0446370659,
    "incomeTaxExpense": 174100000,
    "netIncome": 204400000,
    "netIncomeRatio": 0.0241051949,
    "eps": 0.92,
    "epsdiluted": 0.92,
    "weightedAverageShsOut": 224048000,
    "weightedAverageShsOutDil": 224048000,
    "link": "",
    "finalLink": ""
  },
  {
    "date": "1993-05-31",
    "symbol": "FDX",
    "reportedCurrency": "USD",
    "cik": "0001048911",
    "fillingDate": "1993-05-31",
    "acceptedDate": "1993-05-31 00:00:00",
    "calendarYear": "1993",
    "period": "FY",
    "revenue": 7808000000,
    "costOfRevenue": 3056000000,
    "grossProfit": 4752000000,
    "grossProfitRatio": 0.6086065574,
    "researchAndDevelopmentExpenses": 0,
    "generalAndAdministrativeExpenses": 0,
    "sellingAndMarketingExpenses": 0,
    "sellingGeneralAndAdministrativeExpenses": 3807500000,
    "otherExpenses": 579900000,
    "operatingExpenses": 4387400000,
    "costAndExpenses": 7443400000,
    "interestIncome": 0,
    "interestExpense": 0,
    "depreciationAndAmortization": -579900000,
    "ebitda": 944700000,
    "ebitdaratio": 0.120991291,
    "operatingIncome": 1524600000,
    "operatingIncomeRatio": 0.1952612705,
    "totalOtherIncomeExpensesNet": -161000000,
    "incomeBeforeTax": 203600000,
    "incomeBeforeTaxRatio": 0.0260758197,
    "incomeTaxExpense": 93800000,
    "netIncome": 53900000,
    "netIncomeRatio": 0.0069031762,
    "eps": 0.25,
    "epsdiluted": 0.25,
    "weightedAverageShsOut": 215600000,
    "weightedAverageShsOutDil": 215600000,
    "link": "",
    "finalLink": ""
  },
  {
    "date": "1992-05-31",
    "symbol": "FDX",
    "reportedCurrency": "USD",
    "cik": "0001048911",
    "fillingDate": "1992-05-31",
    "acceptedDate": "1992-05-31 00:00:00",
    "calendarYear": "1992",
    "period": "FY",
    "revenue": 7550100000,
    "costOfRevenue": 3058900000,
    "grossProfit": 4491200000,
    "grossProfitRatio": 0.5948530483,
    "researchAndDevelopmentExpenses": 0,
    "generalAndAdministrativeExpenses": 0,
    "sellingAndMarketingExpenses": 0,
    "sellingGeneralAndAdministrativeExpenses": 3637100000,
    "otherExpenses": 577200000,
    "operatingExpenses": 4214300000,
    "costAndExpenses": 7273200000,
    "interestIncome": 0,
    "interestExpense": 0,
    "depreciationAndAmortization": -577200000,
    "ebitda": 854100000,
    "ebitdaratio": 0.1131243295,
    "operatingIncome": 1690800000,
    "operatingIncomeRatio": 0.2239440537,
    "totalOtherIncomeExpensesNet": -423700000,
    "incomeBeforeTax": -146800000,
    "incomeBeforeTaxRatio": -0.0194434511,
    "incomeTaxExpense": -33000000,
    "netIncome": -113800000,
    "netIncomeRatio": -0.015072648,
    "eps": -0.53,
    "epsdiluted": -0.53,
    "weightedAverageShsOut": 214716981,
    "weightedAverageShsOutDil": 214716981,
    "link": "",
    "finalLink": ""
  },
  {
    "date": "1991-05-31",
    "symbol": "FDX",
    "reportedCurrency": "USD",
    "cik": "0001048911",
    "fillingDate": "1991-05-31",
    "acceptedDate": "1991-05-31 00:00:00",
    "calendarYear": "1991",
    "period": "FY",
    "revenue": 7688300000,
    "costOfRevenue": 3314600000,
    "grossProfit": 4373700000,
    "grossProfitRatio": 0.5688773851,
    "researchAndDevelopmentExpenses": 0,
    "generalAndAdministrativeExpenses": 0,
    "sellingAndMarketingExpenses": 0,
    "sellingGeneralAndAdministrativeExpenses": 3438400000,
    "otherExpenses": 534500000,
    "operatingExpenses": 3972900000,
    "costAndExpenses": 7287500000,
    "interestIncome": 0,
    "interestExpense": 0,
    "depreciationAndAmortization": -534500000,
    "ebitda": 1113200000,
    "ebitdaratio": 0.1447914363,
    "operatingIncome": 1647700000,
    "operatingIncomeRatio": 0.2143126569,
    "totalOtherIncomeExpensesNet": -359900000,
    "incomeBeforeTax": 40900000,
    "incomeBeforeTaxRatio": 0.0053197716,
    "incomeTaxExpense": 35000000,
    "netIncome": 5900000,
    "netIncomeRatio": 0.0007673998,
    "eps": 0.03,
    "epsdiluted": 0.03,
    "weightedAverageShsOut": 196666667,
    "weightedAverageShsOutDil": 196666667,
    "link": "",
    "finalLink": ""
  },
  {
    "date": "1990-05-31",
    "symbol": "FDX",
    "reportedCurrency": "USD",
    "cik": "0001048911",
    "fillingDate": "1990-05-31",
    "acceptedDate": "1990-05-31 00:00:00",
    "calendarYear": "1990",
    "period": "FY",
    "revenue": 7015100000,
    "costOfRevenue": 3077100000,
    "grossProfit": 3938000000,
    "grossProfitRatio": 0.5613604938,
    "researchAndDevelopmentExpenses": 0,
    "generalAndAdministrativeExpenses": 0,
    "sellingAndMarketingExpenses": 0,
    "sellingGeneralAndAdministrativeExpenses": 3045300000,
    "otherExpenses": 479200000,
    "operatingExpenses": 3524500000,
    "costAndExpenses": 6601600000,
    "interestIncome": 0,
    "interestExpense": 0,
    "depreciationAndAmortization": -479200000,
    "ebitda": 899700000,
    "ebitdaratio": 0.1282519137,
    "operatingIncome": 1378900000,
    "operatingIncomeRatio": 0.1965617026,
    "totalOtherIncomeExpensesNet": -195000000,
    "incomeBeforeTax": 218500000,
    "incomeBeforeTaxRatio": 0.031147097,
    "incomeTaxExpense": 102700000,
    "netIncome": 115800000,
    "netIncomeRatio": 0.0165072486,
    "eps": 0.55,
    "epsdiluted": 0.55,
    "weightedAverageShsOut": 210545455,
    "weightedAverageShsOutDil": 210545455,
    "link": "",
    "finalLink": ""
  },
  {
    "date": "1989-05-31",
    "symbol": "FDX",
    "reportedCurrency": "USD",
    "cik": "0001048911",
    "fillingDate": "1989-05-31",
    "acceptedDate": "1989-05-30 20:00:00",
    "calendarYear": "1989",
    "period": "FY",
    "revenue": 5167000000,
    "costOfRevenue": 1767100000,
    "grossProfit": 3399900000,
    "grossProfitRatio": 0.6580027095,
    "researchAndDevelopmentExpenses": 0,
    "generalAndAdministrativeExpenses": 0,
    "sellingAndMarketingExpenses": 0,
    "sellingGeneralAndAdministrativeExpenses": 2588100000,
    "otherExpenses": 387300000,
    "operatingExpenses": 2975400000,
    "costAndExpenses": 4742500000,
    "interestIncome": 0,
    "interestExpense": 0,
    "depreciationAndAmortization": 387300000,
    "ebitda": 822600000,
    "ebitdaratio": 0.1592026321,
    "operatingIncome": 435300000,
    "operatingIncomeRatio": 0.0842461777,
    "totalOtherIncomeExpensesNet": -126100000,
    "incomeBeforeTax": 298400000,
    "incomeBeforeTaxRatio": 0.0577511128,
    "incomeTaxExpense": 131900000,
    "netIncome": 166500000,
    "netIncomeRatio": 0.0322237275,
    "eps": 0.8,
    "epsdiluted": 0.8,
    "weightedAverageShsOut": 208125000,
    "weightedAverageShsOutDil": 208125000,
    "link": "",
    "finalLink": ""
  },
  {
    "date": "1988-05-31",
    "symbol": "FDX",
    "reportedCurrency": "USD",
    "cik": "0001048911",
    "fillingDate": "1988-05-31",
    "acceptedDate": "1988-05-30 20:00:00",
    "calendarYear": "1988",
    "period": "FY",
    "revenue": 3882800000,
    "costOfRevenue": 2164100000,
    "grossProfit": 1718700000,
    "grossProfitRatio": 0.4426444834,
    "researchAndDevelopmentExpenses": 0,
    "generalAndAdministrativeExpenses": 0,
    "sellingAndMarketingExpenses": 0,
    "sellingGeneralAndAdministrativeExpenses": 1049700000,
    "otherExpenses": 289600000,
    "operatingExpenses": 1339300000,
    "costAndExpenses": 3503400000,
    "interestIncome": 0,
    "interestExpense": 0,
    "depreciationAndAmortization": 289600000,
    "ebitda": 668500000,
    "ebitdaratio": 0.1721695684,
    "operatingIncome": 378900000,
    "operatingIncomeRatio": 0.0975842176,
    "totalOtherIncomeExpensesNet": -77100000,
    "incomeBeforeTax": 302300000,
    "incomeBeforeTaxRatio": 0.0778561863,
    "incomeTaxExpense": 114600000,
    "netIncome": 187700000,
    "netIncomeRatio": 0.0483414031,
    "eps": 0.89,
    "epsdiluted": 0.89,
    "weightedAverageShsOut": 210898876,
    "weightedAverageShsOutDil": 210898876,
    "link": "",
    "finalLink": ""
  },
  {
    "date": "1987-05-31",
    "symbol": "FDX",
    "reportedCurrency": "USD",
    "cik": "0001048911",
    "fillingDate": "1987-05-31",
    "acceptedDate": "1987-05-30 20:00:00",
    "calendarYear": "1987",
    "period": "FY",
    "revenue": 3178300000,
    "costOfRevenue": 966200000,
    "grossProfit": 2212100000,
    "grossProfitRatio": 0.6960010068,
    "researchAndDevelopmentExpenses": 0,
    "generalAndAdministrativeExpenses": 0,
    "sellingAndMarketingExpenses": 0,
    "sellingGeneralAndAdministrativeExpenses": 1608000000,
    "otherExpenses": 239300000,
    "operatingExpenses": 1847300000,
    "costAndExpenses": 2813500000,
    "interestIncome": 0,
    "interestExpense": 0,
    "depreciationAndAmortization": 239300000,
    "ebitda": 610300000,
    "ebitdaratio": 0.1920208917,
    "operatingIncome": 371000000,
    "operatingIncomeRatio": 0.116729069,
    "totalOtherIncomeExpensesNet": -52900000,
    "incomeBeforeTax": 311900000,
    "incomeBeforeTaxRatio": 0.0981342227,
    "incomeTaxExpense": 144900000,
    "netIncome": -65500000,
    "netIncomeRatio": -0.0206085014,
    "eps": -0.31,
    "epsdiluted": -0.31,
    "weightedAverageShsOut": 211290323,
    "weightedAverageShsOutDil": 211290323,
    "link": "",
    "finalLink": ""
  },
  {
    "date": "1986-05-31",
    "symbol": "FDX",
    "reportedCurrency": "USD",
    "cik": "0001048911",
    "fillingDate": "1986-05-31",
    "acceptedDate": "1986-05-30 20:00:00",
    "calendarYear": "1986",
    "period": "FY",
    "revenue": 2606200000,
    "costOfRevenue": 679300000,
    "grossProfit": 1926900000,
    "grossProfitRatio": 0.7393523137,
    "researchAndDevelopmentExpenses": 0,
    "generalAndAdministrativeExpenses": 0,
    "sellingAndMarketingExpenses": 0,
    "sellingGeneralAndAdministrativeExpenses": 1502400000,
    "otherExpenses": 212400000,
    "operatingExpenses": 1714800000,
    "costAndExpenses": 2394100000,
    "interestIncome": 0,
    "interestExpense": 0,
    "depreciationAndAmortization": 212400000,
    "ebitda": 406900000,
    "ebitdaratio": 0.1561276955,
    "operatingIncome": 194500000,
    "operatingIncomeRatio": 0.0746297291,
    "totalOtherIncomeExpensesNet": -47900000,
    "incomeBeforeTax": 164200000,
    "incomeBeforeTaxRatio": 0.0630036068,
    "incomeTaxExpense": 32400000,
    "netIncome": 131800000,
    "netIncomeRatio": 0.0505717136,
    "eps": 0.66,
    "epsdiluted": 0.66,
    "weightedAverageShsOut": 199696970,
    "weightedAverageShsOutDil": 199696970,
    "link": "",
    "finalLink": ""
  }
]