[
  {
    "date": "2025-06-30",
    "symbol": "FE",
    "reportedCurrency": "USD",
    "cik": "0001031296",
    "fillingDate": "2025-07-30",
    "acceptedDate": "2025-07-30 17:19:58",
    "calendarYear": "2025",
    "period": "Q2",
    "revenue": 3380000000,
    "costOfRevenue": 1121000000,
    "grossProfit": 2259000000,
    "grossProfitRatio": 0.6683431953,
    "researchAndDevelopmentExpenses": 0,
    "generalAndAdministrativeExpenses": 0,
    "sellingAndMarketingExpenses": 0,
    "sellingGeneralAndAdministrativeExpenses": 0,
    "otherExpenses": 1613000000,
    "operatingExpenses": 1613000000,
    "costAndExpenses": 2734000000,
    "interestIncome": 0,
    "interestExpense": 257000000,
    "depreciationAndAmortization": 415000000,
    "ebitda": 1078000000,
    "ebitdaratio": 0.3189349112,
    "operatingIncome": 646000000,
    "operatingIncomeRatio": 0.1911242604,
    "totalOtherIncomeExpensesNet": -240000000,
    "incomeBeforeTax": 406000000,
    "incomeBeforeTaxRatio": 0.1201183432,
    "incomeTaxExpense": 88000000,
    "netIncome": 268000000,
    "netIncomeRatio": 0.0792899408,
    "eps": 0.46,
    "epsdiluted": 0.46,
    "weightedAverageShsOut": 577000000,
    "weightedAverageShsOutDil": 578000000,
    "link": "https://www.sec.gov/Archives/edgar/data/1031296/000103129625000042/0001031296-25-000042-index.htm",
    "finalLink": "https://www.sec.gov/Archives/edgar/data/53456/000103129625000042/fe-20250630.htm"
  },
  {
    "date": "2025-03-31",
    "symbol": "FE",
    "reportedCurrency": "USD",
    "cik": "0001031296",
    "fillingDate": "2025-04-30",
    "acceptedDate": "2025-04-30 17:12:28",
    "calendarYear": "2025",
    "period": "Q1",
    "revenue": 3765000000,
    "costOfRevenue": 1237000000,
    "grossProfit": 2528000000,
    "grossProfitRatio": 0.6714475432,
    "researchAndDevelopmentExpenses": 0,
    "generalAndAdministrativeExpenses": 0,
    "sellingAndMarketingExpenses": 0,
    "sellingGeneralAndAdministrativeExpenses": 0,
    "otherExpenses": 1774000000,
    "operatingExpenses": 1774000000,
    "costAndExpenses": 3011000000,
    "interestIncome": 0,
    "interestExpense": 250000000,
    "depreciationAndAmortization": 411000000,
    "ebitda": 1201000000,
    "ebitdaratio": 0.3189907039,
    "operatingIncome": 754000000,
    "operatingIncomeRatio": 0.2002656042,
    "totalOtherIncomeExpensesNet": -214000000,
    "incomeBeforeTax": 540000000,
    "incomeBeforeTaxRatio": 0.1434262948,
    "incomeTaxExpense": 126000000,
    "netIncome": 360000000,
    "netIncomeRatio": 0.0956175299,
    "eps": 0.62,
    "epsdiluted": 0.62,
    "weightedAverageShsOut": 577000000,
    "weightedAverageShsOutDil": 578000000,
    "link": "https://www.sec.gov/Archives/edgar/data/1031296/000103129625000017/0001031296-25-000017-index.htm",
    "finalLink": "https://www.sec.gov/Archives/edgar/data/53456/000103129625000017/fe-20250331.htm"
  },
  {
    "date": "2024-12-31",
    "symbol": "FE",
    "reportedCurrency": "USD",
    "cik": "0001031296",
    "fillingDate": "2025-02-27",
    "acceptedDate": "2025-02-27 17:23:08",
    "calendarYear": "2024",
    "period": "Q4",
    "revenue": 3176000000,
    "costOfRevenue": 1005000000,
    "grossProfit": 2171000000,
    "grossProfitRatio": 0.6835642317,
    "researchAndDevelopmentExpenses": 0,
    "generalAndAdministrativeExpenses": 0,
    "sellingAndMarketingExpenses": 0,
    "sellingGeneralAndAdministrativeExpenses": 0,
    "otherExpenses": 1558000000,
    "operatingExpenses": 1558000000,
    "costAndExpenses": 2563000000,
    "interestIncome": 0,
    "interestExpense": 239000000,
    "depreciationAndAmortization": 403000000,
    "ebitda": 1021000000,
    "ebitdaratio": 0.3214735516,
    "operatingIncome": 613000000,
    "operatingIncomeRatio": 0.1930100756,
    "totalOtherIncomeExpensesNet": -234000000,
    "incomeBeforeTax": 379000000,
    "incomeBeforeTaxRatio": 0.1193324937,
    "incomeTaxExpense": 83000000,
    "netIncome": 261000000,
    "netIncomeRatio": 0.0821788413,
    "eps": 0,
    "epsdiluted": 0,
    "weightedAverageShsOut": 575500000,
    "weightedAverageShsOutDil": 576612000,
    "link": "https://www.sec.gov/Archives/edgar/data/1031296/000103129625000006/0001031296-25-000006-index.htm",
    "finalLink": "https://www.sec.gov/Archives/edgar/data/1031296/000103129625000006/fe-20241231.htm"
  },
  {
    "date": "2024-09-30",
    "symbol": "FE",
    "reportedCurrency": "USD",
    "cik": "0001031296",
    "fillingDate": "2024-10-29",
    "acceptedDate": "2024-10-29 16:28:08",
    "calendarYear": "2024",
    "period": "Q3",
    "revenue": 3729000000,
    "costOfRevenue": 1225000000,
    "grossProfit": 2504000000,
    "grossProfitRatio": 0.671493698,
    "researchAndDevelopmentExpenses": 0,
    "generalAndAdministrativeExpenses": 0,
    "sellingAndMarketingExpenses": 0,
    "sellingGeneralAndAdministrativeExpenses": 0,
    "otherExpenses": 1777000000,
    "operatingExpenses": 1777000000,
    "costAndExpenses": 3002000000,
    "interestIncome": 0,
    "interestExpense": 241000000,
    "depreciationAndAmortization": 434000000,
    "ebitda": 1235000000,
    "ebitdaratio": 0.3311879861,
    "operatingIncome": 727000000,
    "operatingIncomeRatio": 0.1949584339,
    "totalOtherIncomeExpensesNet": -167000000,
    "incomeBeforeTax": 560000000,
    "incomeBeforeTaxRatio": 0.1501743095,
    "incomeTaxExpense": 94000000,
    "netIncome": 419000000,
    "netIncomeRatio": 0.1123625637,
    "eps": 0.73,
    "epsdiluted": 0.73,
    "weightedAverageShsOut": 576000000,
    "weightedAverageShsOutDil": 577000000,
    "link": "https://www.sec.gov/Archives/edgar/data/1031296/000103129624000055/0001031296-24-000055-index.htm",
    "finalLink": "https://www.sec.gov/Archives/edgar/data/1031296/000103129624000055/fe-20240930.htm"
  },
  {
    "date": "2024-06-30",
    "symbol": "FE",
    "reportedCurrency": "USD",
    "cik": "0001031296",
    "fillingDate": "2024-07-30",
    "acceptedDate": "2024-07-30 16:53:44",
    "calendarYear": "2024",
    "period": "Q2",
    "revenue": 3280000000,
    "costOfRevenue": 1005000000,
    "grossProfit": 2275000000,
    "grossProfitRatio": 0.693597561,
    "researchAndDevelopmentExpenses": 0,
    "generalAndAdministrativeExpenses": 0,
    "sellingAndMarketingExpenses": 0,
    "sellingGeneralAndAdministrativeExpenses": 0,
    "otherExpenses": 1852000000,
    "operatingExpenses": 1852000000,
    "costAndExpenses": 2857000000,
    "interestIncome": 0,
    "interestExpense": 256000000,
    "depreciationAndAmortization": 487000000,
    "ebitda": 906000000,
    "ebitdaratio": 0.2762195122,
    "operatingIncome": 423000000,
    "operatingIncomeRatio": 0.1289634146,
    "totalOtherIncomeExpensesNet": -260000000,
    "incomeBeforeTax": 163000000,
    "incomeBeforeTaxRatio": 0.049695122,
    "incomeTaxExpense": 65000000,
    "netIncome": 45000000,
    "netIncomeRatio": 0.0137195122,
    "eps": 0.08,
    "epsdiluted": 0.08,
    "weightedAverageShsOut": 575000000,
    "weightedAverageShsOutDil": 576000000,
    "link": "https://www.sec.gov/Archives/edgar/data/1031296/000103129624000043/0001031296-24-000043-index.htm",
    "finalLink": "https://www.sec.gov/Archives/edgar/data/1031296/000103129624000043/fe-20240630.htm"
  },
  {
    "date": "2024-03-31",
    "symbol": "FE",
    "reportedCurrency": "USD",
    "cik": "0001031296",
    "fillingDate": "2024-04-25",
    "acceptedDate": "2024-04-25 16:45:05",
    "calendarYear": "2024",
    "period": "Q1",
    "revenue": 3287000000,
    "costOfRevenue": 1141000000,
    "grossProfit": 2146000000,
    "grossProfitRatio": 0.652874962,
    "researchAndDevelopmentExpenses": 0,
    "generalAndAdministrativeExpenses": 0,
    "sellingAndMarketingExpenses": 0,
    "sellingGeneralAndAdministrativeExpenses": 0,
    "otherExpenses": 1534000000,
    "operatingExpenses": 1534000000,
    "costAndExpenses": 2675000000,
    "interestIncome": 0,
    "interestExpense": 275000000,
    "depreciationAndAmortization": 276000000,
    "ebitda": 953000000,
    "ebitdaratio": 0.2899300274,
    "operatingIncome": 612000000,
    "operatingIncomeRatio": 0.1861880134,
    "totalOtherIncomeExpensesNet": -210000000,
    "incomeBeforeTax": 402000000,
    "incomeBeforeTaxRatio": 0.1222999696,
    "incomeTaxExpense": 135000000,
    "netIncome": 253000000,
    "netIncomeRatio": 0.0769698814,
    "eps": 0.44,
    "epsdiluted": 0.44,
    "weightedAverageShsOut": 574000000,
    "weightedAverageShsOutDil": 576000000,
    "link": "https://www.sec.gov/Archives/edgar/data/1031296/000103129624000026/0001031296-24-000026-index.htm",
    "finalLink": "https://www.sec.gov/Archives/edgar/data/1031296/000103129624000026/fe-20240331.htm"
  },
  {
    "date": "2023-12-31",
    "symbol": "FE",
    "reportedCurrency": "USD",
    "cik": "0001031296",
    "fillingDate": "2024-02-13",
    "acceptedDate": "2024-02-13 07:00:38",
    "calendarYear": "2023",
    "period": "Q4",
    "revenue": 3146000000,
    "costOfRevenue": 1034000000,
    "grossProfit": 2112000000,
    "grossProfitRatio": 0.6713286713,
    "researchAndDevelopmentExpenses": 0,
    "generalAndAdministrativeExpenses": 137000000,
    "sellingAndMarketingExpenses": 0,
    "sellingGeneralAndAdministrativeExpenses": 137000000,
    "otherExpenses": 1407000000,
    "operatingExpenses": 1544000000,
    "costAndExpenses": 2578000000,
    "interestIncome": 0,
    "interestExpense": 268000000,
    "depreciationAndAmortization": 387000000,
    "ebitda": 921000000,
    "ebitdaratio": 0.2927527018,
    "operatingIncome": 568000000,
    "operatingIncomeRatio": 0.180546726,
    "totalOtherIncomeExpensesNet": -302000000,
    "incomeBeforeTax": 266000000,
    "incomeBeforeTaxRatio": 0.0845518118,
    "incomeTaxExpense": 74000000,
    "netIncome": 175000000,
    "netIncomeRatio": 0.055626192,
    "eps": 0,
    "epsdiluted": 0,
    "weightedAverageShsOut": 574335396,
    "weightedAverageShsOutDil": 574335396,
    "link": "https://www.sec.gov/Archives/edgar/data/1031296/000103129624000008/0001031296-24-000008-index.htm",
    "finalLink": "https://www.sec.gov/Archives/edgar/data/1031296/000103129624000008/fe-20231231.htm"
  },
  {
    "date": "2023-09-30",
    "symbol": "FE",
    "reportedCurrency": "USD",
    "cik": "0001031296",
    "fillingDate": "2023-10-26",
    "acceptedDate": "2023-10-26 16:37:31",
    "calendarYear": "2023",
    "period": "Q3",
    "revenue": 3487000000,
    "costOfRevenue": 1321000000,
    "grossProfit": 2166000000,
    "grossProfitRatio": 0.6211643246,
    "researchAndDevelopmentExpenses": 0,
    "generalAndAdministrativeExpenses": 0,
    "sellingAndMarketingExpenses": 0,
    "sellingGeneralAndAdministrativeExpenses": 0,
    "otherExpenses": 1500000000,
    "operatingExpenses": 1500000000,
    "costAndExpenses": 2821000000,
    "interestIncome": 0,
    "interestExpense": 263000000,
    "depreciationAndAmortization": 226000000,
    "ebitda": 971000000,
    "ebitdaratio": 0.2784628621,
    "operatingIncome": 666000000,
    "operatingIncomeRatio": 0.1909951247,
    "totalOtherIncomeExpensesNet": -196000000,
    "incomeBeforeTax": 470000000,
    "incomeBeforeTaxRatio": 0.1347863493,
    "incomeTaxExpense": 29000000,
    "netIncome": 400000000,
    "netIncomeRatio": 0.1147117866,
    "eps": 0.7,
    "epsdiluted": 0.69,
    "weightedAverageShsOut": 573000000,
    "weightedAverageShsOutDil": 574000000,
    "link": "https://www.sec.gov/Archives/edgar/data/1031296/000103129623000061/0001031296-23-000061-index.htm",
    "finalLink": "https://www.sec.gov/Archives/edgar/data/1031296/000103129623000061/fe-20230930.htm"
  },
  {
    "date": "2023-06-30",
    "symbol": "FE",
    "reportedCurrency": "USD",
    "cik": "0001031296",
    "fillingDate": "2023-08-01",
    "acceptedDate": "2023-08-01 16:24:19",
    "calendarYear": "2023",
    "period": "Q2",
    "revenue": 3006000000,
    "costOfRevenue": 1034000000,
    "grossProfit": 1972000000,
    "grossProfitRatio": 0.6560212908,
    "researchAndDevelopmentExpenses": 0,
    "generalAndAdministrativeExpenses": -59000000,
    "sellingAndMarketingExpenses": 0,
    "sellingGeneralAndAdministrativeExpenses": -59000000,
    "otherExpenses": 1550000000,
    "operatingExpenses": 1491000000,
    "costAndExpenses": 2525000000,
    "interestIncome": 0,
    "interestExpense": 254000000,
    "depreciationAndAmortization": 370000000,
    "ebitda": 952000000,
    "ebitdaratio": 0.3166999335,
    "operatingIncome": 481000000,
    "operatingIncomeRatio": 0.1600133067,
    "totalOtherIncomeExpensesNet": -153000000,
    "incomeBeforeTax": 328000000,
    "incomeBeforeTaxRatio": 0.1091151031,
    "incomeTaxExpense": 74000000,
    "netIncome": 235000000,
    "netIncomeRatio": 0.0781769794,
    "eps": 0.41,
    "epsdiluted": 0.41,
    "weightedAverageShsOut": 573000000,
    "weightedAverageShsOutDil": 574000000,
    "link": "https://www.sec.gov/Archives/edgar/data/1031296/000103129623000054/0001031296-23-000054-index.htm",
    "finalLink": "https://www.sec.gov/Archives/edgar/data/1031296/000103129623000054/fe-20230630.htm"
  },
  {
    "date": "2023-03-31",
    "symbol": "FE",
    "reportedCurrency": "USD",
    "cik": "0001031296",
    "fillingDate": "2023-04-27",
    "acceptedDate": "2023-04-27 16:47:54",
    "calendarYear": "2023",
    "period": "Q1",
    "revenue": 3231000000,
    "costOfRevenue": 1257000000,
    "grossProfit": 1974000000,
    "grossProfitRatio": 0.6109563603,
    "researchAndDevelopmentExpenses": 0,
    "generalAndAdministrativeExpenses": 0,
    "sellingAndMarketingExpenses": 0,
    "sellingGeneralAndAdministrativeExpenses": 0,
    "otherExpenses": 1423000000,
    "operatingExpenses": 1423000000,
    "costAndExpenses": 2680000000,
    "interestIncome": 0,
    "interestExpense": 242000000,
    "depreciationAndAmortization": 287000000,
    "ebitda": 929000000,
    "ebitdaratio": 0.2875270814,
    "operatingIncome": 551000000,
    "operatingIncomeRatio": 0.1705354379,
    "totalOtherIncomeExpensesNet": -151000000,
    "incomeBeforeTax": 400000000,
    "incomeBeforeTaxRatio": 0.1238006809,
    "incomeTaxExpense": 90000000,
    "netIncome": 292000000,
    "netIncomeRatio": 0.0903744971,
    "eps": 0.51,
    "epsdiluted": 0.51,
    "weightedAverageShsOut": 572000000,
    "weightedAverageShsOutDil": 573000000,
    "link": "https://www.sec.gov/Archives/edgar/data/1031296/000103129623000032/0001031296-23-000032-index.htm",
    "finalLink": "https://www.sec.gov/Archives/edgar/data/1031296/000103129623000032/fe-20230331.htm"
  },
  {
    "date": "2022-12-31",
    "symbol": "FE",
    "reportedCurrency": "USD",
    "cik": "0001031296",
    "fillingDate": "2023-02-13",
    "acceptedDate": "2023-02-13 17:01:49",
    "calendarYear": "2022",
    "period": "Q4",
    "revenue": 3177000000,
    "costOfRevenue": 1268000000,
    "grossProfit": 1909000000,
    "grossProfitRatio": 0.6008813346,
    "researchAndDevelopmentExpenses": 0,
    "generalAndAdministrativeExpenses": 0,
    "sellingAndMarketingExpenses": 0,
    "sellingGeneralAndAdministrativeExpenses": 0,
    "otherExpenses": 1510000000,
    "operatingExpenses": 1510000000,
    "costAndExpenses": 2778000000,
    "interestIncome": 0,
    "interestExpense": 226000000,
    "depreciationAndAmortization": 242000000,
    "ebitda": 863000000,
    "ebitdaratio": 0.2716399119,
    "operatingIncome": 399000000,
    "operatingIncomeRatio": 0.1255901794,
    "totalOtherIncomeExpensesNet": -21000000,
    "incomeBeforeTax": 378000000,
    "incomeBeforeTaxRatio": 0.11898017,
    "incomeTaxExpense": 763000000,
    "netIncome": -403000000,
    "netIncomeRatio": -0.1268492288,
    "eps": 0,
    "epsdiluted": 0,
    "weightedAverageShsOut": 572000000,
    "weightedAverageShsOutDil": 572000000,
    "link": "https://www.sec.gov/Archives/edgar/data/1031296/000103129623000014/0001031296-23-000014-index.htm",
    "finalLink": "https://www.sec.gov/Archives/edgar/data/1031296/000103129623000014/fe-20221231.htm"
  },
  {
    "date": "2022-09-30",
    "symbol": "FE",
    "reportedCurrency": "USD",
    "cik": "0001031296",
    "fillingDate": "2022-10-25",
    "acceptedDate": "2022-10-25 16:26:45",
    "calendarYear": "2022",
    "period": "Q3",
    "revenue": 3475000000,
    "costOfRevenue": 1318000000,
    "grossProfit": 2157000000,
    "grossProfitRatio": 0.6207194245,
    "researchAndDevelopmentExpenses": 0,
    "generalAndAdministrativeExpenses": 0,
    "sellingAndMarketingExpenses": 0,
    "sellingGeneralAndAdministrativeExpenses": 0,
    "otherExpenses": 1652000000,
    "operatingExpenses": 1652000000,
    "costAndExpenses": 2970000000,
    "interestIncome": 0,
    "interestExpense": 225000000,
    "depreciationAndAmortization": 348000000,
    "ebitda": 1022000000,
    "ebitdaratio": 0.2941007194,
    "operatingIncome": 505000000,
    "operatingIncomeRatio": 0.145323741,
    "totalOtherIncomeExpensesNet": -56000000,
    "incomeBeforeTax": 449000000,
    "incomeBeforeTaxRatio": 0.1292086331,
    "incomeTaxExpense": 105000000,
    "netIncome": 334000000,
    "netIncomeRatio": 0.0961151079,
    "eps": 0.58,
    "epsdiluted": 0.58,
    "weightedAverageShsOut": 571000000,
    "weightedAverageShsOutDil": 572000000,
    "link": "https://www.sec.gov/Archives/edgar/data/1031296/000103129622000069/0001031296-22-000069-index.htm",
    "finalLink": "https://www.sec.gov/Archives/edgar/data/1031296/000103129622000069/fe-20220930.htm"
  },
  {
    "date": "2022-06-30",
    "symbol": "FE",
    "reportedCurrency": "USD",
    "cik": "0001031296",
    "fillingDate": "2022-07-26",
    "acceptedDate": "2022-07-26 16:28:18",
    "calendarYear": "2022",
    "period": "Q2",
    "revenue": 2818000000,
    "costOfRevenue": 992000000,
    "grossProfit": 1826000000,
    "grossProfitRatio": 0.6479772889,
    "researchAndDevelopmentExpenses": 0,
    "generalAndAdministrativeExpenses": 0,
    "sellingAndMarketingExpenses": 0,
    "sellingGeneralAndAdministrativeExpenses": 0,
    "otherExpenses": 1379000000,
    "operatingExpenses": 1379000000,
    "costAndExpenses": 2371000000,
    "interestIncome": 0,
    "interestExpense": 248000000,
    "depreciationAndAmortization": 219000000,
    "ebitda": 719000000,
    "ebitdaratio": 0.2551454933,
    "operatingIncome": 447000000,
    "operatingIncomeRatio": 0.158623137,
    "totalOtherIncomeExpensesNet": -206000000,
    "incomeBeforeTax": 241000000,
    "incomeBeforeTaxRatio": 0.0855216466,
    "incomeTaxExpense": 49000000,
    "netIncome": 187000000,
    "netIncomeRatio": 0.0663591199,
    "eps": 0.33,
    "epsdiluted": 0.33,
    "weightedAverageShsOut": 571000000,
    "weightedAverageShsOutDil": 572000000,
    "link": "https://www.sec.gov/Archives/edgar/data/1031296/000103129622000053/0001031296-22-000053-index.htm",
    "finalLink": "https://www.sec.gov/Archives/edgar/data/1031296/000103129622000053/fe-20220630.htm"
  },
  {
    "date": "2022-03-31",
    "symbol": "FE",
    "reportedCurrency": "USD",
    "cik": "0001031296",
    "fillingDate": "2022-04-21",
    "acceptedDate": "2022-04-21 16:30:41",
    "calendarYear": "2022",
    "period": "Q1",
    "revenue": 2989000000,
    "costOfRevenue": 1015000000,
    "grossProfit": 1974000000,
    "grossProfitRatio": 0.6604215457,
    "researchAndDevelopmentExpenses": 0,
    "generalAndAdministrativeExpenses": 0,
    "sellingAndMarketingExpenses": 0,
    "sellingGeneralAndAdministrativeExpenses": 0,
    "otherExpenses": 1415000000,
    "operatingExpenses": 1415000000,
    "costAndExpenses": 2430000000,
    "interestIncome": 0,
    "interestExpense": 256000000,
    "depreciationAndAmortization": 360000000,
    "ebitda": 987000000,
    "ebitdaratio": 0.3302107728,
    "operatingIncome": 559000000,
    "operatingIncomeRatio": 0.1870190699,
    "totalOtherIncomeExpensesNet": -188000000,
    "incomeBeforeTax": 371000000,
    "incomeBeforeTaxRatio": 0.1241217799,
    "incomeTaxExpense": 83000000,
    "netIncome": 288000000,
    "netIncomeRatio": 0.0963532954,
    "eps": 0.51,
    "epsdiluted": 0.5,
    "weightedAverageShsOut": 570000000,
    "weightedAverageShsOutDil": 571000000,
    "link": "https://www.sec.gov/Archives/edgar/data/1031296/000103129622000020/0001031296-22-000020-index.htm",
    "finalLink": "https://www.sec.gov/Archives/edgar/data/1031296/000103129622000020/fe-20220331.htm"
  },
  {
    "date": "2021-12-31",
    "symbol": "FE",
    "reportedCurrency": "USD",
    "cik": "0001031296",
    "fillingDate": "2022-02-16",
    "acceptedDate": "2022-02-16 16:21:58",
    "calendarYear": "2021",
    "period": "Q4",
    "revenue": 2660000000,
    "costOfRevenue": 877000000,
    "grossProfit": 1783000000,
    "grossProfitRatio": 0.6703007519,
    "researchAndDevelopmentExpenses": 0,
    "generalAndAdministrativeExpenses": 0,
    "sellingAndMarketingExpenses": 0,
    "sellingGeneralAndAdministrativeExpenses": -382000000,
    "otherExpenses": 1941000000,
    "operatingExpenses": 1559000000,
    "costAndExpenses": 2436000000,
    "interestIncome": 0,
    "interestExpense": 265000000,
    "depreciationAndAmortization": 439000000,
    "ebitda": 1183000000,
    "ebitdaratio": 0.4447368421,
    "operatingIncome": 224000000,
    "operatingIncomeRatio": 0.0842105263,
    "totalOtherIncomeExpensesNet": 255000000,
    "incomeBeforeTax": 479000000,
    "incomeBeforeTaxRatio": 0.180075188,
    "incomeTaxExpense": 49000000,
    "netIncome": 427000000,
    "netIncomeRatio": 0.1605263158,
    "eps": 0,
    "epsdiluted": 0,
    "weightedAverageShsOut": 548000000,
    "weightedAverageShsOutDil": 549000000,
    "link": "https://www.sec.gov/Archives/edgar/data/1031296/000103129622000013/0001031296-22-000013-index.htm",
    "finalLink": "https://www.sec.gov/Archives/edgar/data/1031296/000103129622000013/fe-20211231.htm"
  },
  {
    "date": "2021-09-30",
    "symbol": "FE",
    "reportedCurrency": "USD",
    "cik": "0001031296",
    "fillingDate": "2021-10-28",
    "acceptedDate": "2021-10-28 16:24:10",
    "calendarYear": "2021",
    "period": "Q3",
    "revenue": 3124000000,
    "costOfRevenue": 1006000000,
    "grossProfit": 2118000000,
    "grossProfitRatio": 0.6779769526,
    "researchAndDevelopmentExpenses": 0,
    "generalAndAdministrativeExpenses": 0,
    "sellingAndMarketingExpenses": 0,
    "sellingGeneralAndAdministrativeExpenses": 0,
    "otherExpenses": 1487000000,
    "operatingExpenses": 1487000000,
    "costAndExpenses": 2493000000,
    "interestIncome": 0,
    "interestExpense": 263000000,
    "depreciationAndAmortization": 388000000,
    "ebitda": 1155000000,
    "ebitdaratio": 0.3697183099,
    "operatingIncome": 631000000,
    "operatingIncomeRatio": 0.2019846351,
    "totalOtherIncomeExpensesNet": -127000000,
    "incomeBeforeTax": 504000000,
    "incomeBeforeTaxRatio": 0.1613316261,
    "incomeTaxExpense": 88000000,
    "netIncome": 463000000,
    "netIncomeRatio": 0.1482074264,
    "eps": 0.85,
    "epsdiluted": 0.85,
    "weightedAverageShsOut": 544000000,
    "weightedAverageShsOutDil": 545000000,
    "link": "https://www.sec.gov/Archives/edgar/data/1031296/000103129621000087/0001031296-21-000087-index.htm",
    "finalLink": "https://www.sec.gov/Archives/edgar/data/1031296/000103129621000087/fe-20210930.htm"
  },
  {
    "date": "2021-06-30",
    "symbol": "FE",
    "reportedCurrency": "USD",
    "cik": "0001031296",
    "fillingDate": "2021-07-22",
    "acceptedDate": "2021-07-22 16:28:36",
    "calendarYear": "2021",
    "period": "Q2",
    "revenue": 2622000000,
    "costOfRevenue": 726000000,
    "grossProfit": 1896000000,
    "grossProfitRatio": 0.7231121281,
    "researchAndDevelopmentExpenses": 0,
    "generalAndAdministrativeExpenses": 0,
    "sellingAndMarketingExpenses": 0,
    "sellingGeneralAndAdministrativeExpenses": 0,
    "otherExpenses": 1584000000,
    "operatingExpenses": 1584000000,
    "costAndExpenses": 2310000000,
    "interestIncome": 0,
    "interestExpense": 266000000,
    "depreciationAndAmortization": 377000000,
    "ebitda": 797000000,
    "ebitdaratio": 0.3039664378,
    "operatingIncome": 312000000,
    "operatingIncomeRatio": 0.118993135,
    "totalOtherIncomeExpensesNet": -158000000,
    "incomeBeforeTax": 154000000,
    "incomeBeforeTaxRatio": 0.058733791,
    "incomeTaxExpense": 96000000,
    "netIncome": 58000000,
    "netIncomeRatio": 0.0221205187,
    "eps": 0.11,
    "epsdiluted": 0.11,
    "weightedAverageShsOut": 544000000,
    "weightedAverageShsOutDil": 545000000,
    "link": "https://www.sec.gov/Archives/edgar/data/1031296/000103129621000075/0001031296-21-000075-index.htm",
    "finalLink": "https://www.sec.gov/Archives/edgar/data/1031296/000103129621000075/fe-20210630.htm"
  },
  {
    "date": "2021-03-31",
    "symbol": "FE",
    "reportedCurrency": "USD",
    "cik": "0001031296",
    "fillingDate": "2021-04-22",
    "acceptedDate": "2021-04-22 16:24:15",
    "calendarYear": "2021",
    "period": "Q1",
    "revenue": 2726000000,
    "costOfRevenue": 836000000,
    "grossProfit": 1890000000,
    "grossProfitRatio": 0.693323551,
    "researchAndDevelopmentExpenses": 0,
    "generalAndAdministrativeExpenses": 0,
    "sellingAndMarketingExpenses": 0,
    "sellingGeneralAndAdministrativeExpenses": 0,
    "otherExpenses": 1331000000,
    "operatingExpenses": 1331000000,
    "costAndExpenses": 2167000000,
    "interestIncome": 0,
    "interestExpense": 272000000,
    "depreciationAndAmortization": 454000000,
    "ebitda": 1148000000,
    "ebitdaratio": 0.4211298606,
    "operatingIncome": 559000000,
    "operatingIncomeRatio": 0.2050623624,
    "totalOtherIncomeExpensesNet": -137000000,
    "incomeBeforeTax": 422000000,
    "incomeBeforeTaxRatio": 0.1548055759,
    "incomeTaxExpense": 87000000,
    "netIncome": 335000000,
    "netIncomeRatio": 0.1228906823,
    "eps": 0.62,
    "epsdiluted": 0.62,
    "weightedAverageShsOut": 543000000,
    "weightedAverageShsOutDil": 544000000,
    "link": "https://www.sec.gov/Archives/edgar/data/1031296/000103129621000047/0001031296-21-000047-index.htm",
    "finalLink": "https://www.sec.gov/Archives/edgar/data/1031296/000103129621000047/fe-20210331.htm"
  },
  {
    "date": "2020-12-31",
    "symbol": "FE",
    "reportedCurrency": "USD",
    "cik": "0001031296",
    "fillingDate": "2021-02-18",
    "acceptedDate": "2021-02-18 06:50:45",
    "calendarYear": "2020",
    "period": "Q4",
    "revenue": 2537000000,
    "costOfRevenue": 721000000,
    "grossProfit": 1816000000,
    "grossProfitRatio": 0.7158060702,
    "researchAndDevelopmentExpenses": 0,
    "generalAndAdministrativeExpenses": 54000000,
    "sellingAndMarketingExpenses": 0,
    "sellingGeneralAndAdministrativeExpenses": 54000000,
    "otherExpenses": 1368000000,
    "operatingExpenses": 1422000000,
    "costAndExpenses": 2143000000,
    "interestIncome": 0,
    "interestExpense": 253000000,
    "depreciationAndAmortization": 395000000,
    "ebitda": 864000000,
    "ebitdaratio": 0.3405597162,
    "operatingIncome": 394000000,
    "operatingIncomeRatio": 0.1553015372,
    "totalOtherIncomeExpensesNet": -178000000,
    "incomeBeforeTax": 216000000,
    "incomeBeforeTaxRatio": 0.0851399291,
    "incomeTaxExpense": 4000000,
    "netIncome": 242000000,
    "netIncomeRatio": 0.0953882538,
    "eps": 0,
    "epsdiluted": 0,
    "weightedAverageShsOut": 542000000,
    "weightedAverageShsOutDil": 543000000,
    "link": "https://www.sec.gov/Archives/edgar/data/1031296/000103129621000020/0001031296-21-000020-index.htm",
    "finalLink": "https://www.sec.gov/Archives/edgar/data/1031296/000103129621000020/fe-20201231.htm"
  },
  {
    "date": "2020-09-30",
    "symbol": "FE",
    "reportedCurrency": "USD",
    "cik": "0001031296",
    "fillingDate": "2020-11-19",
    "acceptedDate": "2020-11-19 17:07:26",
    "calendarYear": "2020",
    "period": "Q3",
    "revenue": 3022000000,
    "costOfRevenue": 867000000,
    "grossProfit": 2155000000,
    "grossProfitRatio": 0.7131039047,
    "researchAndDevelopmentExpenses": 0,
    "generalAndAdministrativeExpenses": 0,
    "sellingAndMarketingExpenses": 0,
    "sellingGeneralAndAdministrativeExpenses": 0,
    "otherExpenses": 1434000000,
    "operatingExpenses": 1434000000,
    "costAndExpenses": 2301000000,
    "interestIncome": 0,
    "interestExpense": 245000000,
    "depreciationAndAmortization": 225000000,
    "ebitda": 1059000000,
    "ebitdaratio": 0.3504301787,
    "operatingIncome": 721000000,
    "operatingIncomeRatio": 0.2385837194,
    "totalOtherIncomeExpensesNet": -145000000,
    "incomeBeforeTax": 576000000,
    "incomeBeforeTaxRatio": 0.1906022502,
    "incomeTaxExpense": 116000000,
    "netIncome": 454000000,
    "netIncomeRatio": 0.1502316347,
    "eps": 0.84,
    "epsdiluted": 0.84,
    "weightedAverageShsOut": 542000000,
    "weightedAverageShsOutDil": 543000000,
    "link": "https://www.sec.gov/Archives/edgar/data/1031296/000103129620000045/0001031296-20-000045-index.htm",
    "finalLink": "https://www.sec.gov/Archives/edgar/data/1031296/000103129620000045/fe-20200930.htm"
  },
  {
    "date": "2020-06-30",
    "symbol": "FE",
    "reportedCurrency": "USD",
    "cik": "0001031296",
    "fillingDate": "2020-08-17",
    "acceptedDate": "2020-08-17 06:01:30",
    "calendarYear": "2020",
    "period": "Q2",
    "revenue": 2522000000,
    "costOfRevenue": 690000000,
    "grossProfit": 1832000000,
    "grossProfitRatio": 0.726407613,
    "researchAndDevelopmentExpenses": 0,
    "generalAndAdministrativeExpenses": 0,
    "sellingAndMarketingExpenses": 0,
    "sellingGeneralAndAdministrativeExpenses": 0,
    "otherExpenses": 1317000000,
    "operatingExpenses": 1317000000,
    "costAndExpenses": 2007000000,
    "interestIncome": 0,
    "interestExpense": 245000000,
    "depreciationAndAmortization": 334000000,
    "ebitda": 963000000,
    "ebitdaratio": 0.3818398097,
    "operatingIncome": 515000000,
    "operatingIncomeRatio": 0.2042030135,
    "totalOtherIncomeExpensesNet": -142000000,
    "incomeBeforeTax": 373000000,
    "incomeBeforeTaxRatio": 0.1478984933,
    "incomeTaxExpense": 66000000,
    "netIncome": 309000000,
    "netIncomeRatio": 0.1225218081,
    "eps": 0.57,
    "epsdiluted": 0.57,
    "weightedAverageShsOut": 542000000,
    "weightedAverageShsOutDil": 543000000,
    "link": "https://www.sec.gov/Archives/edgar/data/1031296/000103129620000030/0001031296-20-000030-index.htm",
    "finalLink": "https://www.sec.gov/Archives/edgar/data/1031296/000103129620000030/fe-20200630.htm"
  },
  {
    "date": "2020-03-31",
    "symbol": "FE",
    "reportedCurrency": "USD",
    "cik": "0001031296",
    "fillingDate": "2020-04-23",
    "acceptedDate": "2020-04-23 17:27:35",
    "calendarYear": "2020",
    "period": "Q1",
    "revenue": 2709000000,
    "costOfRevenue": 792000000,
    "grossProfit": 1917000000,
    "grossProfitRatio": 0.707641196,
    "researchAndDevelopmentExpenses": 0,
    "generalAndAdministrativeExpenses": 423000000,
    "sellingAndMarketingExpenses": 0,
    "sellingGeneralAndAdministrativeExpenses": 423000000,
    "otherExpenses": 962000000,
    "operatingExpenses": 1385000000,
    "costAndExpenses": 2177000000,
    "interestIncome": 0,
    "interestExpense": 245000000,
    "depreciationAndAmortization": 369000000,
    "ebitda": 589000000,
    "ebitdaratio": 0.2174234035,
    "operatingIncome": 532000000,
    "operatingIncomeRatio": 0.1963824289,
    "totalOtherIncomeExpensesNet": -568000000,
    "incomeBeforeTax": -36000000,
    "incomeBeforeTaxRatio": -0.0132890365,
    "incomeTaxExpense": -60000000,
    "netIncome": 74000000,
    "netIncomeRatio": 0.0273163529,
    "eps": 0.14,
    "epsdiluted": 0.14,
    "weightedAverageShsOut": 541000000,
    "weightedAverageShsOutDil": 543000000,
    "link": "https://www.sec.gov/Archives/edgar/data/1031296/000103129620000016/0001031296-20-000016-index.htm",
    "finalLink": "https://www.sec.gov/Archives/edgar/data/1031296/000103129620000016/fe-03312020x10q.htm"
  },
  {
    "date": "2019-12-31",
    "symbol": "FE",
    "reportedCurrency": "USD",
    "cik": "0001031296",
    "fillingDate": "2020-02-10",
    "acceptedDate": "2020-02-10 07:13:59",
    "calendarYear": "2019",
    "period": "Q4",
    "revenue": 2673000000,
    "costOfRevenue": 852000000,
    "grossProfit": 1821000000,
    "grossProfitRatio": 0.6812570146,
    "researchAndDevelopmentExpenses": 0,
    "generalAndAdministrativeExpenses": 0,
    "sellingAndMarketingExpenses": 0,
    "sellingGeneralAndAdministrativeExpenses": 0,
    "otherExpenses": 1206000000,
    "operatingExpenses": 1206000000,
    "costAndExpenses": 2058000000,
    "interestIncome": 0,
    "interestExpense": 242000000,
    "depreciationAndAmortization": 148000000,
    "ebitda": 151000000,
    "ebitdaratio": 0.0564908343,
    "operatingIncome": 615000000,
    "operatingIncomeRatio": 0.2300785634,
    "totalOtherIncomeExpensesNet": -864000000,
    "incomeBeforeTax": -249000000,
    "incomeBeforeTaxRatio": -0.0931537598,
    "incomeTaxExpense": -68000000,
    "netIncome": -111000000,
    "netIncomeRatio": -0.0415263749,
    "eps": 0,
    "epsdiluted": 0,
    "weightedAverageShsOut": 541000000,
    "weightedAverageShsOutDil": 545000000,
    "link": "https://www.sec.gov/Archives/edgar/data/1031296/000103129620000008/0001031296-20-000008-index.htm",
    "finalLink": "https://www.sec.gov/Archives/edgar/data/1031296/000103129620000008/fe-12312019x10k.htm"
  },
  {
    "date": "2019-09-30",
    "symbol": "FE",
    "reportedCurrency": "USD",
    "cik": "0001031296",
    "fillingDate": "2019-11-04",
    "acceptedDate": "2019-11-04 06:39:10",
    "calendarYear": "2019",
    "period": "Q3",
    "revenue": 2963000000,
    "costOfRevenue": 920000000,
    "grossProfit": 2043000000,
    "grossProfitRatio": 0.6895038812,
    "researchAndDevelopmentExpenses": 0,
    "generalAndAdministrativeExpenses": 0,
    "sellingAndMarketingExpenses": 0,
    "sellingGeneralAndAdministrativeExpenses": 0,
    "otherExpenses": 1362000000,
    "operatingExpenses": 1362000000,
    "costAndExpenses": 2282000000,
    "interestIncome": 0,
    "interestExpense": 242000000,
    "depreciationAndAmortization": 367000000,
    "ebitda": 1105000000,
    "ebitdaratio": 0.3729328383,
    "operatingIncome": 681000000,
    "operatingIncomeRatio": 0.2298346271,
    "totalOtherIncomeExpensesNet": -185000000,
    "incomeBeforeTax": 496000000,
    "incomeBeforeTaxRatio": 0.1673979075,
    "incomeTaxExpense": 107000000,
    "netIncome": 391000000,
    "netIncomeRatio": 0.1319608505,
    "eps": 0.73,
    "epsdiluted": 0.72,
    "weightedAverageShsOut": 538000000,
    "weightedAverageShsOutDil": 542000000,
    "link": "https://www.sec.gov/Archives/edgar/data/1031296/000103129619000045/0001031296-19-000045-index.htm",
    "finalLink": "https://www.sec.gov/Archives/edgar/data/1031296/000103129619000045/fe-09302019x10q.htm"
  },
  {
    "date": "2019-06-30",
    "symbol": "FE",
    "reportedCurrency": "USD",
    "cik": "0001031296",
    "fillingDate": "2019-07-23",
    "acceptedDate": "2019-07-23 16:59:48",
    "calendarYear": "2019",
    "period": "Q2",
    "revenue": 2516000000,
    "costOfRevenue": 740000000,
    "grossProfit": 1776000000,
    "grossProfitRatio": 0.7058823529,
    "researchAndDevelopmentExpenses": 0,
    "generalAndAdministrativeExpenses": 0,
    "sellingAndMarketingExpenses": 0,
    "sellingGeneralAndAdministrativeExpenses": 0,
    "otherExpenses": 1191000000,
    "operatingExpenses": 1191000000,
    "costAndExpenses": 1931000000,
    "interestIncome": 0,
    "interestExpense": 243000000,
    "depreciationAndAmortization": 357000000,
    "ebitda": 1022000000,
    "ebitdaratio": 0.406200318,
    "operatingIncome": 585000000,
    "operatingIncomeRatio": 0.2325119237,
    "totalOtherIncomeExpensesNet": -163000000,
    "incomeBeforeTax": 422000000,
    "incomeBeforeTaxRatio": 0.1677265501,
    "incomeTaxExpense": 81000000,
    "netIncome": 312000000,
    "netIncomeRatio": 0.1240063593,
    "eps": 0.58,
    "epsdiluted": 0.58,
    "weightedAverageShsOut": 532000000,
    "weightedAverageShsOutDil": 533000000,
    "link": "https://www.sec.gov/Archives/edgar/data/1031296/000103129619000034/0001031296-19-000034-index.htm",
    "finalLink": "https://www.sec.gov/Archives/edgar/data/1031296/000103129619000034/fe-06302019x10q.htm"
  },
  {
    "date": "2019-03-31",
    "symbol": "FE",
    "reportedCurrency": "USD",
    "cik": "0001031296",
    "fillingDate": "2019-04-23",
    "acceptedDate": "2019-04-23 17:13:01",
    "calendarYear": "2019",
    "period": "Q1",
    "revenue": 2883000000,
    "costOfRevenue": 912000000,
    "grossProfit": 1971000000,
    "grossProfitRatio": 0.6836628512,
    "researchAndDevelopmentExpenses": 0,
    "generalAndAdministrativeExpenses": 0,
    "sellingAndMarketingExpenses": 0,
    "sellingGeneralAndAdministrativeExpenses": 0,
    "otherExpenses": 1342000000,
    "operatingExpenses": 1342000000,
    "costAndExpenses": 2254000000,
    "interestIncome": 0,
    "interestExpense": 235000000,
    "depreciationAndAmortization": 345000000,
    "ebitda": 1028000000,
    "ebitdaratio": 0.3565730142,
    "operatingIncome": 629000000,
    "operatingIncomeRatio": 0.2181755116,
    "totalOtherIncomeExpensesNet": -181000000,
    "incomeBeforeTax": 448000000,
    "incomeBeforeTaxRatio": 0.1553936871,
    "incomeTaxExpense": 93000000,
    "netIncome": 320000000,
    "netIncomeRatio": 0.1109954908,
    "eps": 0.59,
    "epsdiluted": 0.59,
    "weightedAverageShsOut": 530000000,
    "weightedAverageShsOutDil": 533000000,
    "link": "https://www.sec.gov/Archives/edgar/data/1031296/000103129619000021/0001031296-19-000021-index.htm",
    "finalLink": "https://www.sec.gov/Archives/edgar/data/1031296/000103129619000021/fe-03312019x10q.htm"
  },
  {
    "date": "2018-12-31",
    "symbol": "FE",
    "reportedCurrency": "USD",
    "cik": "0001031296",
    "fillingDate": "2019-02-19",
    "acceptedDate": "2019-02-19 16:50:00",
    "calendarYear": "2018",
    "period": "Q4",
    "revenue": 2710000000,
    "costOfRevenue": 850000000,
    "grossProfit": 1860000000,
    "grossProfitRatio": 0.6863468635,
    "researchAndDevelopmentExpenses": 0,
    "generalAndAdministrativeExpenses": 144000000,
    "sellingAndMarketingExpenses": 0,
    "sellingGeneralAndAdministrativeExpenses": 0,
    "otherExpenses": 1348000000,
    "operatingExpenses": 1348000000,
    "costAndExpenses": 2198000000,
    "interestIncome": 0,
    "interestExpense": 240000000,
    "depreciationAndAmortization": 381000000,
    "ebitda": 790000000,
    "ebitdaratio": 0.2915129151,
    "operatingIncome": 512000000,
    "operatingIncomeRatio": 0.1889298893,
    "totalOtherIncomeExpensesNet": -343000000,
    "incomeBeforeTax": 169000000,
    "incomeBeforeTaxRatio": 0.0623616236,
    "incomeTaxExpense": -13000000,
    "netIncome": 138000000,
    "netIncomeRatio": 0.0509225092,
    "eps": 0.25,
    "epsdiluted": 0.25,
    "weightedAverageShsOut": 513000000,
    "weightedAverageShsOutDil": 515000000,
    "link": "https://www.sec.gov/Archives/edgar/data/1031296/000103129619000010/0001031296-19-000010-index.htm",
    "finalLink": "https://www.sec.gov/Archives/edgar/data/1031296/000103129619000010/fe-12312018x10k.htm"
  },
  {
    "date": "2018-09-30",
    "symbol": "FE",
    "reportedCurrency": "USD",
    "cik": "0001031296",
    "fillingDate": "2018-10-25",
    "acceptedDate": "2018-10-25 16:50:13",
    "calendarYear": "2018",
    "period": "Q3",
    "revenue": 3064000000,
    "costOfRevenue": 1013000000,
    "grossProfit": 2051000000,
    "grossProfitRatio": 0.669386423,
    "researchAndDevelopmentExpenses": 0,
    "generalAndAdministrativeExpenses": 0,
    "sellingAndMarketingExpenses": 0,
    "sellingGeneralAndAdministrativeExpenses": 0,
    "otherExpenses": 1341000000,
    "operatingExpenses": 1341000000,
    "costAndExpenses": 2354000000,
    "interestIncome": 0,
    "interestExpense": 239000000,
    "depreciationAndAmortization": 399000000,
    "ebitda": 1158000000,
    "ebitdaratio": 0.3779373368,
    "operatingIncome": 710000000,
    "operatingIncomeRatio": 0.2317232376,
    "totalOtherIncomeExpensesNet": -190000000,
    "incomeBeforeTax": 520000000,
    "incomeBeforeTaxRatio": 0.1697127937,
    "incomeTaxExpense": 121000000,
    "netIncome": -458000000,
    "netIncomeRatio": -0.1494778068,
    "eps": -1.02,
    "epsdiluted": -1.02,
    "weightedAverageShsOut": 503000000,
    "weightedAverageShsOutDil": 505000000,
    "link": "https://www.sec.gov/Archives/edgar/data/1031296/000103129618000067/0001031296-18-000067-index.htm",
    "finalLink": "https://www.sec.gov/Archives/edgar/data/1031296/000103129618000067/fe-09302018x10q.htm"
  },
  {
    "date": "2018-06-30",
    "symbol": "FE",
    "reportedCurrency": "USD",
    "cik": "0001031296",
    "fillingDate": "2018-07-31",
    "acceptedDate": "2018-07-31 17:19:40",
    "calendarYear": "2018",
    "period": "Q2",
    "revenue": 2704000000,
    "costOfRevenue": 825000000,
    "grossProfit": 1800000000,
    "grossProfitRatio": 0.6656804734,
    "researchAndDevelopmentExpenses": 0,
    "generalAndAdministrativeExpenses": 0,
    "sellingAndMarketingExpenses": 0,
    "sellingGeneralAndAdministrativeExpenses": 0,
    "otherExpenses": 1100000000,
    "operatingExpenses": 1100000000,
    "costAndExpenses": 1925000000,
    "interestIncome": 0,
    "interestExpense": 339000000,
    "depreciationAndAmortization": 324000000,
    "ebitda": 1072000000,
    "ebitdaratio": 0.3964497041,
    "operatingIncome": 700000000,
    "operatingIncomeRatio": 0.2588757396,
    "totalOtherIncomeExpensesNet": -291000000,
    "incomeBeforeTax": 409000000,
    "incomeBeforeTaxRatio": 0.1512573964,
    "incomeTaxExpense": 101000000,
    "netIncome": 299000000,
    "netIncomeRatio": 0.1105769231,
    "eps": 0.28,
    "epsdiluted": 0.28,
    "weightedAverageShsOut": 477000000,
    "weightedAverageShsOutDil": 479000000,
    "link": "https://www.sec.gov/Archives/edgar/data/1031296/000103129618000051/0001031296-18-000051-index.htm",
    "finalLink": "https://www.sec.gov/Archives/edgar/data/1031296/000103129618000051/fe-06302018x10q.htm"
  },
  {
    "date": "2018-03-31",
    "symbol": "FE",
    "reportedCurrency": "USD",
    "cik": "0001031296",
    "fillingDate": "2018-04-23",
    "acceptedDate": "2018-04-23 16:30:04",
    "calendarYear": "2018",
    "period": "Q1",
    "revenue": 2976000000,
    "costOfRevenue": 959000000,
    "grossProfit": 1903000000,
    "grossProfitRatio": 0.6394489247,
    "researchAndDevelopmentExpenses": 0,
    "generalAndAdministrativeExpenses": 0,
    "sellingAndMarketingExpenses": 0,
    "sellingGeneralAndAdministrativeExpenses": 0,
    "otherExpenses": 1323000000,
    "operatingExpenses": 1323000000,
    "costAndExpenses": 2282000000,
    "interestIncome": 0,
    "interestExpense": 246000000,
    "depreciationAndAmortization": 280000000,
    "ebitda": 927000000,
    "ebitdaratio": 0.3114919355,
    "operatingIncome": 580000000,
    "operatingIncomeRatio": 0.1948924731,
    "totalOtherIncomeExpensesNet": -167000000,
    "incomeBeforeTax": 414000000,
    "incomeBeforeTaxRatio": 0.1391129032,
    "incomeTaxExpense": 233000000,
    "netIncome": 1369000000,
    "netIncomeRatio": 0.4600134409,
    "eps": 2.55,
    "epsdiluted": 2.54,
    "weightedAverageShsOut": 476000000,
    "weightedAverageShsOutDil": 478000000,
    "link": "https://www.sec.gov/Archives/edgar/data/1031296/000103129618000031/0001031296-18-000031-index.htm",
    "finalLink": "https://www.sec.gov/Archives/edgar/data/1031296/000103129618000031/fe-03312018x10q.htm"
  },
  {
    "date": "2017-12-31",
    "symbol": "FE",
    "reportedCurrency": "USD",
    "cik": "0001031296",
    "fillingDate": "2018-02-20",
    "acceptedDate": "2018-02-20 16:54:49",
    "calendarYear": "2017",
    "period": "Q4",
    "revenue": 3442000000,
    "costOfRevenue": 1044000000,
    "grossProfit": 2398000000,
    "grossProfitRatio": 0.6966879721,
    "researchAndDevelopmentExpenses": 0,
    "generalAndAdministrativeExpenses": 141000000,
    "sellingAndMarketingExpenses": 0,
    "sellingGeneralAndAdministrativeExpenses": 0,
    "otherExpenses": 4228000000,
    "operatingExpenses": 4228000000,
    "costAndExpenses": 5272000000,
    "interestIncome": 0,
    "interestExpense": 276000000,
    "depreciationAndAmortization": 452000000,
    "ebitda": -1358000000,
    "ebitdaratio": -0.3945380593,
    "operatingIncome": -1830000000,
    "operatingIncomeRatio": -0.5316676351,
    "totalOtherIncomeExpensesNet": -256000000,
    "incomeBeforeTax": -2086000000,
    "incomeBeforeTaxRatio": -0.6060429983,
    "incomeTaxExpense": 413000000,
    "netIncome": -2499000000,
    "netIncomeRatio": -0.7260313771,
    "eps": -5.62,
    "epsdiluted": -5.62,
    "weightedAverageShsOut": 444000000,
    "weightedAverageShsOutDil": 444000000,
    "link": "https://www.sec.gov/Archives/edgar/data/1031296/000103129618000015/0001031296-18-000015-index.htm",
    "finalLink": "https://www.sec.gov/Archives/edgar/data/1031296/000103129618000015/fe-12312017x10k.htm"
  },
  {
    "date": "2017-09-30",
    "symbol": "FE",
    "reportedCurrency": "USD",
    "cik": "0001031296",
    "fillingDate": "2017-10-26",
    "acceptedDate": "2017-10-26 16:41:18",
    "calendarYear": "2017",
    "period": "Q3",
    "revenue": 3714000000,
    "costOfRevenue": 900000000,
    "grossProfit": 2010000000,
    "grossProfitRatio": 0.5411954766,
    "researchAndDevelopmentExpenses": 0,
    "generalAndAdministrativeExpenses": 0,
    "sellingAndMarketingExpenses": 0,
    "sellingGeneralAndAdministrativeExpenses": 0,
    "otherExpenses": 1277000000,
    "operatingExpenses": 1277000000,
    "costAndExpenses": 2177000000,
    "interestIncome": 0,
    "interestExpense": 249000000,
    "depreciationAndAmortization": 478000000,
    "ebitda": 1230000000,
    "ebitdaratio": 0.3311793215,
    "operatingIncome": 733000000,
    "operatingIncomeRatio": 0.1973613355,
    "totalOtherIncomeExpensesNet": -98000000,
    "incomeBeforeTax": 635000000,
    "incomeBeforeTaxRatio": 0.1709746904,
    "incomeTaxExpense": 239000000,
    "netIncome": 396000000,
    "netIncomeRatio": 0.1066235864,
    "eps": 0.89,
    "epsdiluted": 0.89,
    "weightedAverageShsOut": 444000000,
    "weightedAverageShsOutDil": 446000000,
    "link": "https://www.sec.gov/Archives/edgar/data/1031296/000103129617000056/0001031296-17-000056-index.htm",
    "finalLink": "https://www.sec.gov/Archives/edgar/data/1031296/000103129617000056/fe-09302017x10q.htm"
  },
  {
    "date": "2017-06-30",
    "symbol": "FE",
    "reportedCurrency": "USD",
    "cik": "0001031296",
    "fillingDate": "2017-07-27",
    "acceptedDate": "2017-07-27 17:06:16",
    "calendarYear": "2017",
    "period": "Q2",
    "revenue": 3309000000,
    "costOfRevenue": 813000000,
    "grossProfit": 1811000000,
    "grossProfitRatio": 0.5472952554,
    "researchAndDevelopmentExpenses": 0,
    "generalAndAdministrativeExpenses": 0,
    "sellingAndMarketingExpenses": 0,
    "sellingGeneralAndAdministrativeExpenses": 0,
    "otherExpenses": 1237000000,
    "operatingExpenses": 1237000000,
    "costAndExpenses": 2050000000,
    "interestIncome": 0,
    "interestExpense": 234000000,
    "depreciationAndAmortization": 413000000,
    "ebitda": 998000000,
    "ebitdaratio": 0.3016016924,
    "operatingIncome": 574000000,
    "operatingIncomeRatio": 0.173466304,
    "totalOtherIncomeExpensesNet": -283000000,
    "incomeBeforeTax": 291000000,
    "incomeBeforeTaxRatio": 0.0879419764,
    "incomeTaxExpense": 117000000,
    "netIncome": 174000000,
    "netIncomeRatio": 0.0525838622,
    "eps": 0.39,
    "epsdiluted": 0.39,
    "weightedAverageShsOut": 444000000,
    "weightedAverageShsOutDil": 445000000,
    "link": "https://www.sec.gov/Archives/edgar/data/1031296/000103129617000044/0001031296-17-000044-index.htm",
    "finalLink": "https://www.sec.gov/Archives/edgar/data/1031296/000103129617000044/fe-06302017x10q.htm"
  },
  {
    "date": "2017-03-31",
    "symbol": "FE",
    "reportedCurrency": "USD",
    "cik": "0001031296",
    "fillingDate": "2017-04-27",
    "acceptedDate": "2017-04-27 17:13:55",
    "calendarYear": "2017",
    "period": "Q1",
    "revenue": 3552000000,
    "costOfRevenue": 995000000,
    "grossProfit": 1860000000,
    "grossProfitRatio": 0.5236486486,
    "researchAndDevelopmentExpenses": 0,
    "generalAndAdministrativeExpenses": 0,
    "sellingAndMarketingExpenses": 0,
    "sellingGeneralAndAdministrativeExpenses": 0,
    "otherExpenses": 1232000000,
    "operatingExpenses": 1232000000,
    "costAndExpenses": 2227000000,
    "interestIncome": 0,
    "interestExpense": 233000000,
    "depreciationAndAmortization": 416000000,
    "ebitda": 1058000000,
    "ebitdaratio": 0.2978603604,
    "operatingIncome": 628000000,
    "operatingIncomeRatio": 0.1768018018,
    "totalOtherIncomeExpensesNet": -297000000,
    "incomeBeforeTax": 331000000,
    "incomeBeforeTaxRatio": 0.0931869369,
    "incomeTaxExpense": 126000000,
    "netIncome": 205000000,
    "netIncomeRatio": 0.057713964,
    "eps": 0.46,
    "epsdiluted": 0.46,
    "weightedAverageShsOut": 443000000,
    "weightedAverageShsOutDil": 444000000,
    "link": "https://www.sec.gov/Archives/edgar/data/1031296/000103129617000023/0001031296-17-000023-index.htm",
    "finalLink": "https://www.sec.gov/Archives/edgar/data/1031296/000103129617000023/fe-03312017x10q.htm"
  },
  {
    "date": "2016-12-31",
    "symbol": "FE",
    "reportedCurrency": "USD",
    "cik": "0001031296",
    "fillingDate": "2017-02-21",
    "acceptedDate": "2017-02-21 17:10:38",
    "calendarYear": "2016",
    "period": "Q4",
    "revenue": 3375000000,
    "costOfRevenue": 1218000000,
    "grossProfit": 2157000000,
    "grossProfitRatio": 0.6391111111,
    "researchAndDevelopmentExpenses": 0,
    "generalAndAdministrativeExpenses": 147000000,
    "sellingAndMarketingExpenses": 0,
    "sellingGeneralAndAdministrativeExpenses": 0,
    "otherExpenses": 11081000000,
    "operatingExpenses": 11081000000,
    "costAndExpenses": 12299000000,
    "interestIncome": 0,
    "interestExpense": 270000000,
    "depreciationAndAmortization": 557000000,
    "ebitda": -8358000000,
    "ebitdaratio": -2.4764444444,
    "operatingIncome": -8924000000,
    "operatingIncomeRatio": -2.6441481481,
    "totalOtherIncomeExpensesNet": -261000000,
    "incomeBeforeTax": -9185000000,
    "incomeBeforeTaxRatio": -2.7214814815,
    "incomeTaxExpense": -3389000000,
    "netIncome": -5796000000,
    "netIncomeRatio": -1.7173333333,
    "eps": -13.44,
    "epsdiluted": -13.44,
    "weightedAverageShsOut": 429000000,
    "weightedAverageShsOutDil": 429000000,
    "link": "https://www.sec.gov/Archives/edgar/data/1031296/000103129617000015/0001031296-17-000015-index.htm",
    "finalLink": "https://www.sec.gov/Archives/edgar/data/1031296/000103129617000015/fe-12312016x10k.htm"
  },
  {
    "date": "2016-09-30",
    "symbol": "FE",
    "reportedCurrency": "USD",
    "cik": "0001031296",
    "fillingDate": "2016-11-04",
    "acceptedDate": "2016-11-04 17:16:45",
    "calendarYear": "2016",
    "period": "Q3",
    "revenue": 3917000000,
    "costOfRevenue": 1429000000,
    "grossProfit": 2488000000,
    "grossProfitRatio": 0.6351799847,
    "researchAndDevelopmentExpenses": 0,
    "generalAndAdministrativeExpenses": 0,
    "sellingAndMarketingExpenses": 0,
    "sellingGeneralAndAdministrativeExpenses": 0,
    "otherExpenses": 1627000000,
    "operatingExpenses": 1627000000,
    "costAndExpenses": 3056000000,
    "interestIncome": 0,
    "interestExpense": 258000000,
    "depreciationAndAmortization": 527000000,
    "ebitda": 1416000000,
    "ebitdaratio": 0.3615011488,
    "operatingIncome": 861000000,
    "operatingIncomeRatio": 0.2198110799,
    "totalOtherIncomeExpensesNet": -230000000,
    "incomeBeforeTax": 631000000,
    "incomeBeforeTaxRatio": 0.161092673,
    "incomeTaxExpense": 251000000,
    "netIncome": 380000000,
    "netIncomeRatio": 0.0970130202,
    "eps": 0.89,
    "epsdiluted": 0.89,
    "weightedAverageShsOut": 425000000,
    "weightedAverageShsOutDil": 427000000,
    "link": "https://www.sec.gov/Archives/edgar/data/1031296/000103129616000121/0001031296-16-000121-index.htm",
    "finalLink": "https://www.sec.gov/Archives/edgar/data/1031296/000103129616000121/fe-09302016x10q.htm"
  },
  {
    "date": "2016-06-30",
    "symbol": "FE",
    "reportedCurrency": "USD",
    "cik": "0001031296",
    "fillingDate": "2016-07-28",
    "acceptedDate": "2016-07-28 16:58:46",
    "calendarYear": "2016",
    "period": "Q2",
    "revenue": 3401000000,
    "costOfRevenue": 1327000000,
    "grossProfit": 2074000000,
    "grossProfitRatio": 0.609820641,
    "researchAndDevelopmentExpenses": 0,
    "generalAndAdministrativeExpenses": 0,
    "sellingAndMarketingExpenses": 0,
    "sellingGeneralAndAdministrativeExpenses": 0,
    "otherExpenses": 3049000000,
    "operatingExpenses": 3049000000,
    "costAndExpenses": 4376000000,
    "interestIncome": 0,
    "interestExpense": 263000000,
    "depreciationAndAmortization": 489000000,
    "ebitda": -467000000,
    "ebitdaratio": -0.1373125551,
    "operatingIncome": -975000000,
    "operatingIncomeRatio": -0.2866803881,
    "totalOtherIncomeExpensesNet": -244000000,
    "incomeBeforeTax": -1219000000,
    "incomeBeforeTaxRatio": -0.3584239929,
    "incomeTaxExpense": -130000000,
    "netIncome": -1089000000,
    "netIncomeRatio": -0.3201999412,
    "eps": -2.56,
    "epsdiluted": -2.56,
    "weightedAverageShsOut": 425000000,
    "weightedAverageShsOutDil": 425000000,
    "link": "https://www.sec.gov/Archives/edgar/data/1031296/000103129616000102/0001031296-16-000102-index.htm",
    "finalLink": "https://www.sec.gov/Archives/edgar/data/1031296/000103129616000102/fe-06302016x10q.htm"
  },
  {
    "date": "2016-03-31",
    "symbol": "FE",
    "reportedCurrency": "USD",
    "cik": "0001031296",
    "fillingDate": "2016-04-26",
    "acceptedDate": "2016-04-26 16:51:16",
    "calendarYear": "2016",
    "period": "Q1",
    "revenue": 3869000000,
    "costOfRevenue": 1505000000,
    "grossProfit": 2364000000,
    "grossProfitRatio": 0.6110105971,
    "researchAndDevelopmentExpenses": 0,
    "generalAndAdministrativeExpenses": 0,
    "sellingAndMarketingExpenses": 0,
    "sellingGeneralAndAdministrativeExpenses": 0,
    "otherExpenses": 1588000000,
    "operatingExpenses": 1588000000,
    "costAndExpenses": 3093000000,
    "interestIncome": 0,
    "interestExpense": 263000000,
    "depreciationAndAmortization": 461000000,
    "ebitda": 1265000000,
    "ebitdaratio": 0.3269578703,
    "operatingIncome": 776000000,
    "operatingIncomeRatio": 0.2005686224,
    "totalOtherIncomeExpensesNet": -235000000,
    "incomeBeforeTax": 541000000,
    "incomeBeforeTaxRatio": 0.1398294133,
    "incomeTaxExpense": 213000000,
    "netIncome": 328000000,
    "netIncomeRatio": 0.084776428,
    "eps": 0.78,
    "epsdiluted": 0.77,
    "weightedAverageShsOut": 424000000,
    "weightedAverageShsOutDil": 426000000,
    "link": "https://www.sec.gov/Archives/edgar/data/1031296/000103129616000079/0001031296-16-000079-index.htm",
    "finalLink": "https://www.sec.gov/Archives/edgar/data/1031296/000103129616000079/fe-03312016x10q.htm"
  },
  {
    "date": "2015-12-31",
    "symbol": "FE",
    "reportedCurrency": "USD",
    "cik": "0001031296",
    "fillingDate": "2016-02-16",
    "acceptedDate": "2016-02-16 16:59:25",
    "calendarYear": "2015",
    "period": "Q4",
    "revenue": 3541000000,
    "costOfRevenue": 1484000000,
    "grossProfit": 2057000000,
    "grossProfitRatio": 0.5809093476,
    "researchAndDevelopmentExpenses": 0,
    "generalAndAdministrativeExpenses": 242000000,
    "sellingAndMarketingExpenses": 0,
    "sellingGeneralAndAdministrativeExpenses": 0,
    "otherExpenses": 1821000000,
    "operatingExpenses": 1821000000,
    "costAndExpenses": 3305000000,
    "interestIncome": 0,
    "interestExpense": 262000000,
    "depreciationAndAmortization": 685000000,
    "ebitda": 551000000,
    "ebitdaratio": 0.1556057611,
    "operatingIncome": 236000000,
    "operatingIncomeRatio": 0.0666478396,
    "totalOtherIncomeExpensesNet": -632000000,
    "incomeBeforeTax": -396000000,
    "incomeBeforeTaxRatio": -0.1118328156,
    "incomeTaxExpense": -170000000,
    "netIncome": -226000000,
    "netIncomeRatio": -0.0638237786,
    "eps": -0.53,
    "epsdiluted": -0.53,
    "weightedAverageShsOut": 422000000,
    "weightedAverageShsOutDil": 427000000,
    "link": "https://www.sec.gov/Archives/edgar/data/1031296/000103129616000071/0001031296-16-000071-index.htm",
    "finalLink": "https://www.sec.gov/Archives/edgar/data/1031296/000103129616000071/fe-12312015x10k.htm"
  },
  {
    "date": "2015-09-30",
    "symbol": "FE",
    "reportedCurrency": "USD",
    "cik": "0001031296",
    "fillingDate": "2015-10-29",
    "acceptedDate": "2015-10-29 16:45:39",
    "calendarYear": "2015",
    "period": "Q3",
    "revenue": 4123000000,
    "costOfRevenue": 1691000000,
    "grossProfit": 2432000000,
    "grossProfitRatio": 0.5898617512,
    "researchAndDevelopmentExpenses": 0,
    "generalAndAdministrativeExpenses": 0,
    "sellingAndMarketingExpenses": 0,
    "sellingGeneralAndAdministrativeExpenses": 0,
    "otherExpenses": 1524000000,
    "operatingExpenses": 1524000000,
    "costAndExpenses": 3215000000,
    "interestIncome": 0,
    "interestExpense": 259000000,
    "depreciationAndAmortization": 514000000,
    "ebitda": 1394000000,
    "ebitdaratio": 0.3381033228,
    "operatingIncome": 908000000,
    "operatingIncomeRatio": 0.2202279893,
    "totalOtherIncomeExpensesNet": -287000000,
    "incomeBeforeTax": 621000000,
    "incomeBeforeTaxRatio": 0.1506184817,
    "incomeTaxExpense": 226000000,
    "netIncome": 395000000,
    "netIncomeRatio": 0.0958040262,
    "eps": 0.94,
    "epsdiluted": 0.93,
    "weightedAverageShsOut": 423000000,
    "weightedAverageShsOutDil": 424000000,
    "link": "https://www.sec.gov/Archives/edgar/data/1031296/000103129615000059/0001031296-15-000059-index.htm",
    "finalLink": "https://www.sec.gov/Archives/edgar/data/1031296/000103129615000059/fe-09302015x10q.htm"
  },
  {
    "date": "2015-06-30",
    "symbol": "FE",
    "reportedCurrency": "USD",
    "cik": "0001031296",
    "fillingDate": "2015-07-30",
    "acceptedDate": "2015-07-30 16:30:14",
    "calendarYear": "2015",
    "period": "Q2",
    "revenue": 3465000000,
    "costOfRevenue": 1372000000,
    "grossProfit": 2093000000,
    "grossProfitRatio": 0.604040404,
    "researchAndDevelopmentExpenses": 0,
    "generalAndAdministrativeExpenses": 0,
    "sellingAndMarketingExpenses": 0,
    "sellingGeneralAndAdministrativeExpenses": 0,
    "otherExpenses": 1539000000,
    "operatingExpenses": 1539000000,
    "costAndExpenses": 2911000000,
    "interestIncome": 0,
    "interestExpense": 249000000,
    "depreciationAndAmortization": 444000000,
    "ebitda": 995000000,
    "ebitdaratio": 0.2871572872,
    "operatingIncome": 554000000,
    "operatingIncomeRatio": 0.1598845599,
    "totalOtherIncomeExpensesNet": -252000000,
    "incomeBeforeTax": 302000000,
    "incomeBeforeTaxRatio": 0.0871572872,
    "incomeTaxExpense": 115000000,
    "netIncome": 187000000,
    "netIncomeRatio": 0.053968254,
    "eps": 0.44,
    "epsdiluted": 0.44,
    "weightedAverageShsOut": 422000000,
    "weightedAverageShsOutDil": 423000000,
    "link": "https://www.sec.gov/Archives/edgar/data/1031296/000103129615000042/0001031296-15-000042-index.htm",
    "finalLink": "https://www.sec.gov/Archives/edgar/data/1031296/000103129615000042/fe-06302015x10q.htm"
  },
  {
    "date": "2015-03-31",
    "symbol": "FE",
    "reportedCurrency": "USD",
    "cik": "0001031296",
    "fillingDate": "2015-05-01",
    "acceptedDate": "2015-05-01 13:59:02",
    "calendarYear": "2015",
    "period": "Q1",
    "revenue": 3897000000,
    "costOfRevenue": 1626000000,
    "grossProfit": 2271000000,
    "grossProfitRatio": 0.5827559661,
    "researchAndDevelopmentExpenses": 0,
    "generalAndAdministrativeExpenses": 0,
    "sellingAndMarketingExpenses": 0,
    "sellingGeneralAndAdministrativeExpenses": 0,
    "otherExpenses": 1677000000,
    "operatingExpenses": 1677000000,
    "costAndExpenses": 3303000000,
    "interestIncome": 0,
    "interestExpense": 245000000,
    "depreciationAndAmortization": 425000000,
    "ebitda": 1036000000,
    "ebitdaratio": 0.2658455222,
    "operatingIncome": 594000000,
    "operatingIncomeRatio": 0.1524249423,
    "totalOtherIncomeExpensesNet": -228000000,
    "incomeBeforeTax": 366000000,
    "incomeBeforeTaxRatio": 0.0939183988,
    "incomeTaxExpense": 144000000,
    "netIncome": 222000000,
    "netIncomeRatio": 0.0569668976,
    "eps": 0.53,
    "epsdiluted": 0.53,
    "weightedAverageShsOut": 421000000,
    "weightedAverageShsOutDil": 423000000,
    "link": "https://www.sec.gov/Archives/edgar/data/1031296/000103129615000024/0001031296-15-000024-index.htm",
    "finalLink": "https://www.sec.gov/Archives/edgar/data/1031296/000103129615000024/fe-03312015x10q.htm"
  },
  {
    "date": "2014-12-31",
    "symbol": "FE",
    "reportedCurrency": "USD",
    "cik": "0001031296",
    "fillingDate": "2015-02-17",
    "acceptedDate": "2015-02-17 16:32:21",
    "calendarYear": "2014",
    "period": "Q4",
    "revenue": 3483000000,
    "costOfRevenue": 1559000000,
    "grossProfit": 1924000000,
    "grossProfitRatio": 0.5523973586,
    "researchAndDevelopmentExpenses": 0,
    "generalAndAdministrativeExpenses": 0,
    "sellingAndMarketingExpenses": 0,
    "sellingGeneralAndAdministrativeExpenses": 0,
    "otherExpenses": 2261000000,
    "operatingExpenses": 2261000000,
    "costAndExpenses": 3820000000,
    "interestIncome": 0,
    "interestExpense": 242000000,
    "depreciationAndAmortization": 436000000,
    "ebitda": 104000000,
    "ebitdaratio": 0.0298593167,
    "operatingIncome": -337000000,
    "operatingIncomeRatio": -0.0967556704,
    "totalOtherIncomeExpensesNet": -237000000,
    "incomeBeforeTax": -574000000,
    "incomeBeforeTaxRatio": -0.1648004594,
    "incomeTaxExpense": -268000000,
    "netIncome": -306000000,
    "netIncomeRatio": -0.0878552972,
    "eps": 0,
    "epsdiluted": 0,
    "weightedAverageShsOut": 423000000,
    "weightedAverageShsOutDil": 424000000,
    "link": "https://www.sec.gov/Archives/edgar/data/1031296/000103129615000011/0001031296-15-000011-index.htm",
    "finalLink": "https://www.sec.gov/Archives/edgar/data/1031296/000103129615000011/fe-12312014x10k.htm"
  },
  {
    "date": "2014-09-30",
    "symbol": "FE",
    "reportedCurrency": "USD",
    "cik": "0001031296",
    "fillingDate": "2014-11-04",
    "acceptedDate": "2014-11-04 14:29:54",
    "calendarYear": "2014",
    "period": "Q3",
    "revenue": 3888000000,
    "costOfRevenue": 1732000000,
    "grossProfit": 2156000000,
    "grossProfitRatio": 0.554526749,
    "researchAndDevelopmentExpenses": 0,
    "generalAndAdministrativeExpenses": 0,
    "sellingAndMarketingExpenses": 0,
    "sellingGeneralAndAdministrativeExpenses": 0,
    "otherExpenses": 1440000000,
    "operatingExpenses": 1440000000,
    "costAndExpenses": 3172000000,
    "interestIncome": 0,
    "interestExpense": 247000000,
    "depreciationAndAmortization": 381000000,
    "ebitda": 1113000000,
    "ebitdaratio": 0.2862654321,
    "operatingIncome": 716000000,
    "operatingIncomeRatio": 0.1841563786,
    "totalOtherIncomeExpensesNet": -231000000,
    "incomeBeforeTax": 485000000,
    "incomeBeforeTaxRatio": 0.1247427984,
    "incomeTaxExpense": 152000000,
    "netIncome": 333000000,
    "netIncomeRatio": 0.0856481481,
    "eps": 0.79,
    "epsdiluted": 0.79,
    "weightedAverageShsOut": 420000000,
    "weightedAverageShsOutDil": 421000000,
    "link": "https://www.sec.gov/Archives/edgar/data/1031296/000103129614000051/0001031296-14-000051-index.htm",
    "finalLink": "https://www.sec.gov/Archives/edgar/data/1031296/000103129614000051/fe-09302014x10q.htm"
  },
  {
    "date": "2014-06-30",
    "symbol": "FE",
    "reportedCurrency": "USD",
    "cik": "0001031296",
    "fillingDate": "2014-08-05",
    "acceptedDate": "2014-08-05 15:16:12",
    "calendarYear": "2014",
    "period": "Q2",
    "revenue": 3496000000,
    "costOfRevenue": 1633000000,
    "grossProfit": 1863000000,
    "grossProfitRatio": 0.5328947368,
    "researchAndDevelopmentExpenses": 0,
    "generalAndAdministrativeExpenses": 0,
    "sellingAndMarketingExpenses": 0,
    "sellingGeneralAndAdministrativeExpenses": 0,
    "otherExpenses": 1571000000,
    "operatingExpenses": 1571000000,
    "costAndExpenses": 3204000000,
    "interestIncome": 0,
    "interestExpense": 230000000,
    "depreciationAndAmortization": 382000000,
    "ebitda": 702000000,
    "ebitdaratio": 0.2008009153,
    "operatingIncome": 292000000,
    "operatingIncomeRatio": 0.0835240275,
    "totalOtherIncomeExpensesNet": -202000000,
    "incomeBeforeTax": 90000000,
    "incomeBeforeTaxRatio": 0.0257437071,
    "incomeTaxExpense": 26000000,
    "netIncome": 64000000,
    "netIncomeRatio": 0.0183066362,
    "eps": 0.16,
    "epsdiluted": 0.15,
    "weightedAverageShsOut": 420000000,
    "weightedAverageShsOutDil": 421000000,
    "link": "https://www.sec.gov/Archives/edgar/data/1031296/000103129614000042/0001031296-14-000042-index.htm",
    "finalLink": "https://www.sec.gov/Archives/edgar/data/1031296/000103129614000042/fe-06302014x10q.htm"
  },
  {
    "date": "2014-03-31",
    "symbol": "FE",
    "reportedCurrency": "USD",
    "cik": "0001031296",
    "fillingDate": "2014-05-06",
    "acceptedDate": "2014-05-06 15:23:29",
    "calendarYear": "2014",
    "period": "Q1",
    "revenue": 4189000000,
    "costOfRevenue": 2072000000,
    "grossProfit": 2110000000,
    "grossProfitRatio": 0.5037001671,
    "researchAndDevelopmentExpenses": 0,
    "generalAndAdministrativeExpenses": 0,
    "sellingAndMarketingExpenses": 0,
    "sellingGeneralAndAdministrativeExpenses": 0,
    "otherExpenses": 1719000000,
    "operatingExpenses": 1719000000,
    "costAndExpenses": 3791000000,
    "interestIncome": 0,
    "interestExpense": 243000000,
    "depreciationAndAmortization": 351000000,
    "ebitda": 757000000,
    "ebitdaratio": 0.180711387,
    "operatingIncome": 391000000,
    "operatingIncomeRatio": 0.0933396992,
    "totalOtherIncomeExpensesNet": -221000000,
    "incomeBeforeTax": 170000000,
    "incomeBeforeTaxRatio": 0.0405824779,
    "incomeTaxExpense": 48000000,
    "netIncome": 208000000,
    "netIncomeRatio": 0.0496538553,
    "eps": 0.5,
    "epsdiluted": 0.49,
    "weightedAverageShsOut": 419000000,
    "weightedAverageShsOutDil": 420000000,
    "link": "https://www.sec.gov/Archives/edgar/data/1031296/000103129614000021/0001031296-14-000021-index.htm",
    "finalLink": "https://www.sec.gov/Archives/edgar/data/1031296/000103129614000021/fe-03312014x10q.htm"
  },
  {
    "date": "2013-12-31",
    "symbol": "FE",
    "reportedCurrency": "USD",
    "cik": "0001031296",
    "fillingDate": "2014-02-27",
    "acceptedDate": "2014-02-27 15:10:55",
    "calendarYear": "2013",
    "period": "Q4",
    "revenue": 3647000000,
    "costOfRevenue": 1612000000,
    "grossProfit": 2035000000,
    "grossProfitRatio": 0.5579928709,
    "researchAndDevelopmentExpenses": 0,
    "generalAndAdministrativeExpenses": -256000000,
    "sellingAndMarketingExpenses": 0,
    "sellingGeneralAndAdministrativeExpenses": 0,
    "otherExpenses": 1634000000,
    "operatingExpenses": 1634000000,
    "costAndExpenses": 3246000000,
    "interestIncome": 0,
    "interestExpense": 221000000,
    "depreciationAndAmortization": 346000000,
    "ebitda": 775000000,
    "ebitdaratio": 0.2125034275,
    "operatingIncome": 401000000,
    "operatingIncomeRatio": 0.1099533863,
    "totalOtherIncomeExpensesNet": -179000000,
    "incomeBeforeTax": 208000000,
    "incomeBeforeTaxRatio": 0.057033178,
    "incomeTaxExpense": 66000000,
    "netIncome": 142000000,
    "netIncomeRatio": 0.0389361119,
    "eps": 0.34,
    "epsdiluted": 0.34,
    "weightedAverageShsOut": 418000000,
    "weightedAverageShsOutDil": 419000000,
    "link": "https://www.sec.gov/Archives/edgar/data/1031296/000103129614000010/0001031296-14-000010-index.htm",
    "finalLink": "https://www.sec.gov/Archives/edgar/data/1031296/000103129614000010/fe-12312013x10k.htm"
  },
  {
    "date": "2013-09-30",
    "symbol": "FE",
    "reportedCurrency": "USD",
    "cik": "0001031296",
    "fillingDate": "2013-11-05",
    "acceptedDate": "2013-11-05 15:02:41",
    "calendarYear": "2013",
    "period": "Q3",
    "revenue": 4036000000,
    "costOfRevenue": 1777000000,
    "grossProfit": 2255000000,
    "grossProfitRatio": 0.5587215064,
    "researchAndDevelopmentExpenses": 0,
    "generalAndAdministrativeExpenses": 0,
    "sellingAndMarketingExpenses": 0,
    "sellingGeneralAndAdministrativeExpenses": 0,
    "otherExpenses": 1747000000,
    "operatingExpenses": 1747000000,
    "costAndExpenses": 3524000000,
    "interestIncome": 0,
    "interestExpense": 240000000,
    "depreciationAndAmortization": 374000000,
    "ebitda": 896000000,
    "ebitdaratio": 0.2220019822,
    "operatingIncome": 508000000,
    "operatingIncomeRatio": 0.1258671952,
    "totalOtherIncomeExpensesNet": -222000000,
    "incomeBeforeTax": 286000000,
    "incomeBeforeTaxRatio": 0.0708622398,
    "incomeTaxExpense": 77000000,
    "netIncome": 218000000,
    "netIncomeRatio": 0.0540138751,
    "eps": 0.52,
    "epsdiluted": 0.52,
    "weightedAverageShsOut": 418000000,
    "weightedAverageShsOutDil": 419000000,
    "link": "https://www.sec.gov/Archives/edgar/data/1031296/000103129613000054/0001031296-13-000054-index.htm",
    "finalLink": "https://www.sec.gov/Archives/edgar/data/1031296/000103129613000054/fe-09302013x10q.htm"
  },
  {
    "date": "2013-06-30",
    "symbol": "FE",
    "reportedCurrency": "USD",
    "cik": "0001031296",
    "fillingDate": "2013-08-06",
    "acceptedDate": "2013-08-06 14:48:45",
    "calendarYear": "2013",
    "period": "Q2",
    "revenue": 3519000000,
    "costOfRevenue": 1494000000,
    "grossProfit": 2013000000,
    "grossProfitRatio": 0.5720375107,
    "researchAndDevelopmentExpenses": 0,
    "generalAndAdministrativeExpenses": 0,
    "sellingAndMarketingExpenses": 0,
    "sellingGeneralAndAdministrativeExpenses": 0,
    "otherExpenses": 1971000000,
    "operatingExpenses": 1971000000,
    "costAndExpenses": 3465000000,
    "interestIncome": 0,
    "interestExpense": 237000000,
    "depreciationAndAmortization": 345000000,
    "ebitda": 348000000,
    "ebitdaratio": 0.0988917306,
    "operatingIncome": 42000000,
    "operatingIncomeRatio": 0.0119352089,
    "totalOtherIncomeExpensesNet": -284000000,
    "incomeBeforeTax": -222000000,
    "incomeBeforeTaxRatio": -0.063086104,
    "incomeTaxExpense": -58000000,
    "netIncome": -164000000,
    "netIncomeRatio": -0.0466041489,
    "eps": -0.39,
    "epsdiluted": -0.39,
    "weightedAverageShsOut": 418000000,
    "weightedAverageShsOutDil": 418000000,
    "link": "https://www.sec.gov/Archives/edgar/data/1031296/000103129613000034/0001031296-13-000034-index.htm",
    "finalLink": "https://www.sec.gov/Archives/edgar/data/1031296/000103129613000034/fe-06302013x10q.htm"
  },
  {
    "date": "2013-03-31",
    "symbol": "FE",
    "reportedCurrency": "USD",
    "cik": "0001031296",
    "fillingDate": "2013-05-07",
    "acceptedDate": "2013-05-07 16:16:49",
    "calendarYear": "2013",
    "period": "Q1",
    "revenue": 3729000000,
    "costOfRevenue": 1576000000,
    "grossProfit": 2147000000,
    "grossProfitRatio": 0.5757575758,
    "researchAndDevelopmentExpenses": 0,
    "generalAndAdministrativeExpenses": 0,
    "sellingAndMarketingExpenses": 0,
    "sellingGeneralAndAdministrativeExpenses": 0,
    "otherExpenses": 1499000000,
    "operatingExpenses": 1499000000,
    "costAndExpenses": 3075000000,
    "interestIncome": 0,
    "interestExpense": 241000000,
    "depreciationAndAmortization": 346000000,
    "ebitda": 895000000,
    "ebitdaratio": 0.2400107267,
    "operatingIncome": 648000000,
    "operatingIncomeRatio": 0.1737731295,
    "totalOtherIncomeExpensesNet": -342000000,
    "incomeBeforeTax": 312000000,
    "incomeBeforeTaxRatio": 0.0836685438,
    "incomeTaxExpense": 116000000,
    "netIncome": 196000000,
    "netIncomeRatio": 0.0525610083,
    "eps": 0.47,
    "epsdiluted": 0.47,
    "weightedAverageShsOut": 418000000,
    "weightedAverageShsOutDil": 419000000,
    "link": "https://www.sec.gov/Archives/edgar/data/1031296/000103129613000015/0001031296-13-000015-index.htm",
    "finalLink": "https://www.sec.gov/Archives/edgar/data/1031296/000103129613000015/fe-03312013x10q.htm"
  },
  {
    "date": "2012-12-31",
    "symbol": "FE",
    "reportedCurrency": "USD",
    "cik": "0001031296",
    "fillingDate": "2013-02-25",
    "acceptedDate": "2013-02-25 15:09:18",
    "calendarYear": "2012",
    "period": "Q4",
    "revenue": 3045000000,
    "costOfRevenue": 1060000000,
    "grossProfit": 1985000000,
    "grossProfitRatio": 0.6518883415,
    "researchAndDevelopmentExpenses": 0,
    "generalAndAdministrativeExpenses": 0,
    "sellingAndMarketingExpenses": 0,
    "sellingGeneralAndAdministrativeExpenses": -1973000000,
    "otherExpenses": 3992000000,
    "operatingExpenses": 2019000000,
    "costAndExpenses": 3079000000,
    "interestIncome": 0,
    "interestExpense": 0,
    "depreciationAndAmortization": 475000000,
    "ebitda": 401000000,
    "ebitdaratio": 0.1316912972,
    "operatingIncome": -34000000,
    "operatingIncomeRatio": -0.0111658456,
    "totalOtherIncomeExpensesNet": -219000000,
    "incomeBeforeTax": -253000000,
    "incomeBeforeTaxRatio": -0.0830870279,
    "incomeTaxExpense": -105000000,
    "netIncome": -148000000,
    "netIncomeRatio": -0.0486042693,
    "eps": 0,
    "epsdiluted": 0,
    "weightedAverageShsOut": 418000000,
    "weightedAverageShsOutDil": 419000000,
    "link": "https://www.sec.gov/Archives/edgar/data/1031296/000103129613000010/0001031296-13-000010-index.htm",
    "finalLink": "https://www.sec.gov/Archives/edgar/data/53456/000103129613000010/fe-12312012x10k.htm"
  },
  {
    "date": "2012-09-30",
    "symbol": "FE",
    "reportedCurrency": "USD",
    "cik": "0001031296",
    "fillingDate": "2012-11-08",
    "acceptedDate": "2012-11-08 14:35:38",
    "calendarYear": "2012",
    "period": "Q3",
    "revenue": 4311000000,
    "costOfRevenue": 1699000000,
    "grossProfit": 2353000000,
    "grossProfitRatio": 0.5458130364,
    "researchAndDevelopmentExpenses": 0,
    "generalAndAdministrativeExpenses": 0,
    "sellingAndMarketingExpenses": 0,
    "sellingGeneralAndAdministrativeExpenses": 856000000,
    "otherExpenses": 595000000,
    "operatingExpenses": 1451000000,
    "costAndExpenses": 3150000000,
    "interestIncome": 18000000,
    "interestExpense": 230000000,
    "depreciationAndAmortization": 320000000,
    "ebitda": 1261000000,
    "ebitdaratio": 0.2925075389,
    "operatingIncome": 902000000,
    "operatingIncomeRatio": 0.2092321967,
    "totalOtherIncomeExpensesNet": -173000000,
    "incomeBeforeTax": 734000000,
    "incomeBeforeTaxRatio": 0.1702621202,
    "incomeTaxExpense": 309000000,
    "netIncome": 425000000,
    "netIncomeRatio": 0.0985850151,
    "eps": 1.02,
    "epsdiluted": 1.01,
    "weightedAverageShsOut": 417000000,
    "weightedAverageShsOutDil": 419000000,
    "link": "https://www.sec.gov/Archives/edgar/data/1031296/000103129612000052/0001031296-12-000052-index.htm",
    "finalLink": "https://www.sec.gov/Archives/edgar/data/1031296/000103129612000052/fe-9302012x10q.htm"
  },
  {
    "date": "2012-06-30",
    "symbol": "FE",
    "reportedCurrency": "USD",
    "cik": "0001031296",
    "fillingDate": "2012-08-07",
    "acceptedDate": "2012-08-07 14:58:45",
    "calendarYear": "2012",
    "period": "Q2",
    "revenue": 3869000000,
    "costOfRevenue": 1698000000,
    "grossProfit": 2057000000,
    "grossProfitRatio": 0.5316619281,
    "researchAndDevelopmentExpenses": 0,
    "generalAndAdministrativeExpenses": 0,
    "sellingAndMarketingExpenses": 0,
    "sellingGeneralAndAdministrativeExpenses": 914000000,
    "otherExpenses": 586000000,
    "operatingExpenses": 1500000000,
    "costAndExpenses": 3198000000,
    "interestIncome": 19000000,
    "interestExpense": 274000000,
    "depreciationAndAmortization": 333000000,
    "ebitda": 903000000,
    "ebitdaratio": 0.2333936418,
    "operatingIncome": 557000000,
    "operatingIncomeRatio": 0.1439648488,
    "totalOtherIncomeExpensesNet": -242000000,
    "incomeBeforeTax": 315000000,
    "incomeBeforeTaxRatio": 0.0814163867,
    "incomeTaxExpense": 127000000,
    "netIncome": 187000000,
    "netIncomeRatio": 0.0483329026,
    "eps": 0.45,
    "epsdiluted": 0.45,
    "weightedAverageShsOut": 417000000,
    "weightedAverageShsOutDil": 419000000,
    "link": "https://www.sec.gov/Archives/edgar/data/1031296/000103129612000040/0001031296-12-000040-index.htm",
    "finalLink": "https://www.sec.gov/Archives/edgar/data/53456/000103129612000040/fe-6302012x10q.htm"
  },
  {
    "date": "2012-03-31",
    "symbol": "FE",
    "reportedCurrency": "USD",
    "cik": "0001031296",
    "fillingDate": "2012-05-01",
    "acceptedDate": "2012-05-01 15:14:36",
    "calendarYear": "2012",
    "period": "Q1",
    "revenue": 4078000000,
    "costOfRevenue": 1800000000,
    "grossProfit": 2190000000,
    "grossProfitRatio": 0.5370279549,
    "researchAndDevelopmentExpenses": 0,
    "generalAndAdministrativeExpenses": 0,
    "sellingAndMarketingExpenses": 0,
    "sellingGeneralAndAdministrativeExpenses": 812000000,
    "otherExpenses": 632000000,
    "operatingExpenses": 1444000000,
    "costAndExpenses": 3244000000,
    "interestIncome": 17000000,
    "interestExpense": 246000000,
    "depreciationAndAmortization": 337000000,
    "ebitda": 1094000000,
    "ebitdaratio": 0.2682687592,
    "operatingIncome": 746000000,
    "operatingIncomeRatio": 0.1829328102,
    "totalOtherIncomeExpensesNet": -218000000,
    "incomeBeforeTax": 528000000,
    "incomeBeforeTaxRatio": 0.129475233,
    "incomeTaxExpense": 222000000,
    "netIncome": 306000000,
    "netIncomeRatio": 0.0750367827,
    "eps": 0.73,
    "epsdiluted": 0.73,
    "weightedAverageShsOut": 418000000,
    "weightedAverageShsOutDil": 420000000,
    "link": "https://www.sec.gov/Archives/edgar/data/1031296/000103129612000021/0001031296-12-000021-index.htm",
    "finalLink": "https://www.sec.gov/Archives/edgar/data/53456/000103129612000021/fe-3312012x10q.htm"
  },
  {
    "date": "2011-12-31",
    "symbol": "FE",
    "reportedCurrency": "USD",
    "cik": "0001031296",
    "fillingDate": "2012-02-28",
    "acceptedDate": "2012-02-28 16:23:58",
    "calendarYear": "2011",
    "period": "Q4",
    "revenue": 3903000000,
    "costOfRevenue": 1828000000,
    "grossProfit": 2075000000,
    "grossProfitRatio": 0.5316423264,
    "researchAndDevelopmentExpenses": 0,
    "generalAndAdministrativeExpenses": 0,
    "sellingAndMarketingExpenses": 0,
    "sellingGeneralAndAdministrativeExpenses": 779000000,
    "otherExpenses": 1421000000,
    "operatingExpenses": 2200000000,
    "costAndExpenses": 4028000000,
    "interestIncome": 15000000,
    "interestExpense": 245000000,
    "depreciationAndAmortization": 327000000,
    "ebitda": 800000000,
    "ebitdaratio": 0.2049705355,
    "operatingIncome": -125000000,
    "operatingIncomeRatio": -0.0320266462,
    "totalOtherIncomeExpensesNet": 353000000,
    "incomeBeforeTax": 228000000,
    "incomeBeforeTaxRatio": 0.0584166026,
    "incomeTaxExpense": 84000000,
    "netIncome": 143000000,
    "netIncomeRatio": 0.0366384832,
    "eps": 0,
    "epsdiluted": 0,
    "weightedAverageShsOut": 420000000,
    "weightedAverageShsOutDil": 422000000,
    "link": "https://www.sec.gov/Archives/edgar/data/1031296/000103129612000012/0001031296-12-000012-index.htm",
    "finalLink": "https://www.sec.gov/Archives/edgar/data/20947/000103129612000012/fe-12312011x10k.htm"
  },
  {
    "date": "2011-09-30",
    "symbol": "FE",
    "reportedCurrency": "USD",
    "cik": "0001031296",
    "fillingDate": "2011-11-01",
    "acceptedDate": "2011-11-01 15:29:04",
    "calendarYear": "2011",
    "period": "Q3",
    "revenue": 4719000000,
    "costOfRevenue": 1981000000,
    "grossProfit": 2738000000,
    "grossProfitRatio": 0.5802076711,
    "researchAndDevelopmentExpenses": 0,
    "generalAndAdministrativeExpenses": 0,
    "sellingAndMarketingExpenses": 0,
    "sellingGeneralAndAdministrativeExpenses": 993000000,
    "otherExpenses": 688000000,
    "operatingExpenses": 1681000000,
    "costAndExpenses": 3662000000,
    "interestIncome": 17000000,
    "interestExpense": 267000000,
    "depreciationAndAmortization": 297000000,
    "ebitda": 1419000000,
    "ebitdaratio": 0.3006993007,
    "operatingIncome": 1057000000,
    "operatingIncomeRatio": 0.2239881331,
    "totalOtherIncomeExpensesNet": -202000000,
    "incomeBeforeTax": 820000000,
    "incomeBeforeTaxRatio": 0.1737656283,
    "incomeTaxExpense": 311000000,
    "netIncome": 532000000,
    "netIncomeRatio": 0.1127357491,
    "eps": 1.27,
    "epsdiluted": 1.27,
    "weightedAverageShsOut": 418000000,
    "weightedAverageShsOutDil": 420000000,
    "link": "https://www.sec.gov/Archives/edgar/data/1031296/000103129611000049/0001031296-11-000049-index.htm",
    "finalLink": "https://www.sec.gov/Archives/edgar/data/20947/000103129611000049/fe-9302011x10q.htm"
  },
  {
    "date": "2011-06-30",
    "symbol": "FE",
    "reportedCurrency": "USD",
    "cik": "0001031296",
    "fillingDate": "2011-08-02",
    "acceptedDate": "2011-08-02 15:58:01",
    "calendarYear": "2011",
    "period": "Q2",
    "revenue": 4060000000,
    "costOfRevenue": 1855000000,
    "grossProfit": 2205000000,
    "grossProfitRatio": 0.5431034483,
    "researchAndDevelopmentExpenses": 0,
    "generalAndAdministrativeExpenses": 0,
    "sellingAndMarketingExpenses": 0,
    "sellingGeneralAndAdministrativeExpenses": 1065000000,
    "otherExpenses": 619000000,
    "operatingExpenses": 1684000000,
    "costAndExpenses": 3539000000,
    "interestIncome": 20000000,
    "interestExpense": 265000000,
    "depreciationAndAmortization": 287000000,
    "ebitda": 859000000,
    "ebitdaratio": 0.2115763547,
    "operatingIncome": 521000000,
    "operatingIncomeRatio": 0.1283251232,
    "totalOtherIncomeExpensesNet": -214000000,
    "incomeBeforeTax": 272000000,
    "incomeBeforeTaxRatio": 0.0669950739,
    "incomeTaxExpense": 101000000,
    "netIncome": 203000000,
    "netIncomeRatio": 0.05,
    "eps": 0.48,
    "epsdiluted": 0.48,
    "weightedAverageShsOut": 418000000,
    "weightedAverageShsOutDil": 420000000,
    "link": "https://www.sec.gov/Archives/edgar/data/1031296/000095012311071592/0000950123-11-071592-index.htm",
    "finalLink": "https://www.sec.gov/Archives/edgar/data/20947/000095012311071592/c17271e10vq.htm"
  },
  {
    "date": "2011-03-31",
    "symbol": "FE",
    "reportedCurrency": "USD",
    "cik": "0001031296",
    "fillingDate": "2011-05-03",
    "acceptedDate": "2011-05-03 16:41:53",
    "calendarYear": "2011",
    "period": "Q1",
    "revenue": 3576000000,
    "costOfRevenue": 1639000000,
    "grossProfit": 1937000000,
    "grossProfitRatio": 0.5416666667,
    "researchAndDevelopmentExpenses": 0,
    "generalAndAdministrativeExpenses": 0,
    "sellingAndMarketingExpenses": 0,
    "sellingGeneralAndAdministrativeExpenses": 993000000,
    "otherExpenses": 594000000,
    "operatingExpenses": 1587000000,
    "costAndExpenses": 3226000000,
    "interestIncome": 18000000,
    "interestExpense": 213000000,
    "depreciationAndAmortization": 225000000,
    "ebitda": 614000000,
    "ebitdaratio": 0.1717002237,
    "operatingIncome": 350000000,
    "operatingIncomeRatio": 0.0978747204,
    "totalOtherIncomeExpensesNet": -192000000,
    "incomeBeforeTax": 123000000,
    "incomeBeforeTaxRatio": 0.0343959732,
    "incomeTaxExpense": 78000000,
    "netIncome": 52000000,
    "netIncomeRatio": 0.014541387,
    "eps": 0.15,
    "epsdiluted": 0.15,
    "weightedAverageShsOut": 342000000,
    "weightedAverageShsOutDil": 343000000,
    "link": "https://www.sec.gov/Archives/edgar/data/1031296/000095012311043888/0000950123-11-043888-index.htm",
    "finalLink": "https://www.sec.gov/Archives/edgar/data/20947/000095012311043888/c15066e10vq.htm"
  },
  {
    "date": "2010-12-31",
    "symbol": "FE",
    "reportedCurrency": "USD",
    "cik": "0001031296",
    "fillingDate": "2011-02-16",
    "acceptedDate": "2011-02-16 16:16:59",
    "calendarYear": "2010",
    "period": "Q4",
    "revenue": 3217000000,
    "costOfRevenue": 1398000000,
    "grossProfit": 1819000000,
    "grossProfitRatio": 0.5654336338,
    "researchAndDevelopmentExpenses": 0,
    "generalAndAdministrativeExpenses": 0,
    "sellingAndMarketingExpenses": 0,
    "sellingGeneralAndAdministrativeExpenses": 0,
    "otherExpenses": 1371000000,
    "operatingExpenses": 1371000000,
    "costAndExpenses": 2769000000,
    "interestIncome": 0,
    "interestExpense": 339000000,
    "depreciationAndAmortization": -491000000,
    "ebitda": 269000000,
    "ebitdaratio": 0.0836182779,
    "operatingIncome": 448000000,
    "operatingIncomeRatio": 0.1392601803,
    "totalOtherIncomeExpensesNet": -150000000,
    "incomeBeforeTax": 298000000,
    "incomeBeforeTaxRatio": 0.0926328878,
    "incomeTaxExpense": 118000000,
    "netIncome": 185000000,
    "netIncomeRatio": 0.0575069941,
    "eps": 0,
    "epsdiluted": 0,
    "weightedAverageShsOut": 304000000,
    "weightedAverageShsOutDil": 305000000,
    "link": "https://www.sec.gov/Archives/edgar/data/1031296/000095012311014700/0000950123-11-014700-index.htm",
    "finalLink": "https://www.sec.gov/Archives/edgar/data/20947/000095012311014700/c11256e10vk.htm"
  },
  {
    "date": "2010-09-30",
    "symbol": "FE",
    "reportedCurrency": "USD",
    "cik": "0001031296",
    "fillingDate": "2010-10-26",
    "acceptedDate": "2010-10-26 16:53:48",
    "calendarYear": "2010",
    "period": "Q3",
    "revenue": 3728000000,
    "costOfRevenue": 1719000000,
    "grossProfit": 2009000000,
    "grossProfitRatio": 0.5388948498,
    "researchAndDevelopmentExpenses": 0,
    "generalAndAdministrativeExpenses": 0,
    "sellingAndMarketingExpenses": 0,
    "sellingGeneralAndAdministrativeExpenses": 738000000,
    "otherExpenses": 856000000,
    "operatingExpenses": 1594000000,
    "costAndExpenses": 3313000000,
    "interestIncome": 41000000,
    "interestExpense": 208000000,
    "depreciationAndAmortization": 182000000,
    "ebitda": 684000000,
    "ebitdaratio": 0.1834763948,
    "operatingIncome": 415000000,
    "operatingIncomeRatio": 0.1113197425,
    "totalOtherIncomeExpensesNet": -121000000,
    "incomeBeforeTax": 294000000,
    "incomeBeforeTaxRatio": 0.0788626609,
    "incomeTaxExpense": 119000000,
    "netIncome": 179000000,
    "netIncomeRatio": 0.0480150215,
    "eps": 0.59,
    "epsdiluted": 0.59,
    "weightedAverageShsOut": 304000000,
    "weightedAverageShsOutDil": 305000000,
    "link": "https://www.sec.gov/Archives/edgar/data/1031296/000095012310096157/0000950123-10-096157-index.htm",
    "finalLink": "https://www.sec.gov/Archives/edgar/data/20947/000095012310096157/c07138e10vq.htm"
  },
  {
    "date": "2010-06-30",
    "symbol": "FE",
    "reportedCurrency": "USD",
    "cik": "0001031296",
    "fillingDate": "2010-08-03",
    "acceptedDate": "2010-08-03 16:32:08",
    "calendarYear": "2010",
    "period": "Q2",
    "revenue": 3128000000,
    "costOfRevenue": 1413000000,
    "grossProfit": 1726000000,
    "grossProfitRatio": 0.5517902813,
    "researchAndDevelopmentExpenses": 0,
    "generalAndAdministrativeExpenses": 0,
    "sellingAndMarketingExpenses": 0,
    "sellingGeneralAndAdministrativeExpenses": 673000000,
    "otherExpenses": 527000000,
    "operatingExpenses": 1200000000,
    "costAndExpenses": 2613000000,
    "interestIncome": 40000000,
    "interestExpense": 167000000,
    "depreciationAndAmortization": 190000000,
    "ebitda": 787000000,
    "ebitdaratio": 0.2515984655,
    "operatingIncome": 526000000,
    "operatingIncomeRatio": 0.1681585678,
    "totalOtherIncomeExpensesNet": -136000000,
    "incomeBeforeTax": 390000000,
    "incomeBeforeTaxRatio": 0.1246803069,
    "incomeTaxExpense": 134000000,
    "netIncome": 265000000,
    "netIncomeRatio": 0.0847186701,
    "eps": 0.87,
    "epsdiluted": 0.87,
    "weightedAverageShsOut": 304000000,
    "weightedAverageShsOutDil": 305000000,
    "link": "https://www.sec.gov/Archives/edgar/data/1031296/000095012310071821/0000950123-10-071821-index.htm",
    "finalLink": "https://www.sec.gov/Archives/edgar/data/20947/000095012310071821/c03983e10vq.htm"
  },
  {
    "date": "2010-03-31",
    "symbol": "FE",
    "reportedCurrency": "USD",
    "cik": "0001031296",
    "fillingDate": "2010-05-04",
    "acceptedDate": "2010-05-04 17:04:45",
    "calendarYear": "2010",
    "period": "Q1",
    "revenue": 3299000000,
    "costOfRevenue": 1572000000,
    "grossProfit": 1727000000,
    "grossProfitRatio": 0.5234919673,
    "researchAndDevelopmentExpenses": 0,
    "generalAndAdministrativeExpenses": 0,
    "sellingAndMarketingExpenses": 0,
    "sellingGeneralAndAdministrativeExpenses": 701000000,
    "otherExpenses": 610000000,
    "operatingExpenses": 1311000000,
    "costAndExpenses": 2883000000,
    "interestIncome": 41000000,
    "interestExpense": 172000000,
    "depreciationAndAmortization": 193000000,
    "ebitda": 666000000,
    "ebitdaratio": 0.2018793574,
    "operatingIncome": 416000000,
    "operatingIncomeRatio": 0.1260988178,
    "totalOtherIncomeExpensesNet": -156000000,
    "incomeBeforeTax": 260000000,
    "incomeBeforeTaxRatio": 0.0788117611,
    "incomeTaxExpense": 111000000,
    "netIncome": 155000000,
    "netIncomeRatio": 0.0469839345,
    "eps": 0.51,
    "epsdiluted": 0.51,
    "weightedAverageShsOut": 304000000,
    "weightedAverageShsOutDil": 306000000,
    "link": "https://www.sec.gov/Archives/edgar/data/1031296/000103129610000021/0001031296-10-000021-index.htm",
    "finalLink": "https://www.sec.gov/Archives/edgar/data/20947/000103129610000021/main_10q.htm"
  },
  {
    "date": "2009-12-31",
    "symbol": "FE",
    "reportedCurrency": "USD",
    "cik": "0001031296",
    "fillingDate": "2010-02-19",
    "acceptedDate": "2010-02-18 19:40:30",
    "calendarYear": "2009",
    "period": "Q4",
    "revenue": 2954000000,
    "costOfRevenue": 1513000000,
    "grossProfit": 1441000000,
    "grossProfitRatio": 0.4878131347,
    "researchAndDevelopmentExpenses": 0,
    "generalAndAdministrativeExpenses": 0,
    "sellingAndMarketingExpenses": 0,
    "sellingGeneralAndAdministrativeExpenses": 0,
    "otherExpenses": 1198000000,
    "operatingExpenses": 1198000000,
    "costAndExpenses": 2711000000,
    "interestIncome": 0,
    "interestExpense": 189000000,
    "depreciationAndAmortization": -809000000,
    "ebitda": -477000000,
    "ebitdaratio": -0.1614759648,
    "operatingIncome": 243000000,
    "operatingIncomeRatio": 0.0822613406,
    "totalOtherIncomeExpensesNet": -192000000,
    "incomeBeforeTax": 51000000,
    "incomeBeforeTaxRatio": 0.0172647258,
    "incomeTaxExpense": -185000000,
    "netIncome": 238000000,
    "netIncomeRatio": 0.0805687204,
    "eps": 0,
    "epsdiluted": 0,
    "weightedAverageShsOut": 304000000,
    "weightedAverageShsOutDil": 306000000,
    "link": "https://www.sec.gov/Archives/edgar/data/1031296/000103129610000011/0001031296-10-000011-index.htm",
    "finalLink": "https://www.sec.gov/Archives/edgar/data/20947/000103129610000011/form10k.htm"
  },
  {
    "date": "2009-09-30",
    "symbol": "FE",
    "reportedCurrency": "USD",
    "cik": "0001031296",
    "fillingDate": "2009-11-09",
    "acceptedDate": "2009-11-06 17:42:59",
    "calendarYear": "2009",
    "period": "Q3",
    "revenue": 3408000000,
    "costOfRevenue": 1615000000,
    "grossProfit": 1793000000,
    "grossProfitRatio": 0.5261150235,
    "researchAndDevelopmentExpenses": 0,
    "generalAndAdministrativeExpenses": 0,
    "sellingAndMarketingExpenses": 0,
    "sellingGeneralAndAdministrativeExpenses": 0,
    "otherExpenses": 1306000000,
    "operatingExpenses": 1306000000,
    "costAndExpenses": 2921000000,
    "interestIncome": 0,
    "interestExpense": 320000000,
    "depreciationAndAmortization": 489000000,
    "ebitda": 1167000000,
    "ebitdaratio": 0.3424295775,
    "operatingIncome": 487000000,
    "operatingIncomeRatio": 0.142899061,
    "totalOtherIncomeExpensesNet": -129000000,
    "incomeBeforeTax": 358000000,
    "incomeBeforeTaxRatio": 0.1050469484,
    "incomeTaxExpense": 128000000,
    "netIncome": 234000000,
    "netIncomeRatio": 0.0686619718,
    "eps": 0.77,
    "epsdiluted": 0.77,
    "weightedAverageShsOut": 304000000,
    "weightedAverageShsOutDil": 306000000,
    "link": "https://www.sec.gov/Archives/edgar/data/1031296/000103129609000035/0001031296-09-000035-index.htm",
    "finalLink": "https://www.sec.gov/Archives/edgar/data/20947/000103129609000035/main_10q.htm"
  },
  {
    "date": "2009-06-30",
    "symbol": "FE",
    "reportedCurrency": "USD",
    "cik": "0001031296",
    "fillingDate": "2009-08-03",
    "acceptedDate": "2009-08-03 16:33:55",
    "calendarYear": "2009",
    "period": "Q2",
    "revenue": 3271000000,
    "costOfRevenue": 1300000000,
    "grossProfit": 1971000000,
    "grossProfitRatio": 0.602568022,
    "researchAndDevelopmentExpenses": 0,
    "generalAndAdministrativeExpenses": 0,
    "sellingAndMarketingExpenses": 0,
    "sellingGeneralAndAdministrativeExpenses": 0,
    "otherExpenses": 1169000000,
    "operatingExpenses": 1169000000,
    "costAndExpenses": 2469000000,
    "interestIncome": 0,
    "interestExpense": 173000000,
    "depreciationAndAmortization": 441000000,
    "ebitda": 1270000000,
    "ebitdaratio": 0.3882604708,
    "operatingIncome": 802000000,
    "operatingIncomeRatio": 0.2451849587,
    "totalOtherIncomeExpensesNet": -146000000,
    "incomeBeforeTax": 656000000,
    "incomeBeforeTaxRatio": 0.2005502904,
    "incomeTaxExpense": 248000000,
    "netIncome": 414000000,
    "netIncomeRatio": 0.1265667991,
    "eps": 1.36,
    "epsdiluted": 1.36,
    "weightedAverageShsOut": 304000000,
    "weightedAverageShsOutDil": 305000000,
    "link": "https://www.sec.gov/Archives/edgar/data/1031296/000103129609000021/0001031296-09-000021-index.htm",
    "finalLink": "https://www.sec.gov/Archives/edgar/data/20947/000103129609000021/main_10q.htm"
  },
  {
    "date": "2009-03-31",
    "symbol": "FE",
    "reportedCurrency": "USD",
    "cik": "0001031296",
    "fillingDate": "2009-05-07",
    "acceptedDate": "2009-05-07 17:17:06",
    "calendarYear": "2009",
    "period": "Q1",
    "revenue": 3334000000,
    "costOfRevenue": 1455000000,
    "grossProfit": 1879000000,
    "grossProfitRatio": 0.5635872825,
    "researchAndDevelopmentExpenses": 0,
    "generalAndAdministrativeExpenses": 0,
    "sellingAndMarketingExpenses": 0,
    "sellingGeneralAndAdministrativeExpenses": 0,
    "otherExpenses": 1533000000,
    "operatingExpenses": 1533000000,
    "costAndExpenses": 2988000000,
    "interestIncome": 0,
    "interestExpense": 166000000,
    "depreciationAndAmortization": 615000000,
    "ebitda": 950000000,
    "ebitdaratio": 0.2849430114,
    "operatingIncome": 346000000,
    "operatingIncomeRatio": 0.1037792442,
    "totalOtherIncomeExpensesNet": -177000000,
    "incomeBeforeTax": 169000000,
    "incomeBeforeTaxRatio": 0.050689862,
    "incomeTaxExpense": 54000000,
    "netIncome": 119000000,
    "netIncomeRatio": 0.0356928614,
    "eps": 0.39,
    "epsdiluted": 0.39,
    "weightedAverageShsOut": 304000000,
    "weightedAverageShsOutDil": 306000000,
    "link": "https://www.sec.gov/Archives/edgar/data/1031296/000103129609000011/0001031296-09-000011-index.htm",
    "finalLink": "https://www.sec.gov/Archives/edgar/data/20947/000103129609000011/main_10q.htm"
  },
  {
    "date": "2008-12-31",
    "symbol": "FE",
    "reportedCurrency": "USD",
    "cik": "0001031296",
    "fillingDate": "2009-02-25",
    "acceptedDate": "2009-02-24 20:28:15",
    "calendarYear": "2008",
    "period": "Q4",
    "revenue": 3201000000,
    "costOfRevenue": 1255000000,
    "grossProfit": 1946000000,
    "grossProfitRatio": 0.6079350203,
    "researchAndDevelopmentExpenses": 0,
    "generalAndAdministrativeExpenses": 0,
    "sellingAndMarketingExpenses": 0,
    "sellingGeneralAndAdministrativeExpenses": 0,
    "otherExpenses": 1284000000,
    "operatingExpenses": 1284000000,
    "costAndExpenses": 2539000000,
    "interestIncome": 0,
    "interestExpense": 0,
    "depreciationAndAmortization": 353000000,
    "ebitda": 1097000000,
    "ebitdaratio": 0.3427054046,
    "operatingIncome": 662000000,
    "operatingIncomeRatio": 0.2068103718,
    "totalOtherIncomeExpensesNet": -138000000,
    "incomeBeforeTax": 524000000,
    "incomeBeforeTaxRatio": 0.1636988441,
    "incomeTaxExpense": 192000000,
    "netIncome": 332000000,
    "netIncomeRatio": 0.1037175883,
    "eps": 0,
    "epsdiluted": 0,
    "weightedAverageShsOut": 304000000,
    "weightedAverageShsOutDil": 307000000,
    "link": "https://www.sec.gov/Archives/edgar/data/1031296/000103129609000008/0001031296-09-000008-index.htm",
    "finalLink": "https://www.sec.gov/Archives/edgar/data/20947/000103129609000008/form10k_2008.htm"
  },
  {
    "date": "2008-09-30",
    "symbol": "FE",
    "reportedCurrency": "USD",
    "cik": "0001031296",
    "fillingDate": "2008-11-07",
    "acceptedDate": "2008-11-07 14:27:58",
    "calendarYear": "2008",
    "period": "Q3",
    "revenue": 3904000000,
    "costOfRevenue": 1662000000,
    "grossProfit": 2242000000,
    "grossProfitRatio": 0.5742827869,
    "researchAndDevelopmentExpenses": 0,
    "generalAndAdministrativeExpenses": 0,
    "sellingAndMarketingExpenses": 0,
    "sellingGeneralAndAdministrativeExpenses": 0,
    "otherExpenses": 1396000000,
    "operatingExpenses": 1396000000,
    "costAndExpenses": 3058000000,
    "interestIncome": 0,
    "interestExpense": 177000000,
    "depreciationAndAmortization": 490000000,
    "ebitda": 1376000000,
    "ebitdaratio": 0.3524590164,
    "operatingIncome": 846000000,
    "operatingIncomeRatio": 0.2167008197,
    "totalOtherIncomeExpensesNet": -137000000,
    "incomeBeforeTax": 709000000,
    "incomeBeforeTaxRatio": 0.1816086066,
    "incomeTaxExpense": 238000000,
    "netIncome": 471000000,
    "netIncomeRatio": 0.1206454918,
    "eps": 1.55,
    "epsdiluted": 1.54,
    "weightedAverageShsOut": 304000000,
    "weightedAverageShsOutDil": 307000000,
    "link": "https://www.sec.gov/Archives/edgar/data/1031296/000103129608000203/0001031296-08-000203-index.htm",
    "finalLink": "https://www.sec.gov/Archives/edgar/data/20947/000103129608000203/main_10q.htm"
  },
  {
    "date": "2008-06-30",
    "symbol": "FE",
    "reportedCurrency": "USD",
    "cik": "0001031296",
    "fillingDate": "2008-08-07",
    "acceptedDate": "2008-08-07 14:00:03",
    "calendarYear": "2008",
    "period": "Q2",
    "revenue": 3245000000,
    "costOfRevenue": 1386000000,
    "grossProfit": 1859000000,
    "grossProfitRatio": 0.5728813559,
    "researchAndDevelopmentExpenses": 0,
    "generalAndAdministrativeExpenses": 0,
    "sellingAndMarketingExpenses": 0,
    "sellingGeneralAndAdministrativeExpenses": 0,
    "otherExpenses": 1277000000,
    "operatingExpenses": 1277000000,
    "costAndExpenses": 2663000000,
    "interestIncome": 0,
    "interestExpense": 175000000,
    "depreciationAndAmortization": 439000000,
    "ebitda": 1037000000,
    "ebitdaratio": 0.319568567,
    "operatingIncome": 582000000,
    "operatingIncomeRatio": 0.1793528505,
    "totalOtherIncomeExpensesNet": -159000000,
    "incomeBeforeTax": 423000000,
    "incomeBeforeTaxRatio": 0.1303543914,
    "incomeTaxExpense": 160000000,
    "netIncome": 263000000,
    "netIncomeRatio": 0.0810477658,
    "eps": 0.86,
    "epsdiluted": 0.85,
    "weightedAverageShsOut": 304000000,
    "weightedAverageShsOutDil": 307000000,
    "link": "https://www.sec.gov/Archives/edgar/data/1031296/000103129608000186/0001031296-08-000186-index.htm",
    "finalLink": "https://www.sec.gov/Archives/edgar/data/20947/000103129608000186/main10_q.htm"
  },
  {
    "date": "2008-03-31",
    "symbol": "FE",
    "reportedCurrency": "USD",
    "cik": "0001031296",
    "fillingDate": "2008-05-08",
    "acceptedDate": "2008-05-08 14:09:07",
    "calendarYear": "2008",
    "period": "Q1",
    "revenue": 3277000000,
    "costOfRevenue": 1328000000,
    "grossProfit": 1949000000,
    "grossProfitRatio": 0.5947512969,
    "researchAndDevelopmentExpenses": 0,
    "generalAndAdministrativeExpenses": 0,
    "sellingAndMarketingExpenses": 0,
    "sellingGeneralAndAdministrativeExpenses": 0,
    "otherExpenses": 1331000000,
    "operatingExpenses": 1331000000,
    "costAndExpenses": 2659000000,
    "interestIncome": 8000000,
    "interestExpense": 179000000,
    "depreciationAndAmortization": 448000000,
    "ebitda": 1091000000,
    "ebitdaratio": 0.3329264571,
    "operatingIncome": 618000000,
    "operatingIncomeRatio": 0.1885871224,
    "totalOtherIncomeExpensesNet": -154000000,
    "incomeBeforeTax": 463000000,
    "incomeBeforeTaxRatio": 0.1412877632,
    "incomeTaxExpense": 187000000,
    "netIncome": 276000000,
    "netIncomeRatio": 0.084223375,
    "eps": 0.91,
    "epsdiluted": 0.9,
    "weightedAverageShsOut": 304000000,
    "weightedAverageShsOutDil": 307000000,
    "link": "https://www.sec.gov/Archives/edgar/data/1031296/000103129608000138/0001031296-08-000138-index.htm",
    "finalLink": "https://www.sec.gov/Archives/edgar/data/20947/000103129608000138/main_10q.htm"
  },
  {
    "date": "2007-12-31",
    "symbol": "FE",
    "reportedCurrency": "USD",
    "cik": "0001031296",
    "fillingDate": "2008-02-29",
    "acceptedDate": "2008-02-28 17:51:17",
    "calendarYear": "2007",
    "period": "Q4",
    "revenue": 3079000000,
    "costOfRevenue": 1213000000,
    "grossProfit": 1866000000,
    "grossProfitRatio": 0.6060409224,
    "researchAndDevelopmentExpenses": 0,
    "generalAndAdministrativeExpenses": 0,
    "sellingAndMarketingExpenses": 0,
    "sellingGeneralAndAdministrativeExpenses": 0,
    "otherExpenses": 1391000000,
    "operatingExpenses": 1391000000,
    "costAndExpenses": 2604000000,
    "interestIncome": 0,
    "interestExpense": 0,
    "depreciationAndAmortization": 421000000,
    "ebitda": 896000000,
    "ebitdaratio": 0.2910035726,
    "operatingIncome": 475000000,
    "operatingIncomeRatio": 0.1542708672,
    "totalOtherIncomeExpensesNet": -19000000,
    "incomeBeforeTax": 456000000,
    "incomeBeforeTaxRatio": 0.1481000325,
    "incomeTaxExpense": 188000000,
    "netIncome": 268000000,
    "netIncomeRatio": 0.0870412472,
    "eps": 0,
    "epsdiluted": 0,
    "weightedAverageShsOut": 303000000,
    "weightedAverageShsOutDil": 307000000,
    "link": "https://www.sec.gov/Archives/edgar/data/1031296/000103129608000049/0001031296-08-000049-index.htm",
    "finalLink": "https://www.sec.gov/Archives/edgar/data/20947/000103129608000049/form10k_2007.htm"
  },
  {
    "date": "2007-09-30",
    "symbol": "FE",
    "reportedCurrency": "USD",
    "cik": "0001031296",
    "fillingDate": "2007-10-31",
    "acceptedDate": "2007-10-31 15:56:24",
    "calendarYear": "2007",
    "period": "Q3",
    "revenue": 3641000000,
    "costOfRevenue": 1495000000,
    "grossProfit": 2146000000,
    "grossProfitRatio": 0.5893985169,
    "researchAndDevelopmentExpenses": 0,
    "generalAndAdministrativeExpenses": 0,
    "sellingAndMarketingExpenses": 0,
    "sellingGeneralAndAdministrativeExpenses": 0,
    "otherExpenses": 1403000000,
    "operatingExpenses": 1403000000,
    "costAndExpenses": 2898000000,
    "interestIncome": 0,
    "interestExpense": 0,
    "depreciationAndAmortization": 475000000,
    "ebitda": 1218000000,
    "ebitdaratio": 0.3345234826,
    "operatingIncome": 743000000,
    "operatingIncomeRatio": 0.2040648174,
    "totalOtherIncomeExpensesNet": -57000000,
    "incomeBeforeTax": 686000000,
    "incomeBeforeTaxRatio": 0.1884097775,
    "incomeTaxExpense": 273000000,
    "netIncome": 413000000,
    "netIncomeRatio": 0.1134303763,
    "eps": 1.36,
    "epsdiluted": 1.34,
    "weightedAverageShsOut": 304000000,
    "weightedAverageShsOutDil": 307000000,
    "link": "https://www.sec.gov/Archives/edgar/data/1031296/000103129607000225/0001031296-07-000225-index.htm",
    "finalLink": "https://www.sec.gov/Archives/edgar/data/20947/000103129607000225/main_10q.htm"
  },
  {
    "date": "2007-06-30",
    "symbol": "FE",
    "reportedCurrency": "USD",
    "cik": "0001031296",
    "fillingDate": "2007-08-07",
    "acceptedDate": "2007-08-07 16:47:59",
    "calendarYear": "2007",
    "period": "Q2",
    "revenue": 3109000000,
    "costOfRevenue": 1185000000,
    "grossProfit": 1924000000,
    "grossProfitRatio": 0.6188485043,
    "researchAndDevelopmentExpenses": 0,
    "generalAndAdministrativeExpenses": 0,
    "sellingAndMarketingExpenses": 0,
    "sellingGeneralAndAdministrativeExpenses": 0,
    "otherExpenses": 1344000000,
    "operatingExpenses": 1344000000,
    "costAndExpenses": 2529000000,
    "interestIncome": 0,
    "interestExpense": 0,
    "depreciationAndAmortization": 429000000,
    "ebitda": 1009000000,
    "ebitdaratio": 0.3245416533,
    "operatingIncome": 580000000,
    "operatingIncomeRatio": 0.1865551624,
    "totalOtherIncomeExpensesNet": -20000000,
    "incomeBeforeTax": 560000000,
    "incomeBeforeTaxRatio": 0.1801222258,
    "incomeTaxExpense": 222000000,
    "netIncome": 338000000,
    "netIncomeRatio": 0.1087166291,
    "eps": 1.11,
    "epsdiluted": 1.1,
    "weightedAverageShsOut": 304000000,
    "weightedAverageShsOutDil": 308000000,
    "link": "https://www.sec.gov/Archives/edgar/data/1031296/000103129607000167/0001031296-07-000167-index.htm",
    "finalLink": "https://www.sec.gov/Archives/edgar/data/20947/000103129607000167/main_10q.htm"
  },
  {
    "date": "2007-03-31",
    "symbol": "FE",
    "reportedCurrency": "USD",
    "cik": "0001031296",
    "fillingDate": "2007-05-09",
    "acceptedDate": "2007-05-09 17:07:01",
    "calendarYear": "2007",
    "period": "Q1",
    "revenue": 2973000000,
    "costOfRevenue": 1121000000,
    "grossProfit": 1852000000,
    "grossProfitRatio": 0.6229397915,
    "researchAndDevelopmentExpenses": 0,
    "generalAndAdministrativeExpenses": 0,
    "sellingAndMarketingExpenses": 0,
    "sellingGeneralAndAdministrativeExpenses": 0,
    "otherExpenses": 1108000000,
    "operatingExpenses": 1108000000,
    "costAndExpenses": 2229000000,
    "interestIncome": 0,
    "interestExpense": 0,
    "depreciationAndAmortization": 433000000,
    "ebitda": 1177000000,
    "ebitdaratio": 0.3958964009,
    "operatingIncome": 744000000,
    "operatingIncomeRatio": 0.2502522704,
    "totalOtherIncomeExpensesNet": -254000000,
    "incomeBeforeTax": 490000000,
    "incomeBeforeTaxRatio": 0.1648166835,
    "incomeTaxExpense": 200000000,
    "netIncome": 290000000,
    "netIncomeRatio": 0.0975445678,
    "eps": 0.92,
    "epsdiluted": 0.92,
    "weightedAverageShsOut": 314000000,
    "weightedAverageShsOutDil": 316000000,
    "link": "https://www.sec.gov/Archives/edgar/data/1031296/000004077907000052/0000040779-07-000052-index.htm",
    "finalLink": "https://www.sec.gov/Archives/edgar/data/20947/000004077907000052/main_10q.htm"
  },
  {
    "date": "2006-12-31",
    "symbol": "FE",
    "reportedCurrency": "USD",
    "cik": "0001031296",
    "fillingDate": "2007-02-28",
    "acceptedDate": "2007-02-27 21:08:21",
    "calendarYear": "2006",
    "period": "Q4",
    "revenue": 2470000000,
    "costOfRevenue": 947000000,
    "grossProfit": 1523000000,
    "grossProfitRatio": 0.6165991903,
    "researchAndDevelopmentExpenses": 0,
    "generalAndAdministrativeExpenses": 0,
    "sellingAndMarketingExpenses": 0,
    "sellingGeneralAndAdministrativeExpenses": 0,
    "otherExpenses": 1033000000,
    "operatingExpenses": 1033000000,
    "costAndExpenses": 1980000000,
    "interestIncome": 0,
    "interestExpense": 528000000,
    "depreciationAndAmortization": 370000000,
    "ebitda": 860000000,
    "ebitdaratio": 0.3481781377,
    "operatingIncome": 490000000,
    "operatingIncomeRatio": 0.1983805668,
    "totalOtherIncomeExpensesNet": -39000000,
    "incomeBeforeTax": 451000000,
    "incomeBeforeTaxRatio": 0.1825910931,
    "incomeTaxExpense": 172000000,
    "netIncome": 275000000,
    "netIncomeRatio": 0.1113360324,
    "eps": 0,
    "epsdiluted": 0,
    "weightedAverageShsOut": 318000000,
    "weightedAverageShsOutDil": 321000000,
    "link": "https://www.sec.gov/Archives/edgar/data/1031296/000004077907000024/0000040779-07-000024-index.htm",
    "finalLink": "https://www.sec.gov/Archives/edgar/data/20947/000004077907000024/form_10k.htm"
  },
  {
    "date": "2006-09-30",
    "symbol": "FE",
    "reportedCurrency": "USD",
    "cik": "0001031296",
    "fillingDate": "2006-11-02",
    "acceptedDate": "2006-11-02 17:28:28",
    "calendarYear": "2006",
    "period": "Q3",
    "revenue": 3401000000,
    "costOfRevenue": 1317000000,
    "grossProfit": 2047000000,
    "grossProfitRatio": 0.6018817995,
    "researchAndDevelopmentExpenses": 0,
    "generalAndAdministrativeExpenses": 0,
    "sellingAndMarketingExpenses": 0,
    "sellingGeneralAndAdministrativeExpenses": 0,
    "otherExpenses": 1341000000,
    "operatingExpenses": 1341000000,
    "costAndExpenses": 2658000000,
    "interestIncome": 0,
    "interestExpense": 0,
    "depreciationAndAmortization": 464000000,
    "ebitda": 1170000000,
    "ebitdaratio": 0.3440164657,
    "operatingIncome": 706000000,
    "operatingIncomeRatio": 0.2075860041,
    "totalOtherIncomeExpensesNet": -406000000,
    "incomeBeforeTax": 726000000,
    "incomeBeforeTaxRatio": 0.2134666275,
    "incomeTaxExpense": 272000000,
    "netIncome": 456000000,
    "netIncomeRatio": 0.1340782123,
    "eps": 1.41,
    "epsdiluted": 1.4,
    "weightedAverageShsOut": 322000000,
    "weightedAverageShsOutDil": 325000000,
    "link": "https://www.sec.gov/Archives/edgar/data/1031296/000103129606000253/0001031296-06-000253-index.htm",
    "finalLink": "https://www.sec.gov/Archives/edgar/data/20947/000103129606000253/main_10q.htm"
  },
  {
    "date": "2006-06-30",
    "symbol": "FE",
    "reportedCurrency": "USD",
    "cik": "0001031296",
    "fillingDate": "2006-08-07",
    "acceptedDate": "2006-08-07 17:28:29",
    "calendarYear": "2006",
    "period": "Q2",
    "revenue": 2786000000,
    "costOfRevenue": 991000000,
    "grossProfit": 1760000000,
    "grossProfitRatio": 0.631730079,
    "researchAndDevelopmentExpenses": 0,
    "generalAndAdministrativeExpenses": 0,
    "sellingAndMarketingExpenses": 0,
    "sellingGeneralAndAdministrativeExpenses": 0,
    "otherExpenses": 1236000000,
    "operatingExpenses": 1236000000,
    "costAndExpenses": 2227000000,
    "interestIncome": 0,
    "interestExpense": 0,
    "depreciationAndAmortization": 565000000,
    "ebitda": 1089000000,
    "ebitdaratio": 0.3908829864,
    "operatingIncome": 524000000,
    "operatingIncomeRatio": 0.1880832735,
    "totalOtherIncomeExpensesNet": 10000000,
    "incomeBeforeTax": 521000000,
    "incomeBeforeTaxRatio": 0.1870064609,
    "incomeTaxExpense": 217000000,
    "netIncome": 304000000,
    "netIncomeRatio": 0.1091170136,
    "eps": 0.92,
    "epsdiluted": 0.91,
    "weightedAverageShsOut": 328000000,
    "weightedAverageShsOutDil": 330000000,
    "link": "https://www.sec.gov/Archives/edgar/data/1031296/000103129606000201/0001031296-06-000201-index.htm",
    "finalLink": "https://www.sec.gov/Archives/edgar/data/20947/000103129606000201/main_10q.htm"
  },
  {
    "date": "2006-03-31",
    "symbol": "FE",
    "reportedCurrency": "USD",
    "cik": "0001031296",
    "fillingDate": "2006-05-09",
    "acceptedDate": "2006-05-08 20:44:32",
    "calendarYear": "2006",
    "period": "Q1",
    "revenue": 2845000000,
    "costOfRevenue": 998000000,
    "grossProfit": 1707000000,
    "grossProfitRatio": 0.6,
    "researchAndDevelopmentExpenses": 0,
    "generalAndAdministrativeExpenses": 0,
    "sellingAndMarketingExpenses": 0,
    "sellingGeneralAndAdministrativeExpenses": 0,
    "otherExpenses": 1095000000,
    "operatingExpenses": 1095000000,
    "costAndExpenses": 2093000000,
    "interestIncome": 0,
    "interestExpense": 0,
    "depreciationAndAmortization": 148000000,
    "ebitda": 760000000,
    "ebitdaratio": 0.2671353251,
    "operatingIncome": 612000000,
    "operatingIncomeRatio": 0.2151142355,
    "totalOtherIncomeExpensesNet": -59000000,
    "incomeBeforeTax": 355000000,
    "incomeBeforeTaxRatio": 0.1247803163,
    "incomeTaxExpense": 134000000,
    "netIncome": 221000000,
    "netIncomeRatio": 0.0776801406,
    "eps": 0.67,
    "epsdiluted": 0.67,
    "weightedAverageShsOut": 329000000,
    "weightedAverageShsOutDil": 330000000,
    "link": "https://www.sec.gov/Archives/edgar/data/1031296/000103129606000126/0001031296-06-000126-index.htm",
    "finalLink": "https://www.sec.gov/Archives/edgar/data/20947/000103129606000126/main10_q.htm"
  },
  {
    "date": "2005-12-31",
    "symbol": "FE",
    "reportedCurrency": "USD",
    "cik": "0001031296",
    "fillingDate": "2006-03-02",
    "acceptedDate": "2006-03-02 08:46:34",
    "calendarYear": "2005",
    "period": "Q4",
    "revenue": 2712000000,
    "costOfRevenue": 896000000,
    "grossProfit": 1816000000,
    "grossProfitRatio": 0.6696165192,
    "researchAndDevelopmentExpenses": 0,
    "generalAndAdministrativeExpenses": 0,
    "sellingAndMarketingExpenses": 0,
    "sellingGeneralAndAdministrativeExpenses": 0,
    "otherExpenses": 1187000000,
    "operatingExpenses": 1187000000,
    "costAndExpenses": 2083000000,
    "interestIncome": 0,
    "interestExpense": 0,
    "depreciationAndAmortization": 495000000,
    "ebitda": 1124000000,
    "ebitdaratio": 0.4144542773,
    "operatingIncome": 629000000,
    "operatingIncomeRatio": 0.2319321534,
    "totalOtherIncomeExpensesNet": -253000000,
    "incomeBeforeTax": 376000000,
    "incomeBeforeTaxRatio": 0.1386430678,
    "incomeTaxExpense": 155000000,
    "netIncome": 191000000,
    "netIncomeRatio": 0.0704277286,
    "eps": 0,
    "epsdiluted": 0,
    "weightedAverageShsOut": 328000000,
    "weightedAverageShsOutDil": 330000000,
    "link": "https://www.sec.gov/Archives/edgar/data/1031296/000103129606000044/0001031296-06-000044-index.htm",
    "finalLink": "https://www.sec.gov/Archives/edgar/data/20947/000103129606000044/form10-k.htm"
  },
  {
    "date": "2005-09-30",
    "symbol": "FE",
    "reportedCurrency": "USD",
    "cik": "0001031296",
    "fillingDate": "2005-11-02",
    "acceptedDate": "2005-11-02 17:25:08",
    "calendarYear": "2005",
    "period": "Q3",
    "revenue": 3587000000,
    "costOfRevenue": 1287000000,
    "grossProfit": 2300000000,
    "grossProfitRatio": 0.641204349,
    "researchAndDevelopmentExpenses": 0,
    "generalAndAdministrativeExpenses": 0,
    "sellingAndMarketingExpenses": 0,
    "sellingGeneralAndAdministrativeExpenses": 0,
    "otherExpenses": 1697000000,
    "operatingExpenses": 1697000000,
    "costAndExpenses": 2984000000,
    "interestIncome": 0,
    "interestExpense": 162104000000,
    "depreciationAndAmortization": 534000000,
    "ebitda": 1137000000,
    "ebitdaratio": 0.316977976,
    "operatingIncome": 603000000,
    "operatingIncomeRatio": 0.1681070532,
    "totalOtherIncomeExpensesNet": -34000000,
    "incomeBeforeTax": 569000000,
    "incomeBeforeTaxRatio": 0.1586283803,
    "incomeTaxExpense": 237000000,
    "netIncome": 332000000,
    "netIncomeRatio": 0.0925564539,
    "eps": 1.01,
    "epsdiluted": 1.01,
    "weightedAverageShsOut": 328000000,
    "weightedAverageShsOutDil": 330000000,
    "link": "https://www.sec.gov/Archives/edgar/data/1031296/000103129605000296/0001031296-05-000296-index.htm",
    "finalLink": "https://www.sec.gov/Archives/edgar/data/20947/000103129605000296/main10-q.htm"
  },
  {
    "date": "2005-06-30",
    "symbol": "FE",
    "reportedCurrency": "USD",
    "cik": "0001031296",
    "fillingDate": "2005-08-01",
    "acceptedDate": "2005-08-01 14:52:08",
    "calendarYear": "2005",
    "period": "Q2",
    "revenue": 2929000000,
    "costOfRevenue": 933000000,
    "grossProfit": 1910000000,
    "grossProfitRatio": 0.6520996927,
    "researchAndDevelopmentExpenses": 0,
    "generalAndAdministrativeExpenses": 0,
    "sellingAndMarketingExpenses": 0,
    "sellingGeneralAndAdministrativeExpenses": 0,
    "otherExpenses": 1496000000,
    "operatingExpenses": 1496000000,
    "costAndExpenses": 2429000000,
    "interestIncome": 0,
    "interestExpense": 161714000000,
    "depreciationAndAmortization": 458000000,
    "ebitda": 872000000,
    "ebitdaratio": 0.2977125299,
    "operatingIncome": 414000000,
    "operatingIncomeRatio": 0.141345169,
    "totalOtherIncomeExpensesNet": -35000000,
    "incomeBeforeTax": 420000000,
    "incomeBeforeTaxRatio": 0.1433936497,
    "incomeTaxExpense": 241000000,
    "netIncome": 182000000,
    "netIncomeRatio": 0.0621372482,
    "eps": 0.54,
    "epsdiluted": 0.54,
    "weightedAverageShsOut": 328000000,
    "weightedAverageShsOutDil": 330000000,
    "link": "https://www.sec.gov/Archives/edgar/data/1031296/000103129605000208/0001031296-05-000208-index.htm",
    "finalLink": "https://www.sec.gov/Archives/edgar/data/20947/000103129605000208/main10q.htm"
  },
  {
    "date": "2005-03-31",
    "symbol": "FE",
    "reportedCurrency": "USD",
    "cik": "0001031296",
    "fillingDate": "2005-05-05",
    "acceptedDate": "2005-05-05 16:55:29",
    "calendarYear": "2005",
    "period": "Q1",
    "revenue": 2813000000,
    "costOfRevenue": 895000000,
    "grossProfit": 1855000000,
    "grossProfitRatio": 0.6594383221,
    "researchAndDevelopmentExpenses": 0,
    "generalAndAdministrativeExpenses": 0,
    "sellingAndMarketingExpenses": 0,
    "sellingGeneralAndAdministrativeExpenses": 0,
    "otherExpenses": 1523000000,
    "operatingExpenses": 1523000000,
    "costAndExpenses": 2418000000,
    "interestIncome": 0,
    "interestExpense": 164657000000,
    "depreciationAndAmortization": 473000000,
    "ebitda": 805000000,
    "ebitdaratio": 0.2861713473,
    "operatingIncome": 332000000,
    "operatingIncomeRatio": 0.1180234625,
    "totalOtherIncomeExpensesNet": -63000000,
    "incomeBeforeTax": 262000000,
    "incomeBeforeTaxRatio": 0.0931389975,
    "incomeTaxExpense": 121000000,
    "netIncome": 167000000,
    "netIncomeRatio": 0.0593672236,
    "eps": 0.49,
    "epsdiluted": 0.48,
    "weightedAverageShsOut": 328000000,
    "weightedAverageShsOutDil": 329000000,
    "link": "https://www.sec.gov/Archives/edgar/data/1031296/000103129605000151/0001031296-05-000151-index.htm",
    "finalLink": "https://www.sec.gov/Archives/edgar/data/20947/000103129605000151/main10q.htm"
  },
  {
    "date": "2004-12-31",
    "symbol": "FE",
    "reportedCurrency": "USD",
    "cik": "0001031296",
    "fillingDate": "2005-03-10",
    "acceptedDate": "2005-03-09 18:40:07",
    "calendarYear": "2004",
    "period": "Q4",
    "revenue": 2584334000,
    "costOfRevenue": 600857000,
    "grossProfit": 1983477000,
    "grossProfitRatio": 0.7675002535,
    "researchAndDevelopmentExpenses": 0,
    "generalAndAdministrativeExpenses": 0,
    "sellingAndMarketingExpenses": 0,
    "sellingGeneralAndAdministrativeExpenses": 0,
    "otherExpenses": 1461966000,
    "operatingExpenses": 1461966000,
    "costAndExpenses": 2062823000,
    "interestIncome": 0,
    "interestExpense": 0,
    "depreciationAndAmortization": 620250000,
    "ebitda": 1141761000,
    "ebitdaratio": 0.4418008663,
    "operatingIncome": 521511000,
    "operatingIncomeRatio": 0.2017970587,
    "totalOtherIncomeExpensesNet": -162814000,
    "incomeBeforeTax": 358697000,
    "incomeBeforeTaxRatio": 0.138796688,
    "incomeTaxExpense": 161363000,
    "netIncome": 201334000,
    "netIncomeRatio": 0.0779055648,
    "eps": 0,
    "epsdiluted": 0,
    "weightedAverageShsOut": 327115224,
    "weightedAverageShsOutDil": 327307678,
    "link": "https://www.sec.gov/Archives/edgar/data/1031296/000103129605000087/0001031296-05-000087-index.htm",
    "finalLink": "https://www.sec.gov/Archives/edgar/data/20947/000103129605000087/form10k.htm"
  },
  {
    "date": "2004-09-30",
    "symbol": "FE",
    "reportedCurrency": "USD",
    "cik": "0001031296",
    "fillingDate": "2004-11-04",
    "acceptedDate": "2004-11-04 16:18:54",
    "calendarYear": "2004",
    "period": "Q3",
    "revenue": 3536319000,
    "costOfRevenue": 1285000000,
    "grossProfit": 2100000000,
    "grossProfitRatio": 0.5938378297,
    "researchAndDevelopmentExpenses": 0,
    "generalAndAdministrativeExpenses": 0,
    "sellingAndMarketingExpenses": 0,
    "sellingGeneralAndAdministrativeExpenses": 0,
    "otherExpenses": 1516000000,
    "operatingExpenses": 1516000000,
    "costAndExpenses": 2801000000,
    "interestIncome": 0,
    "interestExpense": 152703000000,
    "depreciationAndAmortization": 494000000,
    "ebitda": 1078000000,
    "ebitdaratio": 0.3048367526,
    "operatingIncome": 584000000,
    "operatingIncomeRatio": 0.1651434726,
    "totalOtherIncomeExpensesNet": -74000000,
    "incomeBeforeTax": 514592000,
    "incomeBeforeTaxRatio": 0.145516284,
    "incomeTaxExpense": 215970000,
    "netIncome": 298000000,
    "netIncomeRatio": 0.0842684158,
    "eps": 0.91,
    "epsdiluted": 0.91,
    "weightedAverageShsOut": 327499000,
    "weightedAverageShsOutDil": 329099000,
    "link": "https://www.sec.gov/Archives/edgar/data/1031296/000095015204007903/0000950152-04-007903-index.htm",
    "finalLink": "https://www.sec.gov/Archives/edgar/data/20947/000095015204007903/l10407ae10vq.htm"
  },
  {
    "date": "2004-06-30",
    "symbol": "FE",
    "reportedCurrency": "USD",
    "cik": "0001031296",
    "fillingDate": "2004-08-06",
    "acceptedDate": "2004-08-06 14:57:53",
    "calendarYear": "2004",
    "period": "Q2",
    "revenue": 3150000000,
    "costOfRevenue": 1095000000,
    "grossProfit": 1898000000,
    "grossProfitRatio": 0.6025396825,
    "researchAndDevelopmentExpenses": 0,
    "generalAndAdministrativeExpenses": 0,
    "sellingAndMarketingExpenses": 0,
    "sellingGeneralAndAdministrativeExpenses": 0,
    "otherExpenses": 1407000000,
    "operatingExpenses": 1407000000,
    "costAndExpenses": 2502000000,
    "interestIncome": 0,
    "interestExpense": 0,
    "depreciationAndAmortization": 480000000,
    "ebitda": 971000000,
    "ebitdaratio": 0.3082539683,
    "operatingIncome": 491000000,
    "operatingIncomeRatio": 0.1558730159,
    "totalOtherIncomeExpensesNet": -112000000,
    "incomeBeforeTax": 382000000,
    "incomeBeforeTaxRatio": 0.1212698413,
    "incomeTaxExpense": 178000000,
    "netIncome": 204000000,
    "netIncomeRatio": 0.0647619048,
    "eps": 0.62,
    "epsdiluted": 0.62,
    "weightedAverageShsOut": 327284000,
    "weightedAverageShsOutDil": 329103000,
    "link": "https://www.sec.gov/Archives/edgar/data/1031296/000103129604000164/0001031296-04-000164-index.htm",
    "finalLink": "https://www.sec.gov/Archives/edgar/data/20947/000103129604000164/main.txt"
  },
  {
    "date": "2004-03-31",
    "symbol": "FE",
    "reportedCurrency": "USD",
    "cik": "0001031296",
    "fillingDate": "2004-05-10",
    "acceptedDate": "2004-05-10 14:17:26",
    "calendarYear": "2004",
    "period": "Q1",
    "revenue": 3183000000,
    "costOfRevenue": 1134000000,
    "grossProfit": 1863000000,
    "grossProfitRatio": 0.5852968897,
    "researchAndDevelopmentExpenses": 0,
    "generalAndAdministrativeExpenses": 0,
    "sellingAndMarketingExpenses": 0,
    "sellingGeneralAndAdministrativeExpenses": 0,
    "otherExpenses": 1404000000,
    "operatingExpenses": 1404000000,
    "costAndExpenses": 2538000000,
    "interestIncome": 0,
    "interestExpense": 0,
    "depreciationAndAmortization": 429000000,
    "ebitda": 888000000,
    "ebitdaratio": 0.2789820924,
    "operatingIncome": 459000000,
    "operatingIncomeRatio": 0.1442035815,
    "totalOtherIncomeExpensesNet": -171000000,
    "incomeBeforeTax": 290000000,
    "incomeBeforeTaxRatio": 0.0911090167,
    "incomeTaxExpense": 116000000,
    "netIncome": 174000000,
    "netIncomeRatio": 0.05466541,
    "eps": 0.53,
    "epsdiluted": 0.53,
    "weightedAverageShsOut": 327057000,
    "weightedAverageShsOutDil": 329034000,
    "link": "https://www.sec.gov/Archives/edgar/data/1031296/000103129604000115/0001031296-04-000115-index.htm",
    "finalLink": "https://www.sec.gov/Archives/edgar/data/20947/000103129604000115/fe_10-q.txt"
  },
  {
    "date": "2003-12-31",
    "symbol": "FE",
    "reportedCurrency": "USD",
    "cik": "0001031296",
    "fillingDate": "2004-03-15",
    "acceptedDate": "2004-03-15 12:36:19",
    "calendarYear": "2003",
    "period": "Q4",
    "revenue": 2766000000,
    "costOfRevenue": 1055000000,
    "grossProfit": 1711000000,
    "grossProfitRatio": 0.618582791,
    "researchAndDevelopmentExpenses": 0,
    "generalAndAdministrativeExpenses": 0,
    "sellingAndMarketingExpenses": 0,
    "sellingGeneralAndAdministrativeExpenses": 0,
    "otherExpenses": 1201000000,
    "operatingExpenses": 1201000000,
    "costAndExpenses": 2256000000,
    "interestIncome": 0,
    "interestExpense": 0,
    "depreciationAndAmortization": 344000000,
    "ebitda": 854000000,
    "ebitdaratio": 0.3087490962,
    "operatingIncome": 510000000,
    "operatingIncomeRatio": 0.1843817787,
    "totalOtherIncomeExpensesNet": -198000000,
    "incomeBeforeTax": 312000000,
    "incomeBeforeTaxRatio": 0.1127982646,
    "incomeTaxExpense": 162000000,
    "netIncome": 109000000,
    "netIncomeRatio": 0.039407086,
    "eps": 0,
    "epsdiluted": 0,
    "weightedAverageShsOut": 328525000,
    "weightedAverageShsOutDil": 328541000,
    "link": "https://www.sec.gov/Archives/edgar/data/1031296/000103129604000074/0001031296-04-000074-index.htm",
    "finalLink": "https://www.sec.gov/Archives/edgar/data/20947/000103129604000074/fe_10-k.txt"
  },
  {
    "date": "2003-09-30",
    "symbol": "FE",
    "reportedCurrency": "USD",
    "cik": "0001031296",
    "fillingDate": "2003-11-14",
    "acceptedDate": "2003-11-14 15:50:43",
    "calendarYear": "2003",
    "period": "Q3",
    "revenue": 3444000000,
    "costOfRevenue": 1304621000,
    "grossProfit": 2118193000,
    "grossProfitRatio": 0.6150386179,
    "researchAndDevelopmentExpenses": 0,
    "generalAndAdministrativeExpenses": 0,
    "sellingAndMarketingExpenses": 0,
    "sellingGeneralAndAdministrativeExpenses": 0,
    "otherExpenses": 1630735000,
    "operatingExpenses": 1630735000,
    "costAndExpenses": 2935356000,
    "interestIncome": 0,
    "interestExpense": 0,
    "depreciationAndAmortization": 405108000,
    "ebitda": 892566000,
    "ebitdaratio": 0.2591655052,
    "operatingIncome": 487458000,
    "operatingIncomeRatio": 0.1415383275,
    "totalOtherIncomeExpensesNet": -200614000,
    "incomeBeforeTax": 286000000,
    "incomeBeforeTaxRatio": 0.0830429733,
    "incomeTaxExpense": 133000000,
    "netIncome": 152719000,
    "netIncomeRatio": 0.0443434959,
    "eps": 0.51,
    "epsdiluted": 0.5,
    "weightedAverageShsOut": 299422000,
    "weightedAverageShsOutDil": 300751000,
    "link": "https://www.sec.gov/Archives/edgar/data/1031296/000103129603000267/0001031296-03-000267-index.htm",
    "finalLink": "https://www.sec.gov/Archives/edgar/data/20947/000103129603000267/main-1.txt"
  },
  {
    "date": "2003-06-30",
    "symbol": "FE",
    "reportedCurrency": "USD",
    "cik": "0001031296",
    "fillingDate": "2003-08-19",
    "acceptedDate": "2003-08-19 17:20:52",
    "calendarYear": "2003",
    "period": "Q2",
    "revenue": 2863000000,
    "costOfRevenue": 1162000000,
    "grossProfit": 1691000000,
    "grossProfitRatio": 0.5906391897,
    "researchAndDevelopmentExpenses": 0,
    "generalAndAdministrativeExpenses": 0,
    "sellingAndMarketingExpenses": 0,
    "sellingGeneralAndAdministrativeExpenses": 0,
    "otherExpenses": 1457000000,
    "operatingExpenses": 1457000000,
    "costAndExpenses": 2619000000,
    "interestIncome": 0,
    "interestExpense": 0,
    "depreciationAndAmortization": 369000000,
    "ebitda": 603000000,
    "ebitdaratio": 0.2106182326,
    "operatingIncome": 234000000,
    "operatingIncomeRatio": 0.0817324485,
    "totalOtherIncomeExpensesNet": -206000000,
    "incomeBeforeTax": 27000000,
    "incomeBeforeTaxRatio": 0.0094306671,
    "incomeTaxExpense": 18000000,
    "netIncome": -58000000,
    "netIncomeRatio": -0.0202584701,
    "eps": -0.2,
    "epsdiluted": -0.2,
    "weightedAverageShsOut": 294166000,
    "weightedAverageShsOutDil": 295888000,
    "link": "https://www.sec.gov/Archives/edgar/data/1031296/000095015203007826/0000950152-03-007826-index.htm",
    "finalLink": "https://www.sec.gov/Archives/edgar/data/20947/000095015203007826/l02707ae10vq.txt"
  },
  {
    "date": "2003-03-31",
    "symbol": "FE",
    "reportedCurrency": "USD",
    "cik": "0001031296",
    "fillingDate": "2003-05-13",
    "acceptedDate": "2003-05-13 14:30:23",
    "calendarYear": "2003",
    "period": "Q1",
    "revenue": 3244472000,
    "costOfRevenue": 1325000000,
    "grossProfit": 1896000000,
    "grossProfitRatio": 0.5843785984,
    "researchAndDevelopmentExpenses": 0,
    "generalAndAdministrativeExpenses": 0,
    "sellingAndMarketingExpenses": 0,
    "sellingGeneralAndAdministrativeExpenses": 0,
    "otherExpenses": 1481000000,
    "operatingExpenses": 1481000000,
    "costAndExpenses": 2806000000,
    "interestIncome": 0,
    "interestExpense": 0,
    "depreciationAndAmortization": 387000000,
    "ebitda": 802000000,
    "ebitdaratio": 0.2471896814,
    "operatingIncome": 415000000,
    "operatingIncomeRatio": 0.1279098725,
    "totalOtherIncomeExpensesNet": -207000000,
    "incomeBeforeTax": 240974000,
    "incomeBeforeTaxRatio": 0.0742721774,
    "incomeTaxExpense": 102136000,
    "netIncome": 218000000,
    "netIncomeRatio": 0.0671912102,
    "eps": 0.74,
    "epsdiluted": 0.74,
    "weightedAverageShsOut": 293886000,
    "weightedAverageShsOutDil": 294877000,
    "link": "https://www.sec.gov/Archives/edgar/data/1031296/000103129603000117/0001031296-03-000117-index.htm",
    "finalLink": "https://www.sec.gov/Archives/edgar/data/20947/000103129603000117/mar03.txt"
  },
  {
    "date": "2002-12-31",
    "symbol": "FE",
    "reportedCurrency": "USD",
    "cik": "0001031296",
    "fillingDate": "2003-03-26",
    "acceptedDate": "2003-03-26 15:26:19",
    "calendarYear": "2002",
    "period": "Q4",
    "revenue": 2828797000,
    "costOfRevenue": 901274000,
    "grossProfit": 1927523000,
    "grossProfitRatio": 0.6813931859,
    "researchAndDevelopmentExpenses": 0,
    "generalAndAdministrativeExpenses": 0,
    "sellingAndMarketingExpenses": 0,
    "sellingGeneralAndAdministrativeExpenses": 0,
    "otherExpenses": 1608464000,
    "operatingExpenses": 1608464000,
    "costAndExpenses": 2509738000,
    "interestIncome": 0,
    "interestExpense": 0,
    "depreciationAndAmortization": 354918000,
    "ebitda": 673977000,
    "ebitdaratio": 0.2382556967,
    "operatingIncome": 319059000,
    "operatingIncomeRatio": 0.1127896417,
    "totalOtherIncomeExpensesNet": -215805000,
    "incomeBeforeTax": 103254000,
    "incomeBeforeTaxRatio": 0.0365010285,
    "incomeTaxExpense": 45211000,
    "netIncome": -30778000,
    "netIncomeRatio": -0.0108802434,
    "eps": 0,
    "epsdiluted": 0,
    "weightedAverageShsOut": 292802000,
    "weightedAverageShsOutDil": 292845000,
    "link": "https://www.sec.gov/Archives/edgar/data/1031296/000103129603000070/0001031296-03-000070-index.htm",
    "finalLink": "https://www.sec.gov/Archives/edgar/data/20947/000103129603000070/fe_10k.txt"
  },
  {
    "date": "2002-09-30",
    "symbol": "FE",
    "reportedCurrency": "USD",
    "cik": "0001031296",
    "fillingDate": "2002-11-14",
    "acceptedDate": "2002-11-14 16:52:59",
    "calendarYear": "2002",
    "period": "Q3",
    "revenue": 3572335000,
    "costOfRevenue": 1370000000,
    "grossProfit": 2081000000,
    "grossProfitRatio": 0.5825321533,
    "researchAndDevelopmentExpenses": 0,
    "generalAndAdministrativeExpenses": 0,
    "sellingAndMarketingExpenses": 0,
    "sellingGeneralAndAdministrativeExpenses": 0,
    "otherExpenses": 1353000000,
    "operatingExpenses": 1353000000,
    "costAndExpenses": 2723000000,
    "interestIncome": 0,
    "interestExpense": 0,
    "depreciationAndAmortization": 306000000,
    "ebitda": 1038000000,
    "ebitdaratio": 0.2905662543,
    "operatingIncome": 728000000,
    "operatingIncomeRatio": 0.2037882785,
    "totalOtherIncomeExpensesNet": -221000000,
    "incomeBeforeTax": 549119000,
    "incomeBeforeTaxRatio": 0.1537143073,
    "incomeTaxExpense": 238864000,
    "netIncome": 285000000,
    "netIncomeRatio": 0.0797797519,
    "eps": 0.97,
    "epsdiluted": 0.97,
    "weightedAverageShsOut": 293328000,
    "weightedAverageShsOutDil": 294277000,
    "link": "https://www.sec.gov/Archives/edgar/data/1031296/000103129602000210/0001031296-02-000210-index.htm",
    "finalLink": "https://www.sec.gov/Archives/edgar/data/20947/000103129602000210/main.txt"
  },
  {
    "date": "2002-06-30",
    "symbol": "FE",
    "reportedCurrency": "USD",
    "cik": "0001031296",
    "fillingDate": "2002-08-08",
    "acceptedDate": "2002-08-08 16:15:46",
    "calendarYear": "2002",
    "period": "Q2",
    "revenue": 2948708000,
    "costOfRevenue": 912000000,
    "grossProfit": 1986000000,
    "grossProfitRatio": 0.6735153159,
    "researchAndDevelopmentExpenses": 0,
    "generalAndAdministrativeExpenses": 0,
    "sellingAndMarketingExpenses": 0,
    "sellingGeneralAndAdministrativeExpenses": 0,
    "otherExpenses": 1360000000,
    "operatingExpenses": 1360000000,
    "costAndExpenses": 2272000000,
    "interestIncome": 0,
    "interestExpense": 0,
    "depreciationAndAmortization": 361744000,
    "ebitda": 987744000,
    "ebitdaratio": 0.3349751824,
    "operatingIncome": 626000000,
    "operatingIncomeRatio": 0.2122963684,
    "totalOtherIncomeExpensesNet": -250000000,
    "incomeBeforeTax": 417882000,
    "incomeBeforeTaxRatio": 0.1417169825,
    "incomeTaxExpense": 184572000,
    "netIncome": 208000000,
    "netIncomeRatio": 0.0705393684,
    "eps": 0.71,
    "epsdiluted": 0.71,
    "weightedAverageShsOut": 293080000,
    "weightedAverageShsOutDil": 294589000,
    "link": "https://www.sec.gov/Archives/edgar/data/1031296/000103129602000132/0001031296-02-000132-index.htm",
    "finalLink": "https://www.sec.gov/Archives/edgar/data/20947/000103129602000132/jun02.txt"
  },
  {
    "date": "2002-03-31",
    "symbol": "FE",
    "reportedCurrency": "USD",
    "cik": "0001031296",
    "fillingDate": "2002-05-15",
    "acceptedDate": "2002-05-15 16:07:41",
    "calendarYear": "2002",
    "period": "Q1",
    "revenue": 2802157000,
    "costOfRevenue": 891067000,
    "grossProfit": 1962211000,
    "grossProfitRatio": 0.7002502001,
    "researchAndDevelopmentExpenses": 0,
    "generalAndAdministrativeExpenses": 0,
    "sellingAndMarketingExpenses": 0,
    "sellingGeneralAndAdministrativeExpenses": 0,
    "otherExpenses": 1472567000,
    "operatingExpenses": 1472567000,
    "costAndExpenses": 2363634000,
    "interestIncome": 0,
    "interestExpense": 0,
    "depreciationAndAmortization": 280256000,
    "ebitda": 769900000,
    "ebitdaratio": 0.2747526281,
    "operatingIncome": 489644000,
    "operatingIncomeRatio": 0.1747382463,
    "totalOtherIncomeExpensesNet": -278722000,
    "incomeBeforeTax": 165622000,
    "incomeBeforeTaxRatio": 0.0591051822,
    "incomeTaxExpense": 80829000,
    "netIncome": 116493000,
    "netIncomeRatio": 0.0415726171,
    "eps": 0.4,
    "epsdiluted": 0.4,
    "weightedAverageShsOut": 292791000,
    "weightedAverageShsOutDil": 294344000,
    "link": "https://www.sec.gov/Archives/edgar/data/1031296/000103129602000044/0001031296-02-000044-index.htm",
    "finalLink": "https://www.sec.gov/Archives/edgar/data/20947/000103129602000044/main.txt"
  },
  {
    "date": "2001-12-31",
    "symbol": "FE",
    "reportedCurrency": "USD",
    "cik": "0001031296",
    "fillingDate": "2002-04-01",
    "acceptedDate": "2002-04-01 00:00:00",
    "calendarYear": "2001",
    "period": "Q4",
    "revenue": 2257829000,
    "costOfRevenue": 667985000,
    "grossProfit": 1589844000,
    "grossProfitRatio": 0.704147214,
    "researchAndDevelopmentExpenses": 0,
    "generalAndAdministrativeExpenses": 0,
    "sellingAndMarketingExpenses": 0,
    "sellingGeneralAndAdministrativeExpenses": 0,
    "otherExpenses": 1147948000,
    "operatingExpenses": 1147948000,
    "costAndExpenses": 1815933000,
    "interestIncome": 0,
    "interestExpense": 0,
    "depreciationAndAmortization": 270552000,
    "ebitda": 712448000,
    "ebitdaratio": 0.3155455971,
    "operatingIncome": 441896000,
    "operatingIncomeRatio": 0.1957172133,
    "totalOtherIncomeExpensesNet": -184298000,
    "incomeBeforeTax": 257598000,
    "incomeBeforeTaxRatio": 0.114091014,
    "incomeTaxExpense": 88965000,
    "netIncome": 168633000,
    "netIncomeRatio": 0.0746881185,
    "eps": 0,
    "epsdiluted": 0,
    "weightedAverageShsOut": 264926000,
    "weightedAverageShsOutDil": 264926000,
    "link": "https://www.sec.gov/Archives/edgar/data/1031296/000103129602000017/0001031296-02-000017-index.htm",
    "finalLink": "https://www.sec.gov/Archives/edgar/data/20947/000103129602000017/main.txt"
  },
  {
    "date": "2001-09-30",
    "symbol": "FE",
    "reportedCurrency": "USD",
    "cik": "0001031296",
    "fillingDate": "2001-11-13",
    "acceptedDate": "2001-11-13 00:00:00",
    "calendarYear": "2001",
    "period": "Q3",
    "revenue": 1951646000,
    "costOfRevenue": 422090000,
    "grossProfit": 1529556000,
    "grossProfitRatio": 0.7837261471,
    "researchAndDevelopmentExpenses": 0,
    "generalAndAdministrativeExpenses": 0,
    "sellingAndMarketingExpenses": 0,
    "sellingGeneralAndAdministrativeExpenses": 0,
    "otherExpenses": 990059000,
    "operatingExpenses": 990059000,
    "costAndExpenses": 1412149000,
    "interestIncome": 0,
    "interestExpense": 0,
    "depreciationAndAmortization": 230900000,
    "ebitda": 770397000,
    "ebitdaratio": 0.3947421817,
    "operatingIncome": 539497000,
    "operatingIncomeRatio": 0.2764317914,
    "totalOtherIncomeExpensesNet": -124126000,
    "incomeBeforeTax": 415371000,
    "incomeBeforeTaxRatio": 0.2128311179,
    "incomeTaxExpense": 181284000,
    "netIncome": 234087000,
    "netIncomeRatio": 0.1199433709,
    "eps": 1.07,
    "epsdiluted": 1.06,
    "weightedAverageShsOut": 218594000,
    "weightedAverageShsOutDil": 220165000,
    "link": "https://www.sec.gov/Archives/edgar/data/1031296/000103129601500028/0001031296-01-500028-index.htm",
    "finalLink": "https://www.sec.gov/Archives/edgar/data/20947/000103129601500028/final.txt"
  },
  {
    "date": "2001-06-30",
    "symbol": "FE",
    "reportedCurrency": "USD",
    "cik": "0001031296",
    "fillingDate": "2001-08-10",
    "acceptedDate": "2001-08-10 00:00:00",
    "calendarYear": "2001",
    "period": "Q2",
    "revenue": 1804146000,
    "costOfRevenue": 474085000,
    "grossProfit": 1330061000,
    "grossProfitRatio": 0.7372247035,
    "researchAndDevelopmentExpenses": 0,
    "generalAndAdministrativeExpenses": 0,
    "sellingAndMarketingExpenses": 0,
    "sellingGeneralAndAdministrativeExpenses": 0,
    "otherExpenses": 942638000,
    "operatingExpenses": 942638000,
    "costAndExpenses": 1416723000,
    "interestIncome": 0,
    "interestExpense": 0,
    "depreciationAndAmortization": 226793000,
    "ebitda": 614216000,
    "ebitdaratio": 0.3404469483,
    "operatingIncome": 387423000,
    "operatingIncomeRatio": 0.2147403813,
    "totalOtherIncomeExpensesNet": -120965000,
    "incomeBeforeTax": 266458000,
    "incomeBeforeTaxRatio": 0.1476920382,
    "incomeTaxExpense": 120439000,
    "netIncome": 146019000,
    "netIncomeRatio": 0.0809352458,
    "eps": 0.67,
    "epsdiluted": 0.67,
    "weightedAverageShsOut": 218372000,
    "weightedAverageShsOutDil": 219540000,
    "link": "https://www.sec.gov/Archives/edgar/data/1031296/000103129601500018/0001031296-01-500018-index.htm",
    "finalLink": "https://www.sec.gov/Archives/edgar/data/20947/000103129601500018/june.txt"
  },
  {
    "date": "2001-03-31",
    "symbol": "FE",
    "reportedCurrency": "USD",
    "cik": "0001031296",
    "fillingDate": "2001-05-15",
    "acceptedDate": "2001-05-15 00:00:00",
    "calendarYear": "2001",
    "period": "Q1",
    "revenue": 1985741000,
    "costOfRevenue": 677396000,
    "grossProfit": 1308345000,
    "grossProfitRatio": 0.658869913,
    "researchAndDevelopmentExpenses": 0,
    "generalAndAdministrativeExpenses": 0,
    "sellingAndMarketingExpenses": 0,
    "sellingGeneralAndAdministrativeExpenses": 0,
    "otherExpenses": 992039000,
    "operatingExpenses": 992039000,
    "costAndExpenses": 1669435000,
    "interestIncome": 0,
    "interestExpense": 0,
    "depreciationAndAmortization": 247556000,
    "ebitda": 563862000,
    "ebitdaratio": 0.2839554605,
    "operatingIncome": 316306000,
    "operatingIncomeRatio": 0.1592886484,
    "totalOtherIncomeExpensesNet": -126330000,
    "incomeBeforeTax": 189976000,
    "incomeBeforeTaxRatio": 0.0956700798,
    "incomeTaxExpense": 83769000,
    "netIncome": 97708000,
    "netIncomeRatio": 0.0492048057,
    "eps": 0.45,
    "epsdiluted": 0.45,
    "weightedAverageShsOut": 218107000,
    "weightedAverageShsOutDil": 218903000,
    "link": "https://www.sec.gov/Archives/edgar/data/1031296/000103129601500011/0001031296-01-500011-index.htm",
    "finalLink": "https://www.sec.gov/Archives/edgar/data/20947/000103129601500011/mar01.txt"
  },
  {
    "date": "2000-12-31",
    "symbol": "FE",
    "reportedCurrency": "USD",
    "cik": "0001031296",
    "fillingDate": "2001-03-28",
    "acceptedDate": "2001-03-28 00:00:00",
    "calendarYear": "2000",
    "period": "Q4",
    "revenue": 1827282000,
    "costOfRevenue": 207937000,
    "grossProfit": 1619345000,
    "grossProfitRatio": 0.8862042093,
    "researchAndDevelopmentExpenses": 0,
    "generalAndAdministrativeExpenses": 0,
    "sellingAndMarketingExpenses": 0,
    "sellingGeneralAndAdministrativeExpenses": 0,
    "otherExpenses": 1310947000,
    "operatingExpenses": 1310947000,
    "costAndExpenses": 1518884000,
    "interestIncome": 0,
    "interestExpense": 0,
    "depreciationAndAmortization": 250710000,
    "ebitda": 636015000,
    "ebitdaratio": 0.3480661441,
    "operatingIncome": 308398000,
    "operatingIncomeRatio": 0.1687741684,
    "totalOtherIncomeExpensesNet": -128576000,
    "incomeBeforeTax": 179822000,
    "incomeBeforeTaxRatio": 0.0984095504,
    "incomeTaxExpense": 54561000,
    "netIncome": 125261000,
    "netIncomeRatio": 0.0685504482,
    "eps": 0,
    "epsdiluted": 0,
    "weightedAverageShsOut": 219531000,
    "weightedAverageShsOutDil": 219684000,
    "link": "https://www.sec.gov/Archives/edgar/data/1031296/000103129601500009/0001031296-01-500009-index.htm",
    "finalLink": "https://www.sec.gov/Archives/edgar/data/1031296/000103129601500009/tenk.txt"
  },
  {
    "date": "2000-09-30",
    "symbol": "FE",
    "reportedCurrency": "USD",
    "cik": "0001031296",
    "fillingDate": "2000-11-14",
    "acceptedDate": "2000-11-14 00:00:00",
    "calendarYear": "2000",
    "period": "Q3",
    "revenue": 1891645000,
    "costOfRevenue": 438778000,
    "grossProfit": 1452867000,
    "grossProfitRatio": 0.7680442155,
    "researchAndDevelopmentExpenses": 0,
    "generalAndAdministrativeExpenses": 0,
    "sellingAndMarketingExpenses": 0,
    "sellingGeneralAndAdministrativeExpenses": 0,
    "otherExpenses": 994294000,
    "operatingExpenses": 994294000,
    "costAndExpenses": 1433072000,
    "interestIncome": 0,
    "interestExpense": 0,
    "depreciationAndAmortization": 309705000,
    "ebitda": 768278000,
    "ebitdaratio": 0.4061428016,
    "operatingIncome": 458573000,
    "operatingIncomeRatio": 0.2424202216,
    "totalOtherIncomeExpensesNet": -131186000,
    "incomeBeforeTax": 327387000,
    "incomeBeforeTaxRatio": 0.1730699999,
    "incomeTaxExpense": 129200000,
    "netIncome": 198187000,
    "netIncomeRatio": 0.1047696582,
    "eps": 0.89,
    "epsdiluted": 0.89,
    "weightedAverageShsOut": 221846000,
    "weightedAverageShsOutDil": 222406000,
    "link": "https://www.sec.gov/Archives/edgar/data/1031296/000103129600000096/0001031296-00-000096-index.htm",
    "finalLink": "https://www.sec.gov/Archives/edgar/data/20947/000103129600000096/0001031296-00-000096-0001.txt"
  },
  {
    "date": "2000-06-30",
    "symbol": "FE",
    "reportedCurrency": "USD",
    "cik": "0001031296",
    "fillingDate": "2000-08-14",
    "acceptedDate": "2000-08-14 00:00:00",
    "calendarYear": "2000",
    "period": "Q2",
    "revenue": 1702104000,
    "costOfRevenue": 393868000,
    "grossProfit": 1308236000,
    "grossProfitRatio": 0.7685993335,
    "researchAndDevelopmentExpenses": 0,
    "generalAndAdministrativeExpenses": 0,
    "sellingAndMarketingExpenses": 0,
    "sellingGeneralAndAdministrativeExpenses": 0,
    "otherExpenses": 944144000,
    "operatingExpenses": 944144000,
    "costAndExpenses": 1338012000,
    "interestIncome": 0,
    "interestExpense": 0,
    "depreciationAndAmortization": 246286000,
    "ebitda": 610378000,
    "ebitdaratio": 0.3586020596,
    "operatingIncome": 364092000,
    "operatingIncomeRatio": 0.2139070233,
    "totalOtherIncomeExpensesNet": -134346000,
    "incomeBeforeTax": 229746000,
    "incomeBeforeTaxRatio": 0.1349776512,
    "incomeTaxExpense": 95142000,
    "netIncome": 134604000,
    "netIncomeRatio": 0.0790809492,
    "eps": 0.6,
    "epsdiluted": 0.6,
    "weightedAverageShsOut": 223542000,
    "weightedAverageShsOutDil": 223993000,
    "link": "https://www.sec.gov/Archives/edgar/data/1031296/000103129600000042/0001031296-00-000042-index.htm",
    "finalLink": "https://www.sec.gov/Archives/edgar/data/20947/000103129600000042/0001031296-00-000042-0001.txt"
  },
  {
    "date": "2000-03-31",
    "symbol": "FE",
    "reportedCurrency": "USD",
    "cik": "0001031296",
    "fillingDate": "2000-05-12",
    "acceptedDate": "2000-05-12 00:00:00",
    "calendarYear": "2000",
    "period": "Q1",
    "revenue": 1607930000,
    "costOfRevenue": 346678000,
    "grossProfit": 1261252000,
    "grossProfitRatio": 0.7843948431,
    "researchAndDevelopmentExpenses": 0,
    "generalAndAdministrativeExpenses": 0,
    "sellingAndMarketingExpenses": 0,
    "sellingGeneralAndAdministrativeExpenses": 0,
    "otherExpenses": 887408000,
    "operatingExpenses": 887408000,
    "costAndExpenses": 1234086000,
    "interestIncome": 0,
    "interestExpense": 0,
    "depreciationAndAmortization": 228678000,
    "ebitda": 602522000,
    "ebitdaratio": 0.3747190487,
    "operatingIncome": 373844000,
    "operatingIncomeRatio": 0.232500171,
    "totalOtherIncomeExpensesNet": -135027000,
    "incomeBeforeTax": 238817000,
    "incomeBeforeTaxRatio": 0.1485245004,
    "incomeTaxExpense": 97899000,
    "netIncome": 140918000,
    "netIncomeRatio": 0.0876393873,
    "eps": 0.63,
    "epsdiluted": 0.63,
    "weightedAverageShsOut": 224859000,
    "weightedAverageShsOutDil": 224859000,
    "link": "https://www.sec.gov/Archives/edgar/data/1031296/000103129600000022/0001031296-00-000022-index.html",
    "finalLink": "https://www.sec.gov/Archives/edgar/data/20947/000103129600000022/"
  },
  {
    "date": "1999-12-31",
    "symbol": "FE",
    "reportedCurrency": "USD",
    "cik": "0001031296",
    "fillingDate": "2000-03-29",
    "acceptedDate": "2000-03-29 00:00:00",
    "calendarYear": "1999",
    "period": "Q4",
    "revenue": 1646000000,
    "costOfRevenue": 198600000,
    "grossProfit": 1447400000,
    "grossProfitRatio": 0.8793438639,
    "researchAndDevelopmentExpenses": 0,
    "generalAndAdministrativeExpenses": 0,
    "sellingAndMarketingExpenses": 0,
    "sellingGeneralAndAdministrativeExpenses": 0,
    "otherExpenses": 1103300000,
    "operatingExpenses": 1103300000,
    "costAndExpenses": 1301900000,
    "interestIncome": 0,
    "interestExpense": 0,
    "depreciationAndAmortization": 0,
    "ebitda": 581500000,
    "ebitdaratio": 0.3532806804,
    "operatingIncome": 344100000,
    "operatingIncomeRatio": 0.2090522479,
    "totalOtherIncomeExpensesNet": -137500000,
    "incomeBeforeTax": 206600000,
    "incomeBeforeTaxRatio": 0.1255164034,
    "incomeTaxExpense": 86200000,
    "netIncome": 120400000,
    "netIncomeRatio": 0.0731470231,
    "eps": 0,
    "epsdiluted": 0,
    "weightedAverageShsOut": 226826782,
    "weightedAverageShsOutDil": 227360406,
    "link": "https://www.sec.gov/Archives/edgar/data/1031296/000103129600000008/0001031296-00-000008-index.html",
    "finalLink": "https://www.sec.gov/Archives/edgar/data/20947/000103129600000008/"
  },
  {
    "date": "1999-09-30",
    "symbol": "FE",
    "reportedCurrency": "USD",
    "cik": "0001031296",
    "fillingDate": "1999-11-12",
    "acceptedDate": "1999-11-12 00:00:00",
    "calendarYear": "1999",
    "period": "Q3",
    "revenue": 1732400000,
    "costOfRevenue": 269800000,
    "grossProfit": 1462600000,
    "grossProfitRatio": 0.8442622951,
    "researchAndDevelopmentExpenses": 0,
    "generalAndAdministrativeExpenses": 0,
    "sellingAndMarketingExpenses": 0,
    "sellingGeneralAndAdministrativeExpenses": 0,
    "otherExpenses": 1021300000,
    "operatingExpenses": 1021300000,
    "costAndExpenses": 1291100000,
    "interestIncome": 0,
    "interestExpense": 0,
    "depreciationAndAmortization": 0,
    "ebitda": 787200000,
    "ebitdaratio": 0.4543985223,
    "operatingIncome": 441300000,
    "operatingIncomeRatio": 0.2547333179,
    "totalOtherIncomeExpensesNet": -141200000,
    "incomeBeforeTax": 300100000,
    "incomeBeforeTaxRatio": 0.1732278919,
    "incomeTaxExpense": 114300000,
    "netIncome": 185800000,
    "netIncomeRatio": 0.1072500577,
    "eps": 0.82,
    "epsdiluted": 0.82,
    "weightedAverageShsOut": 226585366,
    "weightedAverageShsOutDil": 226585366,
    "link": "https://www.sec.gov/Archives/edgar/data/1031296/000103129699000022/0001031296-99-000022-index.html",
    "finalLink": "https://www.sec.gov/Archives/edgar/data/20947/000103129699000022/"
  },
  {
    "date": "1999-06-30",
    "symbol": "FE",
    "reportedCurrency": "USD",
    "cik": "0001031296",
    "fillingDate": "1999-08-13",
    "acceptedDate": "1999-08-13 00:00:00",
    "calendarYear": "1999",
    "period": "Q2",
    "revenue": 1523900000,
    "costOfRevenue": 204273000,
    "grossProfit": 1314466000,
    "grossProfitRatio": 0.8625670976,
    "researchAndDevelopmentExpenses": 0,
    "generalAndAdministrativeExpenses": 0,
    "sellingAndMarketingExpenses": 0,
    "sellingGeneralAndAdministrativeExpenses": 0,
    "otherExpenses": 940988000,
    "operatingExpenses": 940988000,
    "costAndExpenses": 1145261000,
    "interestIncome": 0,
    "interestExpense": 0,
    "depreciationAndAmortization": 235608000,
    "ebitda": 609086000,
    "ebitdaratio": 0.399688956,
    "operatingIncome": 373478000,
    "operatingIncomeRatio": 0.2450803859,
    "totalOtherIncomeExpensesNet": -147362000,
    "incomeBeforeTax": 226700000,
    "incomeBeforeTaxRatio": 0.1487630422,
    "incomeTaxExpense": 101400000,
    "netIncome": 125322000,
    "netIncomeRatio": 0.0822376796,
    "eps": 0.55,
    "epsdiluted": 0.55,
    "weightedAverageShsOut": 227858182,
    "weightedAverageShsOutDil": 227858182,
    "link": "https://www.sec.gov/Archives/edgar/data/1031296/000103129699000015/0001031296-99-000015-index.html",
    "finalLink": "https://www.sec.gov/Archives/edgar/data/20947/000103129699000015/"
  },
  {
    "date": "1999-03-31",
    "symbol": "FE",
    "reportedCurrency": "USD",
    "cik": "0001031296",
    "fillingDate": "1999-05-14",
    "acceptedDate": "1999-05-14 00:00:00",
    "calendarYear": "1999",
    "period": "Q1",
    "revenue": 1417400000,
    "costOfRevenue": 204357000,
    "grossProfit": 1218195000,
    "grossProfitRatio": 0.8594574573,
    "researchAndDevelopmentExpenses": 0,
    "generalAndAdministrativeExpenses": 0,
    "sellingAndMarketingExpenses": 0,
    "sellingGeneralAndAdministrativeExpenses": 0,
    "otherExpenses": 841849000,
    "operatingExpenses": 841849000,
    "costAndExpenses": 1046206000,
    "interestIncome": 0,
    "interestExpense": 0,
    "depreciationAndAmortization": 216000000,
    "ebitda": 593689000,
    "ebitdaratio": 0.4188577677,
    "operatingIncome": 376346000,
    "operatingIncomeRatio": 0.2655185551,
    "totalOtherIncomeExpensesNet": -146077000,
    "incomeBeforeTax": 229600000,
    "incomeBeforeTaxRatio": 0.1619867363,
    "incomeTaxExpense": 92900000,
    "netIncome": 136721000,
    "netIncomeRatio": 0.0964590095,
    "eps": 0.6,
    "epsdiluted": 0.6,
    "weightedAverageShsOut": 227868333,
    "weightedAverageShsOutDil": 227868333,
    "link": "https://www.sec.gov/Archives/edgar/data/1031296/000103129699000008/0001031296-99-000008-index.html",
    "finalLink": "https://www.sec.gov/Archives/edgar/data/20947/"
  },
  {
    "date": "1998-12-31",
    "symbol": "FE",
    "reportedCurrency": "USD",
    "cik": "0001031296",
    "fillingDate": "1999-03-29",
    "acceptedDate": "1999-03-29 00:00:00",
    "calendarYear": "1998",
    "period": "Q4",
    "revenue": 1967400000,
    "costOfRevenue": 150300000,
    "grossProfit": 1817100000,
    "grossProfitRatio": 0.9236047575,
    "researchAndDevelopmentExpenses": 0,
    "generalAndAdministrativeExpenses": 0,
    "sellingAndMarketingExpenses": 0,
    "sellingGeneralAndAdministrativeExpenses": 0,
    "otherExpenses": 1504000000,
    "operatingExpenses": 1504000000,
    "costAndExpenses": 1654300000,
    "interestIncome": 0,
    "interestExpense": 0,
    "depreciationAndAmortization": 0,
    "ebitda": 513800000,
    "ebitdaratio": 0.2611568568,
    "operatingIncome": 313100000,
    "operatingIncomeRatio": 0.159144048,
    "totalOtherIncomeExpensesNet": -160600000,
    "incomeBeforeTax": 152500000,
    "incomeBeforeTaxRatio": 0.0775134696,
    "incomeTaxExpense": 57800000,
    "netIncome": 94700000,
    "netIncomeRatio": 0.0481345939,
    "eps": 0,
    "epsdiluted": 0,
    "weightedAverageShsOut": 227920571,
    "weightedAverageShsOutDil": 227920571,
    "link": "https://www.sec.gov/Archives/edgar/data/1031296/000103129699000005/0001031296-99-000005-index.html",
    "finalLink": "https://www.sec.gov/Archives/edgar/data/20947/"
  },
  {
    "date": "1998-09-30",
    "symbol": "FE",
    "reportedCurrency": "USD",
    "cik": "0001031296",
    "fillingDate": "1998-11-13",
    "acceptedDate": "1998-11-13 00:00:00",
    "calendarYear": "1998",
    "period": "Q3",
    "revenue": 1416700000,
    "costOfRevenue": 291200000,
    "grossProfit": 1430800000,
    "grossProfitRatio": 1.009952707,
    "researchAndDevelopmentExpenses": 0,
    "generalAndAdministrativeExpenses": 0,
    "sellingAndMarketingExpenses": 0,
    "sellingGeneralAndAdministrativeExpenses": 0,
    "otherExpenses": 1002700000,
    "operatingExpenses": 1002700000,
    "costAndExpenses": 1293900000,
    "interestIncome": 0,
    "interestExpense": 0,
    "depreciationAndAmortization": 0,
    "ebitda": 657400000,
    "ebitdaratio": 0.4640361403,
    "operatingIncome": 428100000,
    "operatingIncomeRatio": 0.3021811251,
    "totalOtherIncomeExpensesNet": -139900000,
    "incomeBeforeTax": 288200000,
    "incomeBeforeTaxRatio": 0.2034305075,
    "incomeTaxExpense": 125100000,
    "netIncome": 163100000,
    "netIncomeRatio": 0.1151267029,
    "eps": 0.71,
    "epsdiluted": 0.71,
    "weightedAverageShsOut": 229718310,
    "weightedAverageShsOutDil": 229718310,
    "link": "https://www.sec.gov/Archives/edgar/data/1031296/000103129698000030/0001031296-98-000030-index.html",
    "finalLink": "https://www.sec.gov/Archives/edgar/data/20947/"
  },
  {
    "date": "1998-06-30",
    "symbol": "FE",
    "reportedCurrency": "USD",
    "cik": "0001031296",
    "fillingDate": "1998-08-12",
    "acceptedDate": "1998-08-12 00:00:00",
    "calendarYear": "1998",
    "period": "Q2",
    "revenue": 1277100000,
    "costOfRevenue": 326300000,
    "grossProfit": 1137700000,
    "grossProfitRatio": 0.890846449,
    "researchAndDevelopmentExpenses": 0,
    "generalAndAdministrativeExpenses": 0,
    "sellingAndMarketingExpenses": 0,
    "sellingGeneralAndAdministrativeExpenses": 0,
    "otherExpenses": 870800000,
    "operatingExpenses": 870800000,
    "costAndExpenses": 1197100000,
    "interestIncome": 0,
    "interestExpense": 0,
    "depreciationAndAmortization": 0,
    "ebitda": 472200000,
    "ebitdaratio": 0.3697439511,
    "operatingIncome": 266900000,
    "operatingIncomeRatio": 0.208989116,
    "totalOtherIncomeExpensesNet": -154700000,
    "incomeBeforeTax": 121900000,
    "incomeBeforeTaxRatio": 0.0954506303,
    "incomeTaxExpense": 61900000,
    "netIncome": 29500000,
    "netIncomeRatio": 0.0230992091,
    "eps": 0.13,
    "epsdiluted": 0.13,
    "weightedAverageShsOut": 226923077,
    "weightedAverageShsOutDil": 226923077,
    "link": "https://www.sec.gov/Archives/edgar/data/1031296/000103129698000024/0001031296-98-000024-index.html",
    "finalLink": "https://www.sec.gov/Archives/edgar/data/20947/"
  },
  {
    "date": "1998-03-31",
    "symbol": "FE",
    "reportedCurrency": "USD",
    "cik": "0001031296",
    "fillingDate": "1998-05-14",
    "acceptedDate": "1998-05-14 00:00:00",
    "calendarYear": "1998",
    "period": "Q1",
    "revenue": 1200000000,
    "costOfRevenue": 214900000,
    "grossProfit": 1152200000,
    "grossProfitRatio": 0.9601666667,
    "researchAndDevelopmentExpenses": 0,
    "generalAndAdministrativeExpenses": 0,
    "sellingAndMarketingExpenses": 0,
    "sellingGeneralAndAdministrativeExpenses": 0,
    "otherExpenses": 802000000,
    "operatingExpenses": 802000000,
    "costAndExpenses": 1016900000,
    "interestIncome": 0,
    "interestExpense": 0,
    "depreciationAndAmortization": 0,
    "ebitda": 568400000,
    "ebitdaratio": 0.4736666667,
    "operatingIncome": 350200000,
    "operatingIncomeRatio": 0.2918333333,
    "totalOtherIncomeExpensesNet": -143500000,
    "incomeBeforeTax": 200600000,
    "incomeBeforeTaxRatio": 0.1671666667,
    "incomeTaxExpense": 76900000,
    "netIncome": 123700000,
    "netIncomeRatio": 0.1030833333,
    "eps": 0.56,
    "epsdiluted": 0.56,
    "weightedAverageShsOut": 220892857,
    "weightedAverageShsOutDil": 220892857,
    "link": "https://www.sec.gov/Archives/edgar/data/1031296/000103129698000017/0001031296-98-000017-index.html",
    "finalLink": "https://www.sec.gov/Archives/edgar/data/20947/"
  },
  {
    "date": "1997-12-31",
    "symbol": "FE",
    "reportedCurrency": "USD",
    "cik": "0001031296",
    "fillingDate": "1998-03-30",
    "acceptedDate": "1998-03-30 00:00:00",
    "calendarYear": "1997",
    "period": "Q4",
    "revenue": 970800000,
    "costOfRevenue": 0,
    "grossProfit": 0,
    "grossProfitRatio": 0,
    "researchAndDevelopmentExpenses": 0,
    "generalAndAdministrativeExpenses": 0,
    "sellingAndMarketingExpenses": 0,
    "sellingGeneralAndAdministrativeExpenses": 0,
    "otherExpenses": 970800000,
    "operatingExpenses": 970800000,
    "costAndExpenses": 970800000,
    "interestIncome": 0,
    "interestExpense": 0,
    "depreciationAndAmortization": 0,
    "ebitda": -1110900000,
    "ebitdaratio": -1.1443139679,
    "operatingIncome": -1110900000,
    "operatingIncomeRatio": -1.1443139679,
    "totalOtherIncomeExpensesNet": 1110900000,
    "incomeBeforeTax": 0,
    "incomeBeforeTaxRatio": 0,
    "incomeTaxExpense": -70400000,
    "netIncome": 70400000,
    "netIncomeRatio": 0.0725175113,
    "eps": 0,
    "epsdiluted": 0,
    "weightedAverageShsOut": 156900000,
    "weightedAverageShsOutDil": 156900000,
    "link": "https://www.sec.gov/Archives/edgar/data/1031296/000103129698000011/0001031296-98-000011-index.html",
    "finalLink": "https://www.sec.gov/Archives/edgar/data/20947/"
  },
  {
    "date": "1997-09-30",
    "symbol": "FE",
    "reportedCurrency": "USD",
    "cik": "0001031296",
    "fillingDate": "1997-09-30",
    "acceptedDate": "1997-09-29 20:00:00",
    "calendarYear": "1997",
    "period": "Q3",
    "revenue": 616900000,
    "costOfRevenue": 0,
    "grossProfit": 0,
    "grossProfitRatio": 0,
    "researchAndDevelopmentExpenses": 0,
    "generalAndAdministrativeExpenses": 0,
    "sellingAndMarketingExpenses": 0,
    "sellingGeneralAndAdministrativeExpenses": 0,
    "otherExpenses": 616900000,
    "operatingExpenses": 616900000,
    "costAndExpenses": 616900000,
    "interestIncome": 0,
    "interestExpense": 0,
    "depreciationAndAmortization": 0,
    "ebitda": 616900000,
    "ebitdaratio": 1,
    "operatingIncome": 616900000,
    "operatingIncomeRatio": 1,
    "totalOtherIncomeExpensesNet": -616900000,
    "incomeBeforeTax": 0,
    "incomeBeforeTaxRatio": 0,
    "incomeTaxExpense": -78500000,
    "netIncome": 78500000,
    "netIncomeRatio": 0.127249149,
    "eps": 0.5,
    "epsdiluted": 0.5,
    "weightedAverageShsOut": 156900000,
    "weightedAverageShsOutDil": 156900000,
    "link": null,
    "finalLink": null
  },
  {
    "date": "1997-06-30",
    "symbol": "FE",
    "reportedCurrency": "USD",
    "cik": "0001031296",
    "fillingDate": "1997-06-30",
    "acceptedDate": "1997-06-29 20:00:00",
    "calendarYear": "1997",
    "period": "Q2",
    "revenue": 616900000,
    "costOfRevenue": 0,
    "grossProfit": 0,
    "grossProfitRatio": 0,
    "researchAndDevelopmentExpenses": 0,
    "generalAndAdministrativeExpenses": 0,
    "sellingAndMarketingExpenses": 0,
    "sellingGeneralAndAdministrativeExpenses": 0,
    "otherExpenses": 616900000,
    "operatingExpenses": 616900000,
    "costAndExpenses": 616900000,
    "interestIncome": 0,
    "interestExpense": 0,
    "depreciationAndAmortization": 0,
    "ebitda": 616900000,
    "ebitdaratio": 1,
    "operatingIncome": 616900000,
    "operatingIncomeRatio": 1,
    "totalOtherIncomeExpensesNet": -616900000,
    "incomeBeforeTax": 0,
    "incomeBeforeTaxRatio": 0,
    "incomeTaxExpense": -78500000,
    "netIncome": 78500000,
    "netIncomeRatio": 0.127249149,
    "eps": 0.5,
    "epsdiluted": 0.5,
    "weightedAverageShsOut": 157000000,
    "weightedAverageShsOutDil": 157000000,
    "link": null,
    "finalLink": null
  },
  {
    "date": "1997-03-31",
    "symbol": "FE",
    "reportedCurrency": "USD",
    "cik": "0001031296",
    "fillingDate": "1997-03-31",
    "acceptedDate": "1997-03-30 19:00:00",
    "calendarYear": "1997",
    "period": "Q1",
    "revenue": 616800000,
    "costOfRevenue": 0,
    "grossProfit": 0,
    "grossProfitRatio": 0,
    "researchAndDevelopmentExpenses": 0,
    "generalAndAdministrativeExpenses": 0,
    "sellingAndMarketingExpenses": 0,
    "sellingGeneralAndAdministrativeExpenses": 0,
    "otherExpenses": 616800000,
    "operatingExpenses": 616800000,
    "costAndExpenses": 616800000,
    "interestIncome": 0,
    "interestExpense": 0,
    "depreciationAndAmortization": 0,
    "ebitda": 616800000,
    "ebitdaratio": 1,
    "operatingIncome": 616800000,
    "operatingIncomeRatio": 1,
    "totalOtherIncomeExpensesNet": -616800000,
    "incomeBeforeTax": 0,
    "incomeBeforeTaxRatio": 0,
    "incomeTaxExpense": -78400000,
    "netIncome": 78400000,
    "netIncomeRatio": 0.1271076524,
    "eps": 0.5,
    "epsdiluted": 0.5,
    "weightedAverageShsOut": 156800000,
    "weightedAverageShsOutDil": 156800000,
    "link": null,
    "finalLink": null
  }
]