[
  {
    "date": "2024-12-31",
    "symbol": "FE",
    "reportedCurrency": "USD",
    "cik": "0001031296",
    "fillingDate": "2025-02-27",
    "acceptedDate": "2025-02-27 17:23:08",
    "calendarYear": "2024",
    "period": "FY",
    "revenue": 13472000000,
    "costOfRevenue": 4376000000,
    "grossProfit": 9096000000,
    "grossProfitRatio": 0.6751781473,
    "researchAndDevelopmentExpenses": 0,
    "generalAndAdministrativeExpenses": 0,
    "sellingAndMarketingExpenses": 0,
    "sellingGeneralAndAdministrativeExpenses": 0,
    "otherExpenses": 6721000000,
    "operatingExpenses": 6721000000,
    "costAndExpenses": 11097000000,
    "interestIncome": 0,
    "interestExpense": 1011000000,
    "depreciationAndAmortization": 1588000000,
    "ebitda": 4103000000,
    "ebitdaratio": 0.304557601,
    "operatingIncome": 2375000000,
    "operatingIncomeRatio": 0.1762915677,
    "totalOtherIncomeExpensesNet": -871000000,
    "incomeBeforeTax": 1504000000,
    "incomeBeforeTaxRatio": 0.1116389549,
    "incomeTaxExpense": 377000000,
    "netIncome": 978000000,
    "netIncomeRatio": 0.0725950119,
    "eps": 1.7,
    "epsdiluted": 1.7,
    "weightedAverageShsOut": 575000000,
    "weightedAverageShsOutDil": 577000000,
    "link": "https://www.sec.gov/Archives/edgar/data/1031296/000103129625000006/0001031296-25-000006-index.htm",
    "finalLink": "https://www.sec.gov/Archives/edgar/data/1031296/000103129625000006/fe-20241231.htm"
  },
  {
    "date": "2023-12-31",
    "symbol": "FE",
    "reportedCurrency": "USD",
    "cik": "0001031296",
    "fillingDate": "2024-02-13",
    "acceptedDate": "2024-02-13 07:00:38",
    "calendarYear": "2023",
    "period": "FY",
    "revenue": 12870000000,
    "costOfRevenue": 4646000000,
    "grossProfit": 8224000000,
    "grossProfitRatio": 0.639005439,
    "researchAndDevelopmentExpenses": 0,
    "generalAndAdministrativeExpenses": 78000000,
    "sellingAndMarketingExpenses": 0,
    "sellingGeneralAndAdministrativeExpenses": 78000000,
    "otherExpenses": 5880000000,
    "operatingExpenses": 5958000000,
    "costAndExpenses": 10604000000,
    "interestIncome": 0,
    "interestExpense": 1027000000,
    "depreciationAndAmortization": 1461000000,
    "ebitda": 3952000000,
    "ebitdaratio": 0.3070707071,
    "operatingIncome": 2266000000,
    "operatingIncomeRatio": 0.1760683761,
    "totalOtherIncomeExpensesNet": -802000000,
    "incomeBeforeTax": 1464000000,
    "incomeBeforeTaxRatio": 0.1137529138,
    "incomeTaxExpense": 267000000,
    "netIncome": 1102000000,
    "netIncomeRatio": 0.0856254856,
    "eps": 1.92,
    "epsdiluted": 1.92,
    "weightedAverageShsOut": 573000000,
    "weightedAverageShsOutDil": 574000000,
    "link": "https://www.sec.gov/Archives/edgar/data/1031296/000103129624000008/0001031296-24-000008-index.htm",
    "finalLink": "https://www.sec.gov/Archives/edgar/data/1031296/000103129624000008/fe-20231231.htm"
  },
  {
    "date": "2022-12-31",
    "symbol": "FE",
    "reportedCurrency": "USD",
    "cik": "0001031296",
    "fillingDate": "2023-02-13",
    "acceptedDate": "2023-02-13 17:01:49",
    "calendarYear": "2022",
    "period": "FY",
    "revenue": 12459000000,
    "costOfRevenue": 4593000000,
    "grossProfit": 7866000000,
    "grossProfitRatio": 0.6313508307,
    "researchAndDevelopmentExpenses": 0,
    "generalAndAdministrativeExpenses": -72000000,
    "sellingAndMarketingExpenses": 0,
    "sellingGeneralAndAdministrativeExpenses": -72000000,
    "otherExpenses": 6028000000,
    "operatingExpenses": 5956000000,
    "costAndExpenses": 10549000000,
    "interestIncome": 0,
    "interestExpense": 955000000,
    "depreciationAndAmortization": 1375000000,
    "ebitda": 3769000000,
    "ebitdaratio": 0.3025122401,
    "operatingIncome": 1910000000,
    "operatingIncomeRatio": 0.1533028333,
    "totalOtherIncomeExpensesNet": -471000000,
    "incomeBeforeTax": 1439000000,
    "incomeBeforeTaxRatio": 0.1154988362,
    "incomeTaxExpense": 1000000000,
    "netIncome": 406000000,
    "netIncomeRatio": 0.032586885,
    "eps": 0.71,
    "epsdiluted": 0.71,
    "weightedAverageShsOut": 571000000,
    "weightedAverageShsOutDil": 572000000,
    "link": "https://www.sec.gov/Archives/edgar/data/1031296/000103129623000014/0001031296-23-000014-index.htm",
    "finalLink": "https://www.sec.gov/Archives/edgar/data/1031296/000103129623000014/fe-20221231.htm"
  },
  {
    "date": "2021-12-31",
    "symbol": "FE",
    "reportedCurrency": "USD",
    "cik": "0001031296",
    "fillingDate": "2022-02-16",
    "acceptedDate": "2022-02-16 16:21:58",
    "calendarYear": "2021",
    "period": "FY",
    "revenue": 11132000000,
    "costOfRevenue": 3445000000,
    "grossProfit": 7687000000,
    "grossProfitRatio": 0.6905318002,
    "researchAndDevelopmentExpenses": 0,
    "generalAndAdministrativeExpenses": -382000000,
    "sellingAndMarketingExpenses": 0,
    "sellingGeneralAndAdministrativeExpenses": -382000000,
    "otherExpenses": 6343000000,
    "operatingExpenses": 5961000000,
    "costAndExpenses": 9406000000,
    "interestIncome": 0,
    "interestExpense": 1064000000,
    "depreciationAndAmortization": 1664000000,
    "ebitda": 4287000000,
    "ebitdaratio": 0.3851060007,
    "operatingIncome": 1726000000,
    "operatingIncomeRatio": 0.1550485088,
    "totalOtherIncomeExpensesNet": -167000000,
    "incomeBeforeTax": 1559000000,
    "incomeBeforeTaxRatio": 0.1400467122,
    "incomeTaxExpense": 320000000,
    "netIncome": 1283000000,
    "netIncomeRatio": 0.1152533238,
    "eps": 2.35,
    "epsdiluted": 2.35,
    "weightedAverageShsOut": 545000000,
    "weightedAverageShsOutDil": 546000000,
    "link": "https://www.sec.gov/Archives/edgar/data/1031296/000103129622000013/0001031296-22-000013-index.htm",
    "finalLink": "https://www.sec.gov/Archives/edgar/data/1031296/000103129622000013/fe-20211231.htm"
  },
  {
    "date": "2020-12-31",
    "symbol": "FE",
    "reportedCurrency": "USD",
    "cik": "0001031296",
    "fillingDate": "2021-02-18",
    "acceptedDate": "2021-02-18 06:50:45",
    "calendarYear": "2020",
    "period": "FY",
    "revenue": 10790000000,
    "costOfRevenue": 3070000000,
    "grossProfit": 7720000000,
    "grossProfitRatio": 0.7154772938,
    "researchAndDevelopmentExpenses": 0,
    "generalAndAdministrativeExpenses": 477000000,
    "sellingAndMarketingExpenses": 0,
    "sellingGeneralAndAdministrativeExpenses": 477000000,
    "otherExpenses": 5081000000,
    "operatingExpenses": 5558000000,
    "costAndExpenses": 8628000000,
    "interestIncome": 0,
    "interestExpense": 988000000,
    "depreciationAndAmortization": 1228000000,
    "ebitda": 3393000000,
    "ebitdaratio": 0.3144578313,
    "operatingIncome": 2162000000,
    "operatingIncomeRatio": 0.2003707136,
    "totalOtherIncomeExpensesNet": -1033000000,
    "incomeBeforeTax": 1129000000,
    "incomeBeforeTaxRatio": 0.1046339203,
    "incomeTaxExpense": 126000000,
    "netIncome": 1079000000,
    "netIncomeRatio": 0.1,
    "eps": 1.99,
    "epsdiluted": 1.99,
    "weightedAverageShsOut": 542000000,
    "weightedAverageShsOutDil": 543000000,
    "link": "https://www.sec.gov/Archives/edgar/data/1031296/000103129621000020/0001031296-21-000020-index.htm",
    "finalLink": "https://www.sec.gov/Archives/edgar/data/1031296/000103129621000020/fe-20201231.htm"
  },
  {
    "date": "2019-12-31",
    "symbol": "FE",
    "reportedCurrency": "USD",
    "cik": "0001031296",
    "fillingDate": "2020-02-10",
    "acceptedDate": "2020-02-10 07:13:59",
    "calendarYear": "2019",
    "period": "FY",
    "revenue": 11035000000,
    "costOfRevenue": 3424000000,
    "grossProfit": 7611000000,
    "grossProfitRatio": 0.6897145446,
    "researchAndDevelopmentExpenses": 0,
    "generalAndAdministrativeExpenses": 674000000,
    "sellingAndMarketingExpenses": 0,
    "sellingGeneralAndAdministrativeExpenses": 674000000,
    "otherExpenses": 4427000000,
    "operatingExpenses": 5101000000,
    "costAndExpenses": 8525000000,
    "interestIncome": 0,
    "interestExpense": 962000000,
    "depreciationAndAmortization": 1217000000,
    "ebitda": 3299000000,
    "ebitdaratio": 0.2989578614,
    "operatingIncome": 2510000000,
    "operatingIncomeRatio": 0.2274580879,
    "totalOtherIncomeExpensesNet": -1393000000,
    "incomeBeforeTax": 1117000000,
    "incomeBeforeTaxRatio": 0.1012233802,
    "incomeTaxExpense": 213000000,
    "netIncome": 912000000,
    "netIncomeRatio": 0.082646126,
    "eps": 1.7,
    "epsdiluted": 1.68,
    "weightedAverageShsOut": 535000000,
    "weightedAverageShsOutDil": 542000000,
    "link": "https://www.sec.gov/Archives/edgar/data/1031296/000103129620000008/0001031296-20-000008-index.htm",
    "finalLink": "https://www.sec.gov/Archives/edgar/data/1031296/000103129620000008/fe-12312019x10k.htm"
  },
  {
    "date": "2018-12-31",
    "symbol": "FE",
    "reportedCurrency": "USD",
    "cik": "0001031296",
    "fillingDate": "2019-03-06",
    "acceptedDate": "2019-03-06 17:01:23",
    "calendarYear": "2018",
    "period": "FY",
    "revenue": 11261000000,
    "costOfRevenue": 3647000000,
    "grossProfit": 7614000000,
    "grossProfitRatio": 0.6761388864,
    "researchAndDevelopmentExpenses": 0,
    "generalAndAdministrativeExpenses": 144000000,
    "sellingAndMarketingExpenses": 0,
    "sellingGeneralAndAdministrativeExpenses": 144000000,
    "otherExpenses": 4968000000,
    "operatingExpenses": 5112000000,
    "costAndExpenses": 8759000000,
    "interestIncome": 0,
    "interestExpense": 1051000000,
    "depreciationAndAmortization": 1384000000,
    "ebitda": 3947000000,
    "ebitdaratio": 0.3505017316,
    "operatingIncome": 2502000000,
    "operatingIncomeRatio": 0.2221827546,
    "totalOtherIncomeExpensesNet": -990000000,
    "incomeBeforeTax": 1512000000,
    "incomeBeforeTaxRatio": 0.134268715,
    "incomeTaxExpense": 490000000,
    "netIncome": 1348000000,
    "netIncomeRatio": 0.1197051772,
    "eps": 1.99,
    "epsdiluted": 1.99,
    "weightedAverageShsOut": 492000000,
    "weightedAverageShsOutDil": 494000000,
    "link": "https://www.sec.gov/Archives/edgar/data/1031296/000103129619000015/0001031296-19-000015-index.htm",
    "finalLink": "https://www.sec.gov/Archives/edgar/data/1031296/000103129619000015/fe-12312018x10ka.htm"
  },
  {
    "date": "2017-12-31",
    "symbol": "FE",
    "reportedCurrency": "USD",
    "cik": "0001031296",
    "fillingDate": "2018-02-20",
    "acceptedDate": "2018-02-20 16:54:49",
    "calendarYear": "2017",
    "period": "FY",
    "revenue": 14017000000,
    "costOfRevenue": 3423000000,
    "grossProfit": 7505000000,
    "grossProfitRatio": 0.5354212742,
    "researchAndDevelopmentExpenses": 0,
    "generalAndAdministrativeExpenses": 141000000,
    "sellingAndMarketingExpenses": 0,
    "sellingGeneralAndAdministrativeExpenses": 102000000,
    "otherExpenses": 4975000000,
    "operatingExpenses": 5077000000,
    "costAndExpenses": 8500000000,
    "interestIncome": 0,
    "interestExpense": 953000000,
    "depreciationAndAmortization": 1700000000,
    "ebitda": 4079000000,
    "ebitdaratio": 0.2910037811,
    "operatingIncome": 2428000000,
    "operatingIncomeRatio": 0.173218235,
    "totalOtherIncomeExpensesNet": -1041000000,
    "incomeBeforeTax": 1426000000,
    "incomeBeforeTaxRatio": 0.1017336092,
    "incomeTaxExpense": 1715000000,
    "netIncome": -1724000000,
    "netIncomeRatio": -0.1229935079,
    "eps": -3.88,
    "epsdiluted": -3.88,
    "weightedAverageShsOut": 444000000,
    "weightedAverageShsOutDil": 444000000,
    "link": "https://www.sec.gov/Archives/edgar/data/1031296/000103129618000015/0001031296-18-000015-index.htm",
    "finalLink": "https://www.sec.gov/Archives/edgar/data/1031296/000103129618000015/fe-12312017x10k.htm"
  },
  {
    "date": "2016-12-31",
    "symbol": "FE",
    "reportedCurrency": "USD",
    "cik": "0001031296",
    "fillingDate": "2017-02-21",
    "acceptedDate": "2017-02-21 17:10:38",
    "calendarYear": "2016",
    "period": "FY",
    "revenue": 14562000000,
    "costOfRevenue": 3881000000,
    "grossProfit": 6819000000,
    "grossProfitRatio": 0.4682735888,
    "researchAndDevelopmentExpenses": 0,
    "generalAndAdministrativeExpenses": 147000000,
    "sellingAndMarketingExpenses": 0,
    "sellingGeneralAndAdministrativeExpenses": 102000000,
    "otherExpenses": 4663000000,
    "operatingExpenses": 4765000000,
    "costAndExpenses": 8646000000,
    "interestIncome": 0,
    "interestExpense": 918000000,
    "depreciationAndAmortization": 1974000000,
    "ebitda": 3970000000,
    "ebitdaratio": 0.2726273863,
    "operatingIncome": 2054000000,
    "operatingIncomeRatio": 0.1410520533,
    "totalOtherIncomeExpensesNet": -11286000000,
    "incomeBeforeTax": -9232000000,
    "incomeBeforeTaxRatio": -0.6339788491,
    "incomeTaxExpense": -3055000000,
    "netIncome": -6177000000,
    "netIncomeRatio": -0.4241862382,
    "eps": -14.49,
    "epsdiluted": -14.49,
    "weightedAverageShsOut": 426000000,
    "weightedAverageShsOutDil": 426000000,
    "link": "https://www.sec.gov/Archives/edgar/data/1031296/000103129617000015/0001031296-17-000015-index.htm",
    "finalLink": "https://www.sec.gov/Archives/edgar/data/1031296/000103129617000015/fe-12312016x10k.htm"
  },
  {
    "date": "2015-12-31",
    "symbol": "FE",
    "reportedCurrency": "USD",
    "cik": "0001031296",
    "fillingDate": "2016-02-16",
    "acceptedDate": "2016-02-16 16:59:25",
    "calendarYear": "2015",
    "period": "FY",
    "revenue": 15026000000,
    "costOfRevenue": 6278000000,
    "grossProfit": 8748000000,
    "grossProfitRatio": 0.5821908692,
    "researchAndDevelopmentExpenses": 0,
    "generalAndAdministrativeExpenses": 242000000,
    "sellingAndMarketingExpenses": 0,
    "sellingGeneralAndAdministrativeExpenses": 242000000,
    "otherExpenses": 6214000000,
    "operatingExpenses": 6456000000,
    "costAndExpenses": 12734000000,
    "interestIncome": 0,
    "interestExpense": 1015000000,
    "depreciationAndAmortization": 1826000000,
    "ebitda": 3734000000,
    "ebitdaratio": 0.2485025955,
    "operatingIncome": 2292000000,
    "operatingIncomeRatio": 0.152535605,
    "totalOtherIncomeExpensesNet": -1399000000,
    "incomeBeforeTax": 893000000,
    "incomeBeforeTaxRatio": 0.0594303208,
    "incomeTaxExpense": 315000000,
    "netIncome": 578000000,
    "netIncomeRatio": 0.0384666578,
    "eps": 1.37,
    "epsdiluted": 1.37,
    "weightedAverageShsOut": 422000000,
    "weightedAverageShsOutDil": 424000000,
    "link": "https://www.sec.gov/Archives/edgar/data/1031296/000103129616000071/0001031296-16-000071-index.htm",
    "finalLink": "https://www.sec.gov/Archives/edgar/data/1031296/000103129616000071/fe-12312015x10k.htm"
  },
  {
    "date": "2014-12-31",
    "symbol": "FE",
    "reportedCurrency": "USD",
    "cik": "0001031296",
    "fillingDate": "2015-02-17",
    "acceptedDate": "2015-02-17 16:32:21",
    "calendarYear": "2014",
    "period": "FY",
    "revenue": 15049000000,
    "costOfRevenue": 6996000000,
    "grossProfit": 8053000000,
    "grossProfitRatio": 0.5351186125,
    "researchAndDevelopmentExpenses": 0,
    "generalAndAdministrativeExpenses": 835000000,
    "sellingAndMarketingExpenses": 0,
    "sellingGeneralAndAdministrativeExpenses": 835000000,
    "otherExpenses": 6156000000,
    "operatingExpenses": 6991000000,
    "costAndExpenses": 13987000000,
    "interestIncome": 0,
    "interestExpense": 955000000,
    "depreciationAndAmortization": 1592000000,
    "ebitda": 2726000000,
    "ebitdaratio": 0.1811416041,
    "operatingIncome": 1062000000,
    "operatingIncomeRatio": 0.0705694731,
    "totalOtherIncomeExpensesNet": -891000000,
    "incomeBeforeTax": 171000000,
    "incomeBeforeTaxRatio": 0.0113628813,
    "incomeTaxExpense": -42000000,
    "netIncome": 299000000,
    "netIncomeRatio": 0.0198684298,
    "eps": 0.71,
    "epsdiluted": 0.71,
    "weightedAverageShsOut": 420000000,
    "weightedAverageShsOutDil": 421000000,
    "link": "https://www.sec.gov/Archives/edgar/data/1031296/000103129615000011/0001031296-15-000011-index.htm",
    "finalLink": "https://www.sec.gov/Archives/edgar/data/1031296/000103129615000011/fe-12312014x10k.htm"
  },
  {
    "date": "2013-12-31",
    "symbol": "FE",
    "reportedCurrency": "USD",
    "cik": "0001031296",
    "fillingDate": "2014-02-27",
    "acceptedDate": "2014-02-27 15:10:55",
    "calendarYear": "2013",
    "period": "FY",
    "revenue": 14917000000,
    "costOfRevenue": 6459000000,
    "grossProfit": 8433000000,
    "grossProfitRatio": 0.5653281491,
    "researchAndDevelopmentExpenses": 0,
    "generalAndAdministrativeExpenses": -256000000,
    "sellingAndMarketingExpenses": 0,
    "sellingGeneralAndAdministrativeExpenses": -256000000,
    "otherExpenses": 7107000000,
    "operatingExpenses": 6851000000,
    "costAndExpenses": 13310000000,
    "interestIncome": 0,
    "interestExpense": 913000000,
    "depreciationAndAmortization": 2022000000,
    "ebitda": 3505000000,
    "ebitdaratio": 0.2349668164,
    "operatingIncome": 1582000000,
    "operatingIncomeRatio": 0.106053496,
    "totalOtherIncomeExpensesNet": -1012000000,
    "incomeBeforeTax": 570000000,
    "incomeBeforeTaxRatio": 0.0382114366,
    "incomeTaxExpense": 195000000,
    "netIncome": 392000000,
    "netIncomeRatio": 0.0262787424,
    "eps": 0.94,
    "epsdiluted": 0.94,
    "weightedAverageShsOut": 418000000,
    "weightedAverageShsOutDil": 419000000,
    "link": "https://www.sec.gov/Archives/edgar/data/1031296/000103129614000010/0001031296-14-000010-index.htm",
    "finalLink": "https://www.sec.gov/Archives/edgar/data/1031296/000103129614000010/fe-12312013x10k.htm"
  },
  {
    "date": "2012-12-31",
    "symbol": "FE",
    "reportedCurrency": "USD",
    "cik": "0001031296",
    "fillingDate": "2013-02-25",
    "acceptedDate": "2013-02-25 15:09:18",
    "calendarYear": "2012",
    "period": "FY",
    "revenue": 15303000000,
    "costOfRevenue": 6717000000,
    "grossProfit": 8538000000,
    "grossProfitRatio": 0.5579298177,
    "researchAndDevelopmentExpenses": 0,
    "generalAndAdministrativeExpenses": 609000000,
    "sellingAndMarketingExpenses": 0,
    "sellingGeneralAndAdministrativeExpenses": 609000000,
    "otherExpenses": 5795000000,
    "operatingExpenses": 6404000000,
    "costAndExpenses": 13121000000,
    "interestIncome": 0,
    "interestExpense": 911000000,
    "depreciationAndAmortization": 1347000000,
    "ebitda": 3558000000,
    "ebitdaratio": 0.2325034307,
    "operatingIncome": 2134000000,
    "operatingIncomeRatio": 0.1394497811,
    "totalOtherIncomeExpensesNet": -810000000,
    "incomeBeforeTax": 1324000000,
    "incomeBeforeTaxRatio": 0.0865189832,
    "incomeTaxExpense": 553000000,
    "netIncome": 770000000,
    "netIncomeRatio": 0.0503169313,
    "eps": 1.85,
    "epsdiluted": 1.84,
    "weightedAverageShsOut": 418000000,
    "weightedAverageShsOutDil": 419000000,
    "link": "https://www.sec.gov/Archives/edgar/data/1031296/000103129613000010/0001031296-13-000010-index.htm",
    "finalLink": "https://www.sec.gov/Archives/edgar/data/53456/000103129613000010/fe-12312012x10k.htm"
  },
  {
    "date": "2011-12-31",
    "symbol": "FE",
    "reportedCurrency": "USD",
    "cik": "0001031296",
    "fillingDate": "2012-02-28",
    "acceptedDate": "2012-02-28 16:23:58",
    "calendarYear": "2011",
    "period": "FY",
    "revenue": 16258000000,
    "costOfRevenue": 7191000000,
    "grossProfit": 8914000000,
    "grossProfitRatio": 0.5482839218,
    "researchAndDevelopmentExpenses": 0,
    "generalAndAdministrativeExpenses": 0,
    "sellingAndMarketingExpenses": 0,
    "sellingGeneralAndAdministrativeExpenses": 507000000,
    "otherExpenses": 6730000000,
    "operatingExpenses": 7237000000,
    "costAndExpenses": 14428000000,
    "interestIncome": 70000000,
    "interestExpense": 1008000000,
    "depreciationAndAmortization": 1263000000,
    "ebitda": 3623000000,
    "ebitdaratio": 0.2228441383,
    "operatingIncome": 1677000000,
    "operatingIncomeRatio": 0.1031492188,
    "totalOtherIncomeExpensesNet": -255000000,
    "incomeBeforeTax": 1443000000,
    "incomeBeforeTaxRatio": 0.0887563046,
    "incomeTaxExpense": 574000000,
    "netIncome": 885000000,
    "netIncomeRatio": 0.0544347398,
    "eps": 2.22,
    "epsdiluted": 2.21,
    "weightedAverageShsOut": 399000000,
    "weightedAverageShsOutDil": 401000000,
    "link": "https://www.sec.gov/Archives/edgar/data/1031296/000103129612000012/0001031296-12-000012-index.htm",
    "finalLink": "https://www.sec.gov/Archives/edgar/data/20947/000103129612000012/fe-12312011x10k.htm"
  },
  {
    "date": "2010-12-31",
    "symbol": "FE",
    "reportedCurrency": "USD",
    "cik": "0001031296",
    "fillingDate": "2011-02-16",
    "acceptedDate": "2011-02-16 16:16:59",
    "calendarYear": "2010",
    "period": "FY",
    "revenue": 13339000000,
    "costOfRevenue": 6056000000,
    "grossProfit": 7283000000,
    "grossProfitRatio": 0.545992953,
    "researchAndDevelopmentExpenses": 0,
    "generalAndAdministrativeExpenses": 0,
    "sellingAndMarketingExpenses": 0,
    "sellingGeneralAndAdministrativeExpenses": 190000000,
    "otherExpenses": 5350000000,
    "operatingExpenses": 5540000000,
    "costAndExpenses": 11596000000,
    "interestIncome": 165000000,
    "interestExpense": 845000000,
    "depreciationAndAmortization": 918000000,
    "ebitda": 2778000000,
    "ebitdaratio": 0.2082614889,
    "operatingIncome": 1743000000,
    "operatingIncomeRatio": 0.1306694655,
    "totalOtherIncomeExpensesNet": -625000000,
    "incomeBeforeTax": 1242000000,
    "incomeBeforeTaxRatio": 0.0931104281,
    "incomeTaxExpense": 482000000,
    "netIncome": 742000000,
    "netIncomeRatio": 0.0556263588,
    "eps": 2.44,
    "epsdiluted": 2.42,
    "weightedAverageShsOut": 304000000,
    "weightedAverageShsOutDil": 305000000,
    "link": "https://www.sec.gov/Archives/edgar/data/1031296/000095012311014700/0000950123-11-014700-index.htm",
    "finalLink": "https://www.sec.gov/Archives/edgar/data/20947/000095012311014700/c11256e10vk.htm"
  },
  {
    "date": "2009-12-31",
    "symbol": "FE",
    "reportedCurrency": "USD",
    "cik": "0001031296",
    "fillingDate": "2010-02-19",
    "acceptedDate": "2010-02-18 19:40:30",
    "calendarYear": "2009",
    "period": "FY",
    "revenue": 12967000000,
    "costOfRevenue": 5883000000,
    "grossProfit": 7090000000,
    "grossProfitRatio": 0.5467725765,
    "researchAndDevelopmentExpenses": 0,
    "generalAndAdministrativeExpenses": 0,
    "sellingAndMarketingExpenses": 0,
    "sellingGeneralAndAdministrativeExpenses": 2697000000,
    "otherExpenses": 2514000000,
    "operatingExpenses": 5211000000,
    "costAndExpenses": 11094000000,
    "interestIncome": 130000000,
    "interestExpense": 978000000,
    "depreciationAndAmortization": 736000000,
    "ebitda": 2949000000,
    "ebitdaratio": 0.2274234596,
    "operatingIncome": 1879000000,
    "operatingIncomeRatio": 0.1449063006,
    "totalOtherIncomeExpensesNet": -514000000,
    "incomeBeforeTax": 1235000000,
    "incomeBeforeTaxRatio": 0.0952417676,
    "incomeTaxExpense": 245000000,
    "netIncome": 1006000000,
    "netIncomeRatio": 0.0775815532,
    "eps": 3.31,
    "epsdiluted": 3.29,
    "weightedAverageShsOut": 304000000,
    "weightedAverageShsOutDil": 306000000,
    "link": "https://www.sec.gov/Archives/edgar/data/1031296/000103129610000011/0001031296-10-000011-index.htm",
    "finalLink": "https://www.sec.gov/Archives/edgar/data/20947/000103129610000011/form10k.htm"
  },
  {
    "date": "2008-12-31",
    "symbol": "FE",
    "reportedCurrency": "USD",
    "cik": "0001031296",
    "fillingDate": "2009-02-25",
    "acceptedDate": "2009-02-24 20:28:15",
    "calendarYear": "2008",
    "period": "FY",
    "revenue": 13627000000,
    "costOfRevenue": 5631000000,
    "grossProfit": 7996000000,
    "grossProfitRatio": 0.586776253,
    "researchAndDevelopmentExpenses": 0,
    "generalAndAdministrativeExpenses": 0,
    "sellingAndMarketingExpenses": 0,
    "sellingGeneralAndAdministrativeExpenses": 3045000000,
    "otherExpenses": 2192000000,
    "operatingExpenses": 5237000000,
    "costAndExpenses": 10868000000,
    "interestIncome": 52000000,
    "interestExpense": 754000000,
    "depreciationAndAmortization": 677000000,
    "ebitda": 3547000000,
    "ebitdaratio": 0.2602920672,
    "operatingIncome": 2759000000,
    "operatingIncomeRatio": 0.2024656931,
    "totalOtherIncomeExpensesNet": -643000000,
    "incomeBeforeTax": 2119000000,
    "incomeBeforeTaxRatio": 0.1555001101,
    "incomeTaxExpense": 777000000,
    "netIncome": 1342000000,
    "netIncomeRatio": 0.0984809569,
    "eps": 4.41,
    "epsdiluted": 4.38,
    "weightedAverageShsOut": 304000000,
    "weightedAverageShsOutDil": 307000000,
    "link": "https://www.sec.gov/Archives/edgar/data/1031296/000103129609000008/0001031296-09-000008-index.htm",
    "finalLink": "https://www.sec.gov/Archives/edgar/data/20947/000103129609000008/form10k_2008.htm"
  },
  {
    "date": "2007-12-31",
    "symbol": "FE",
    "reportedCurrency": "USD",
    "cik": "0001031296",
    "fillingDate": "2008-02-29",
    "acceptedDate": "2008-02-28 17:51:17",
    "calendarYear": "2007",
    "period": "FY",
    "revenue": 12802000000,
    "costOfRevenue": 5014000000,
    "grossProfit": 7788000000,
    "grossProfitRatio": 0.6083424465,
    "researchAndDevelopmentExpenses": 0,
    "generalAndAdministrativeExpenses": 0,
    "sellingAndMarketingExpenses": 0,
    "sellingGeneralAndAdministrativeExpenses": 0,
    "otherExpenses": 5497000000,
    "operatingExpenses": 5497000000,
    "costAndExpenses": 10511000000,
    "interestIncome": 0,
    "interestExpense": 0,
    "depreciationAndAmortization": 1758000000,
    "ebitda": 4049000000,
    "ebitdaratio": 0.3162787065,
    "operatingIncome": 2291000000,
    "operatingIncomeRatio": 0.1789564131,
    "totalOtherIncomeExpensesNet": -99000000,
    "incomeBeforeTax": 2192000000,
    "incomeBeforeTaxRatio": 0.1712232464,
    "incomeTaxExpense": 883000000,
    "netIncome": 1309000000,
    "netIncomeRatio": 0.1022496485,
    "eps": 4.27,
    "epsdiluted": 4.22,
    "weightedAverageShsOut": 306000000,
    "weightedAverageShsOutDil": 310000000,
    "link": "https://www.sec.gov/Archives/edgar/data/1031296/000103129608000049/0001031296-08-000049-index.htm",
    "finalLink": "https://www.sec.gov/Archives/edgar/data/20947/000103129608000049/form10k_2007.htm"
  },
  {
    "date": "2006-12-31",
    "symbol": "FE",
    "reportedCurrency": "USD",
    "cik": "0001031296",
    "fillingDate": "2007-02-28",
    "acceptedDate": "2007-02-27 21:08:21",
    "calendarYear": "2006",
    "period": "FY",
    "revenue": 11501000000,
    "costOfRevenue": 4253000000,
    "grossProfit": 7248000000,
    "grossProfitRatio": 0.630206069,
    "researchAndDevelopmentExpenses": 0,
    "generalAndAdministrativeExpenses": 0,
    "sellingAndMarketingExpenses": 0,
    "sellingGeneralAndAdministrativeExpenses": 0,
    "otherExpenses": 5142000000,
    "operatingExpenses": 5142000000,
    "costAndExpenses": 9395000000,
    "interestIncome": 0,
    "interestExpense": 0,
    "depreciationAndAmortization": 1547000000,
    "ebitda": 3653000000,
    "ebitdaratio": 0.3176245544,
    "operatingIncome": 2106000000,
    "operatingIncomeRatio": 0.1831145118,
    "totalOtherIncomeExpensesNet": -53000000,
    "incomeBeforeTax": 2053000000,
    "incomeBeforeTaxRatio": 0.1785062169,
    "incomeTaxExpense": 795000000,
    "netIncome": 1254000000,
    "netIncomeRatio": 0.109033997,
    "eps": 3.84,
    "epsdiluted": 3.81,
    "weightedAverageShsOut": 324000000,
    "weightedAverageShsOutDil": 327000000,
    "link": "https://www.sec.gov/Archives/edgar/data/1031296/000004077907000024/0000040779-07-000024-index.htm",
    "finalLink": "https://www.sec.gov/Archives/edgar/data/20947/000004077907000024/form_10k.htm"
  },
  {
    "date": "2005-12-31",
    "symbol": "FE",
    "reportedCurrency": "USD",
    "cik": "0001031296",
    "fillingDate": "2006-03-02",
    "acceptedDate": "2006-03-02 08:46:34",
    "calendarYear": "2005",
    "period": "FY",
    "revenue": 11989000000,
    "costOfRevenue": 4011000000,
    "grossProfit": 7347000000,
    "grossProfitRatio": 0.6128117441,
    "researchAndDevelopmentExpenses": 0,
    "generalAndAdministrativeExpenses": 0,
    "sellingAndMarketingExpenses": 0,
    "sellingGeneralAndAdministrativeExpenses": 0,
    "otherExpenses": 5685000000,
    "operatingExpenses": 5685000000,
    "costAndExpenses": 9696000000,
    "interestIncome": 0,
    "interestExpense": 0,
    "depreciationAndAmortization": 1960000000,
    "ebitda": 3622000000,
    "ebitdaratio": 0.3021102677,
    "operatingIncome": 1662000000,
    "operatingIncomeRatio": 0.1386270748,
    "totalOtherIncomeExpensesNet": -34000000,
    "incomeBeforeTax": 1627000000,
    "incomeBeforeTaxRatio": 0.1357077321,
    "incomeTaxExpense": 754000000,
    "netIncome": 861000000,
    "netIncomeRatio": 0.0718158312,
    "eps": 2.62,
    "epsdiluted": 2.61,
    "weightedAverageShsOut": 328000000,
    "weightedAverageShsOutDil": 330000000,
    "link": "https://www.sec.gov/Archives/edgar/data/1031296/000103129606000044/0001031296-06-000044-index.htm",
    "finalLink": "https://www.sec.gov/Archives/edgar/data/20947/000103129606000044/form10-k.htm"
  },
  {
    "date": "2004-12-31",
    "symbol": "FE",
    "reportedCurrency": "USD",
    "cik": "0001031296",
    "fillingDate": "2005-03-10",
    "acceptedDate": "2005-03-09 18:40:07",
    "calendarYear": "2004",
    "period": "FY",
    "revenue": 12453000000,
    "costOfRevenue": 4469000000,
    "grossProfit": 7131000000,
    "grossProfitRatio": 0.5726331005,
    "researchAndDevelopmentExpenses": 0,
    "generalAndAdministrativeExpenses": 0,
    "sellingAndMarketingExpenses": 0,
    "sellingGeneralAndAdministrativeExpenses": 0,
    "otherExpenses": 5339000000,
    "operatingExpenses": 5339000000,
    "costAndExpenses": 9808000000,
    "interestIncome": 0,
    "interestExpense": 0,
    "depreciationAndAmortization": 1849000000,
    "ebitda": 3641000000,
    "ebitdaratio": 0.2923793463,
    "operatingIncome": 1792000000,
    "operatingIncomeRatio": 0.143901068,
    "totalOtherIncomeExpensesNet": -205000000,
    "incomeBeforeTax": 1545000000,
    "incomeBeforeTaxRatio": 0.12406649,
    "incomeTaxExpense": 671000000,
    "netIncome": 877000000,
    "netIncomeRatio": 0.0704247972,
    "eps": 2.68,
    "epsdiluted": 2.67,
    "weightedAverageShsOut": 327238806,
    "weightedAverageShsOutDil": 328464419,
    "link": "https://www.sec.gov/Archives/edgar/data/1031296/000103129605000087/0001031296-05-000087-index.htm",
    "finalLink": "https://www.sec.gov/Archives/edgar/data/20947/000103129605000087/form10k.htm"
  },
  {
    "date": "2003-12-31",
    "symbol": "FE",
    "reportedCurrency": "USD",
    "cik": "0001031296",
    "fillingDate": "2004-03-15",
    "acceptedDate": "2004-03-15 12:36:19",
    "calendarYear": "2003",
    "period": "FY",
    "revenue": 12307000000,
    "costOfRevenue": 4159000000,
    "grossProfit": 7516000000,
    "grossProfitRatio": 0.6107093524,
    "researchAndDevelopmentExpenses": 0,
    "generalAndAdministrativeExpenses": 0,
    "sellingAndMarketingExpenses": 0,
    "sellingGeneralAndAdministrativeExpenses": 0,
    "otherExpenses": 5875000000,
    "operatingExpenses": 5875000000,
    "costAndExpenses": 10034000000,
    "interestIncome": 0,
    "interestExpense": 0,
    "depreciationAndAmortization": 1736000000,
    "ebitda": 3377000000,
    "ebitdaratio": 0.2743966848,
    "operatingIncome": 1641000000,
    "operatingIncomeRatio": 0.1333387503,
    "totalOtherIncomeExpensesNet": -809000000,
    "incomeBeforeTax": 828000000,
    "incomeBeforeTaxRatio": 0.0672787844,
    "incomeTaxExpense": 406000000,
    "netIncome": 422000000,
    "netIncomeRatio": 0.0342894288,
    "eps": 1.39,
    "epsdiluted": 1.39,
    "weightedAverageShsOut": 304000000,
    "weightedAverageShsOutDil": 305000000,
    "link": "https://www.sec.gov/Archives/edgar/data/1031296/000103129604000074/0001031296-04-000074-index.htm",
    "finalLink": "https://www.sec.gov/Archives/edgar/data/20947/000103129604000074/fe_10-k.txt"
  },
  {
    "date": "2002-12-31",
    "symbol": "FE",
    "reportedCurrency": "USD",
    "cik": "0001031296",
    "fillingDate": "2003-03-26",
    "acceptedDate": "2003-03-26 15:26:19",
    "calendarYear": "2002",
    "period": "FY",
    "revenue": 12151997000,
    "costOfRevenue": 3310000000,
    "grossProfit": 8144000000,
    "grossProfitRatio": 0.670177914,
    "researchAndDevelopmentExpenses": 0,
    "generalAndAdministrativeExpenses": 0,
    "sellingAndMarketingExpenses": 0,
    "sellingGeneralAndAdministrativeExpenses": 0,
    "otherExpenses": 6054000000,
    "operatingExpenses": 6054000000,
    "costAndExpenses": 9364000000,
    "interestIncome": 0,
    "interestExpense": 0,
    "depreciationAndAmortization": 1170000000,
    "ebitda": 3752000000,
    "ebitdaratio": 0.3087558366,
    "operatingIncome": 2090000000,
    "operatingIncomeRatio": 0.1719881926,
    "totalOtherIncomeExpensesNet": -958000000,
    "incomeBeforeTax": 1235877000,
    "incomeBeforeTaxRatio": 0.1017015557,
    "incomeTaxExpense": 549476000,
    "netIncome": 552000000,
    "netIncomeRatio": 0.0454246327,
    "eps": 1.89,
    "epsdiluted": 1.88,
    "weightedAverageShsOut": 293000000,
    "weightedAverageShsOutDil": 294000000,
    "link": "https://www.sec.gov/Archives/edgar/data/1031296/000103129603000070/0001031296-03-000070-index.htm",
    "finalLink": "https://www.sec.gov/Archives/edgar/data/20947/000103129603000070/fe_10k.txt"
  },
  {
    "date": "2001-12-31",
    "symbol": "FE",
    "reportedCurrency": "USD",
    "cik": "0001031296",
    "fillingDate": "2002-04-01",
    "acceptedDate": "2002-04-01 00:00:00",
    "calendarYear": "2001",
    "period": "FY",
    "revenue": 7999362000,
    "costOfRevenue": 2241556000,
    "grossProfit": 5757806000,
    "grossProfitRatio": 0.7197831527,
    "researchAndDevelopmentExpenses": 0,
    "generalAndAdministrativeExpenses": 0,
    "sellingAndMarketingExpenses": 0,
    "sellingGeneralAndAdministrativeExpenses": 0,
    "otherExpenses": 4072684000,
    "operatingExpenses": 4072684000,
    "costAndExpenses": 6314240000,
    "interestIncome": 0,
    "interestExpense": 0,
    "depreciationAndAmortization": 975801000,
    "ebitda": 2660923000,
    "ebitdaratio": 0.3326419032,
    "operatingIncome": 1685122000,
    "operatingIncomeRatio": 0.2106570499,
    "totalOtherIncomeExpensesNet": -555719000,
    "incomeBeforeTax": 1129403000,
    "incomeBeforeTaxRatio": 0.1411866346,
    "incomeTaxExpense": 474457000,
    "netIncome": 646447000,
    "netIncomeRatio": 0.0808123198,
    "eps": 2.82,
    "epsdiluted": 2.81,
    "weightedAverageShsOut": 230000000,
    "weightedAverageShsOutDil": 230000000,
    "link": "https://www.sec.gov/Archives/edgar/data/1031296/000103129602000017/0001031296-02-000017-index.htm",
    "finalLink": "https://www.sec.gov/Archives/edgar/data/20947/000103129602000017/main.txt"
  },
  {
    "date": "2000-12-31",
    "symbol": "FE",
    "reportedCurrency": "USD",
    "cik": "0001031296",
    "fillingDate": "2001-03-28",
    "acceptedDate": "2001-03-28 00:00:00",
    "calendarYear": "2000",
    "period": "FY",
    "revenue": 7028961000,
    "costOfRevenue": 1664393000,
    "grossProfit": 5364568000,
    "grossProfitRatio": 0.7632092424,
    "researchAndDevelopmentExpenses": 0,
    "generalAndAdministrativeExpenses": 0,
    "sellingAndMarketingExpenses": 0,
    "sellingGeneralAndAdministrativeExpenses": 0,
    "otherExpenses": 3859661000,
    "operatingExpenses": 3859661000,
    "costAndExpenses": 5524054000,
    "interestIncome": 0,
    "interestExpense": 0,
    "depreciationAndAmortization": 1035379000,
    "ebitda": 2540286000,
    "ebitdaratio": 0.3614027735,
    "operatingIncome": 1504907000,
    "operatingIncomeRatio": 0.2141009176,
    "totalOtherIncomeExpensesNet": -529135000,
    "incomeBeforeTax": 975772000,
    "incomeBeforeTaxRatio": 0.1388216551,
    "incomeTaxExpense": 376802000,
    "netIncome": 598970000,
    "netIncomeRatio": 0.0852145858,
    "eps": 2.69,
    "epsdiluted": 2.69,
    "weightedAverageShsOut": 222444000,
    "weightedAverageShsOutDil": 222726000,
    "link": "https://www.sec.gov/Archives/edgar/data/1031296/000103129601500009/0001031296-01-500009-index.htm",
    "finalLink": "https://www.sec.gov/Archives/edgar/data/1031296/000103129601500009/tenk.txt"
  },
  {
    "date": "1999-12-31",
    "symbol": "FE",
    "reportedCurrency": "USD",
    "cik": "0001031296",
    "fillingDate": "2000-03-29",
    "acceptedDate": "2000-03-29 00:00:00",
    "calendarYear": "1999",
    "period": "FY",
    "revenue": 6319700000,
    "costOfRevenue": 877000000,
    "grossProfit": 5442647000,
    "grossProfitRatio": 0.8612192034,
    "researchAndDevelopmentExpenses": 0,
    "generalAndAdministrativeExpenses": 0,
    "sellingAndMarketingExpenses": 0,
    "sellingGeneralAndAdministrativeExpenses": 0,
    "otherExpenses": 3907300000,
    "operatingExpenses": 3907300000,
    "costAndExpenses": 4784300000,
    "interestIncome": 0,
    "interestExpense": 0,
    "depreciationAndAmortization": 1032200000,
    "ebitda": 2567547000,
    "ebitdaratio": 0.406276722,
    "operatingIncome": 1535347000,
    "operatingIncomeRatio": 0.2429461842,
    "totalOtherIncomeExpensesNet": -572247000,
    "incomeBeforeTax": 963100000,
    "incomeBeforeTaxRatio": 0.1523964745,
    "incomeTaxExpense": 394800000,
    "netIncome": 568300000,
    "netIncomeRatio": 0.0899251547,
    "eps": 2.5,
    "epsdiluted": 2.5,
    "weightedAverageShsOut": 227227000,
    "weightedAverageShsOutDil": 227360406,
    "link": "https://www.sec.gov/Archives/edgar/data/1031296/000103129600000008/0001031296-00-000008-index.html",
    "finalLink": "https://www.sec.gov/Archives/edgar/data/20947/000103129600000008/"
  },
  {
    "date": "1998-12-31",
    "symbol": "FE",
    "reportedCurrency": "USD",
    "cik": "0001031296",
    "fillingDate": "1999-03-29",
    "acceptedDate": "1999-03-29 00:00:00",
    "calendarYear": "1998",
    "period": "FY",
    "revenue": 5861200000,
    "costOfRevenue": 983700000,
    "grossProfit": 4891200000,
    "grossProfitRatio": 0.8345048795,
    "researchAndDevelopmentExpenses": 0,
    "generalAndAdministrativeExpenses": 0,
    "sellingAndMarketingExpenses": 0,
    "sellingGeneralAndAdministrativeExpenses": 0,
    "otherExpenses": 3545000000,
    "operatingExpenses": 3545000000,
    "costAndExpenses": 4528700000,
    "interestIncome": 0,
    "interestExpense": 0,
    "depreciationAndAmortization": 0,
    "ebitda": 2186400000,
    "ebitdaratio": 0.3730294138,
    "operatingIncome": 1346200000,
    "operatingIncomeRatio": 0.229679929,
    "totalOtherIncomeExpensesNet": -601000000,
    "incomeBeforeTax": 763100000,
    "incomeBeforeTaxRatio": 0.1301951819,
    "incomeTaxExpense": 321700000,
    "netIncome": 410900000,
    "netIncomeRatio": 0.0701050979,
    "eps": 1.82,
    "epsdiluted": 1.82,
    "weightedAverageShsOut": 226373000,
    "weightedAverageShsOutDil": 226373000,
    "link": "https://www.sec.gov/Archives/edgar/data/1031296/000103129699000005/0001031296-99-000005-index.html",
    "finalLink": "https://www.sec.gov/Archives/edgar/data/20947/"
  },
  {
    "date": "1997-12-31",
    "symbol": "FE",
    "reportedCurrency": "USD",
    "cik": "0001031296",
    "fillingDate": "1998-03-30",
    "acceptedDate": "1998-03-30 00:00:00",
    "calendarYear": "1997",
    "period": "FY",
    "revenue": 2821400000,
    "costOfRevenue": 486300000,
    "grossProfit": 2474700000,
    "grossProfitRatio": 0.877117743,
    "researchAndDevelopmentExpenses": 0,
    "generalAndAdministrativeExpenses": 0,
    "sellingAndMarketingExpenses": 0,
    "sellingGeneralAndAdministrativeExpenses": 0,
    "otherExpenses": 1652000000,
    "operatingExpenses": 1652000000,
    "costAndExpenses": 2138300000,
    "interestIncome": 0,
    "interestExpense": 0,
    "depreciationAndAmortization": 0,
    "ebitda": 1358200000,
    "ebitdaratio": 0.4813922166,
    "operatingIncome": 822700000,
    "operatingIncomeRatio": 0.2915928263,
    "totalOtherIncomeExpensesNet": -225400000,
    "incomeBeforeTax": 489600000,
    "incomeBeforeTaxRatio": 0.1735308712,
    "incomeTaxExpense": 183800000,
    "netIncome": 305800000,
    "netIncomeRatio": 0.1083859077,
    "eps": 1.94,
    "epsdiluted": 1.94,
    "weightedAverageShsOut": 156900000,
    "weightedAverageShsOutDil": 156900000,
    "link": "https://www.sec.gov/Archives/edgar/data/1031296/000103129698000011/0001031296-98-000011-index.html",
    "finalLink": "https://www.sec.gov/Archives/edgar/data/20947/"
  }
]