[
  {
    "date": "2025-06-30",
    "symbol": "FFIV",
    "reportedCurrency": "USD",
    "cik": "0001048695",
    "fillingDate": "2025-08-06",
    "acceptedDate": "2025-08-06 14:29:32",
    "calendarYear": "2025",
    "period": "Q3",
    "revenue": 780370000,
    "costOfRevenue": 138378000,
    "grossProfit": 641992000,
    "grossProfitRatio": 0.8226764227,
    "researchAndDevelopmentExpenses": 136345000,
    "generalAndAdministrativeExpenses": 78652000,
    "sellingAndMarketingExpenses": 220428000,
    "sellingGeneralAndAdministrativeExpenses": 299080000,
    "otherExpenses": 10250000,
    "operatingExpenses": 445675000,
    "costAndExpenses": 584053000,
    "interestIncome": 0,
    "interestExpense": 0,
    "depreciationAndAmortization": 22471000,
    "ebitda": 218788000,
    "ebitdaratio": 0.2803644425,
    "operatingIncome": 196317000,
    "operatingIncomeRatio": 0.2515691275,
    "totalOtherIncomeExpensesNet": 16706000,
    "incomeBeforeTax": 213023000,
    "incomeBeforeTaxRatio": 0.2729769212,
    "incomeTaxExpense": 23111000,
    "netIncome": 189912000,
    "netIncomeRatio": 0.2433614824,
    "eps": 3.29,
    "epsdiluted": 3.25,
    "weightedAverageShsOut": 57772000,
    "weightedAverageShsOutDil": 58492000,
    "link": "https://www.sec.gov/Archives/edgar/data/1048695/000104869525000129/0001048695-25-000129-index.htm",
    "finalLink": "https://www.sec.gov/Archives/edgar/data/1048695/000104869525000129/ffiv-20250630.htm"
  },
  {
    "date": "2025-03-31",
    "symbol": "FFIV",
    "reportedCurrency": "USD",
    "cik": "0001048695",
    "fillingDate": "2025-05-06",
    "acceptedDate": "2025-05-06 13:47:04",
    "calendarYear": "2025",
    "period": "Q2",
    "revenue": 731123000,
    "costOfRevenue": 140959000,
    "grossProfit": 590164000,
    "grossProfitRatio": 0.8072020713,
    "researchAndDevelopmentExpenses": 136561000,
    "generalAndAdministrativeExpenses": 76645000,
    "sellingAndMarketingExpenses": 218061000,
    "sellingGeneralAndAdministrativeExpenses": 294706000,
    "otherExpenses": 0,
    "operatingExpenses": 431267000,
    "costAndExpenses": 572226000,
    "interestIncome": 0,
    "interestExpense": 0,
    "depreciationAndAmortization": 22471000,
    "ebitda": 181368000,
    "ebitdaratio": 0.2480676986,
    "operatingIncome": 158897000,
    "operatingIncomeRatio": 0.2173327881,
    "totalOtherIncomeExpensesNet": 12303000,
    "incomeBeforeTax": 171200000,
    "incomeBeforeTaxRatio": 0.234160326,
    "incomeTaxExpense": 25670000,
    "netIncome": 145530000,
    "netIncomeRatio": 0.1990499547,
    "eps": 2.51,
    "epsdiluted": 2.48,
    "weightedAverageShsOut": 57886000,
    "weightedAverageShsOutDil": 58764000,
    "link": "https://www.sec.gov/Archives/edgar/data/1048695/000104869525000091/0001048695-25-000091-index.htm",
    "finalLink": "https://www.sec.gov/Archives/edgar/data/1048695/000104869525000091/ffiv-20250331.htm"
  },
  {
    "date": "2024-12-31",
    "symbol": "FFIV",
    "reportedCurrency": "USD",
    "cik": "0001048695",
    "fillingDate": "2025-02-07",
    "acceptedDate": "2025-02-07 15:55:25",
    "calendarYear": "2025",
    "period": "Q1",
    "revenue": 766489000,
    "costOfRevenue": 140510000,
    "grossProfit": 625979000,
    "grossProfitRatio": 0.8166836054,
    "researchAndDevelopmentExpenses": 130518000,
    "generalAndAdministrativeExpenses": 73023000,
    "sellingAndMarketingExpenses": 206035000,
    "sellingGeneralAndAdministrativeExpenses": 279058000,
    "otherExpenses": 11321000,
    "operatingExpenses": 420897000,
    "costAndExpenses": 561407000,
    "interestIncome": 0,
    "interestExpense": 0,
    "depreciationAndAmortization": 22666000,
    "ebitda": 239069000,
    "ebitdaratio": 0.3119014102,
    "operatingIncome": 205082000,
    "operatingIncomeRatio": 0.2675602651,
    "totalOtherIncomeExpensesNet": 3962000,
    "incomeBeforeTax": 209044000,
    "incomeBeforeTaxRatio": 0.272729289,
    "incomeTaxExpense": 42599000,
    "netIncome": 166445000,
    "netIncomeRatio": 0.2171524966,
    "eps": 2.85,
    "epsdiluted": 2.82,
    "weightedAverageShsOut": 58305000,
    "weightedAverageShsOutDil": 59058000,
    "link": "https://www.sec.gov/Archives/edgar/data/1048695/000104869525000026/0001048695-25-000026-index.htm",
    "finalLink": "https://www.sec.gov/Archives/edgar/data/1048695/000104869525000026/ffiv-20241231.htm"
  },
  {
    "date": "2024-09-30",
    "symbol": "FFIV",
    "reportedCurrency": "USD",
    "cik": "0001048695",
    "fillingDate": "2024-11-18",
    "acceptedDate": "2024-11-18 17:30:03",
    "calendarYear": "2024",
    "period": "Q4",
    "revenue": 746674000,
    "costOfRevenue": 143720000,
    "grossProfit": 602954000,
    "grossProfitRatio": 0.8075197476,
    "researchAndDevelopmentExpenses": 123951000,
    "generalAndAdministrativeExpenses": 70976000,
    "sellingAndMarketingExpenses": 217002000,
    "sellingGeneralAndAdministrativeExpenses": 287978000,
    "otherExpenses": 0,
    "operatingExpenses": 411929000,
    "costAndExpenses": 555649000,
    "interestIncome": 0,
    "interestExpense": 0,
    "depreciationAndAmortization": 22929000,
    "ebitda": 213954000,
    "ebitdaratio": 0.2865427215,
    "operatingIncome": 191025000,
    "operatingIncomeRatio": 0.2558345409,
    "totalOtherIncomeExpensesNet": 12489000,
    "incomeBeforeTax": 203514000,
    "incomeBeforeTaxRatio": 0.2725607159,
    "incomeTaxExpense": 38218000,
    "netIncome": 165296000,
    "netIncomeRatio": 0.2213763972,
    "eps": 2.83,
    "epsdiluted": 2.8,
    "weightedAverageShsOut": 58720000,
    "weightedAverageShsOutDil": 59359000,
    "link": "https://www.sec.gov/Archives/edgar/data/1048695/000104869524000185/0001048695-24-000185-index.htm",
    "finalLink": "https://www.sec.gov/Archives/edgar/data/1048695/000104869524000185/ffiv-20240930.htm"
  },
  {
    "date": "2024-06-30",
    "symbol": "FFIV",
    "reportedCurrency": "USD",
    "cik": "0001048695",
    "fillingDate": "2024-08-06",
    "acceptedDate": "2024-08-06 13:54:14",
    "calendarYear": "2024",
    "period": "Q3",
    "revenue": 695495000,
    "costOfRevenue": 136425000,
    "grossProfit": 559070000,
    "grossProfitRatio": 0.8038447437,
    "researchAndDevelopmentExpenses": 124387000,
    "generalAndAdministrativeExpenses": 65950000,
    "sellingAndMarketingExpenses": 205550000,
    "sellingGeneralAndAdministrativeExpenses": 271500000,
    "otherExpenses": 93000,
    "operatingExpenses": 395980000,
    "costAndExpenses": 532405000,
    "interestIncome": 0,
    "interestExpense": 0,
    "depreciationAndAmortization": 26778000,
    "ebitda": 189961000,
    "ebitdaratio": 0.273130648,
    "operatingIncome": 163090000,
    "operatingIncomeRatio": 0.2344948562,
    "totalOtherIncomeExpensesNet": 8529000,
    "incomeBeforeTax": 171619000,
    "incomeBeforeTaxRatio": 0.2467580644,
    "incomeTaxExpense": 27540000,
    "netIncome": 144079000,
    "netIncomeRatio": 0.2071603678,
    "eps": 2.46,
    "epsdiluted": 2.44,
    "weightedAverageShsOut": 58584000,
    "weightedAverageShsOutDil": 59147000,
    "link": "https://www.sec.gov/Archives/edgar/data/1048695/000104869524000125/0001048695-24-000125-index.htm",
    "finalLink": "https://www.sec.gov/Archives/edgar/data/1048695/000104869524000125/ffiv-20240630.htm"
  },
  {
    "date": "2024-03-31",
    "symbol": "FFIV",
    "reportedCurrency": "USD",
    "cik": "0001048695",
    "fillingDate": "2024-05-06",
    "acceptedDate": "2024-05-06 14:19:25",
    "calendarYear": "2024",
    "period": "Q2",
    "revenue": 681354000,
    "costOfRevenue": 141113000,
    "grossProfit": 540241000,
    "grossProfitRatio": 0.7928932684,
    "researchAndDevelopmentExpenses": 122207000,
    "generalAndAdministrativeExpenses": 67184000,
    "sellingAndMarketingExpenses": 210800000,
    "sellingGeneralAndAdministrativeExpenses": 277984000,
    "otherExpenses": 90000,
    "operatingExpenses": 400281000,
    "costAndExpenses": 541394000,
    "interestIncome": 0,
    "interestExpense": 0,
    "depreciationAndAmortization": 28018000,
    "ebitda": 168068000,
    "ebitdaratio": 0.2466676647,
    "operatingIncome": 139960000,
    "operatingIncomeRatio": 0.2054145129,
    "totalOtherIncomeExpensesNet": 5974000,
    "incomeBeforeTax": 145934000,
    "incomeBeforeTaxRatio": 0.2141823487,
    "incomeTaxExpense": 26913000,
    "netIncome": 119021000,
    "netIncomeRatio": 0.1746830576,
    "eps": 2.02,
    "epsdiluted": 2,
    "weightedAverageShsOut": 58788000,
    "weightedAverageShsOutDil": 59580000,
    "link": "https://www.sec.gov/Archives/edgar/data/1048695/000104869524000079/0001048695-24-000079-index.htm",
    "finalLink": "https://www.sec.gov/Archives/edgar/data/1048695/000104869524000079/ffiv-20240331.htm"
  },
  {
    "date": "2023-12-31",
    "symbol": "FFIV",
    "reportedCurrency": "USD",
    "cik": "0001048695",
    "fillingDate": "2024-02-05",
    "acceptedDate": "2024-02-05 16:02:05",
    "calendarYear": "2024",
    "period": "Q1",
    "revenue": 692597000,
    "costOfRevenue": 136389000,
    "grossProfit": 556208000,
    "grossProfitRatio": 0.803075959,
    "researchAndDevelopmentExpenses": 119575000,
    "generalAndAdministrativeExpenses": 64718000,
    "sellingAndMarketingExpenses": 198927000,
    "sellingGeneralAndAdministrativeExpenses": 263645000,
    "otherExpenses": 8472000,
    "operatingExpenses": 391692000,
    "costAndExpenses": 528081000,
    "interestIncome": 0,
    "interestExpense": 0,
    "depreciationAndAmortization": 29266000,
    "ebitda": 202254000,
    "ebitdaratio": 0.2920226337,
    "operatingIncome": 164516000,
    "operatingIncomeRatio": 0.237534959,
    "totalOtherIncomeExpensesNet": 9882000,
    "incomeBeforeTax": 174398000,
    "incomeBeforeTaxRatio": 0.2518029965,
    "incomeTaxExpense": 36016000,
    "netIncome": 138382000,
    "netIncomeRatio": 0.1998016162,
    "eps": 2.34,
    "epsdiluted": 2.32,
    "weightedAverageShsOut": 59122000,
    "weightedAverageShsOutDil": 59653000,
    "link": "https://www.sec.gov/Archives/edgar/data/1048695/000104869524000012/0001048695-24-000012-index.htm",
    "finalLink": "https://www.sec.gov/Archives/edgar/data/1048695/000104869524000012/ffiv-20231231.htm"
  },
  {
    "date": "2023-09-30",
    "symbol": "FFIV",
    "reportedCurrency": "USD",
    "cik": "0001048695",
    "fillingDate": "2023-11-14",
    "acceptedDate": "2023-11-14 16:30:17",
    "calendarYear": "2023",
    "period": "Q4",
    "revenue": 706974000,
    "costOfRevenue": 140964000,
    "grossProfit": 566010000,
    "grossProfitRatio": 0.8006093576,
    "researchAndDevelopmentExpenses": 127834000,
    "generalAndAdministrativeExpenses": 61603000,
    "sellingAndMarketingExpenses": 204832000,
    "sellingGeneralAndAdministrativeExpenses": 266435000,
    "otherExpenses": 0,
    "operatingExpenses": 394269000,
    "costAndExpenses": 535233000,
    "interestIncome": 0,
    "interestExpense": 0,
    "depreciationAndAmortization": 29529000,
    "ebitda": 201270000,
    "ebitdaratio": 0.2846922235,
    "operatingIncome": 171741000,
    "operatingIncomeRatio": 0.2429240679,
    "totalOtherIncomeExpensesNet": 3085000,
    "incomeBeforeTax": 174826000,
    "incomeBeforeTaxRatio": 0.2472877362,
    "incomeTaxExpense": 22692000,
    "netIncome": 152134000,
    "netIncomeRatio": 0.2151903748,
    "eps": 2.57,
    "epsdiluted": 2.55,
    "weightedAverageShsOut": 59245000,
    "weightedAverageShsOutDil": 59699000,
    "link": "https://www.sec.gov/Archives/edgar/data/1048695/000104869523000039/0001048695-23-000039-index.htm",
    "finalLink": "https://www.sec.gov/Archives/edgar/data/1048695/000104869523000039/ffiv-20230930.htm"
  },
  {
    "date": "2023-06-30",
    "symbol": "FFIV",
    "reportedCurrency": "USD",
    "cik": "0001048695",
    "fillingDate": "2023-08-04",
    "acceptedDate": "2023-08-04 14:33:31",
    "calendarYear": "2023",
    "period": "Q3",
    "revenue": 702642000,
    "costOfRevenue": 141683000,
    "grossProfit": 560959000,
    "grossProfitRatio": 0.7983567734,
    "researchAndDevelopmentExpenses": 128765000,
    "generalAndAdministrativeExpenses": 64775000,
    "sellingAndMarketingExpenses": 207202000,
    "sellingGeneralAndAdministrativeExpenses": 271977000,
    "otherExpenses": 56648000,
    "operatingExpenses": 457390000,
    "costAndExpenses": 599073000,
    "interestIncome": 0,
    "interestExpense": 0,
    "depreciationAndAmortization": 28356000,
    "ebitda": 188573000,
    "ebitdaratio": 0.2683770683,
    "operatingIncome": 103569000,
    "operatingIncomeRatio": 0.1473993869,
    "totalOtherIncomeExpensesNet": 2896000,
    "incomeBeforeTax": 106465000,
    "incomeBeforeTaxRatio": 0.1515209737,
    "incomeTaxExpense": 17489000,
    "netIncome": 88976000,
    "netIncomeRatio": 0.1266306312,
    "eps": 1.48,
    "epsdiluted": 1.48,
    "weightedAverageShsOut": 59977000,
    "weightedAverageShsOutDil": 60314000,
    "link": "https://www.sec.gov/Archives/edgar/data/1048695/000104869523000030/0001048695-23-000030-index.htm",
    "finalLink": "https://www.sec.gov/Archives/edgar/data/1048695/000104869523000030/ffiv-20230630.htm"
  },
  {
    "date": "2023-03-31",
    "symbol": "FFIV",
    "reportedCurrency": "USD",
    "cik": "0001048695",
    "fillingDate": "2023-05-05",
    "acceptedDate": "2023-05-05 13:13:09",
    "calendarYear": "2023",
    "period": "Q2",
    "revenue": 703175000,
    "costOfRevenue": 155654000,
    "grossProfit": 547521000,
    "grossProfitRatio": 0.7786411633,
    "researchAndDevelopmentExpenses": 141363000,
    "generalAndAdministrativeExpenses": 67036000,
    "sellingAndMarketingExpenses": 233076000,
    "sellingGeneralAndAdministrativeExpenses": 300112000,
    "otherExpenses": 0,
    "operatingExpenses": 441475000,
    "costAndExpenses": 597129000,
    "interestIncome": 0,
    "interestExpense": 0,
    "depreciationAndAmortization": 27345000,
    "ebitda": 133391000,
    "ebitdaratio": 0.1896981548,
    "operatingIncome": 106046000,
    "operatingIncomeRatio": 0.1508102535,
    "totalOtherIncomeExpensesNet": 2737000,
    "incomeBeforeTax": 108783000,
    "incomeBeforeTaxRatio": 0.1547025989,
    "incomeTaxExpense": 27347000,
    "netIncome": 81436000,
    "netIncomeRatio": 0.1158118534,
    "eps": 1.35,
    "epsdiluted": 1.34,
    "weightedAverageShsOut": 60330000,
    "weightedAverageShsOutDil": 60691000,
    "link": "https://www.sec.gov/Archives/edgar/data/1048695/000104869523000018/0001048695-23-000018-index.htm",
    "finalLink": "https://www.sec.gov/Archives/edgar/data/1048695/000104869523000018/ffiv-20230331.htm"
  },
  {
    "date": "2022-12-31",
    "symbol": "FFIV",
    "reportedCurrency": "USD",
    "cik": "0001048695",
    "fillingDate": "2023-02-03",
    "acceptedDate": "2023-02-03 13:12:33",
    "calendarYear": "2023",
    "period": "Q1",
    "revenue": 700378000,
    "costOfRevenue": 155007000,
    "grossProfit": 545371000,
    "grossProfitRatio": 0.7786809409,
    "researchAndDevelopmentExpenses": 142323000,
    "generalAndAdministrativeExpenses": 69991000,
    "sellingAndMarketingExpenses": 233105000,
    "sellingGeneralAndAdministrativeExpenses": 303096000,
    "otherExpenses": 8740000,
    "operatingExpenses": 454159000,
    "costAndExpenses": 609166000,
    "interestIncome": 0,
    "interestExpense": 0,
    "depreciationAndAmortization": 27472000,
    "ebitda": 127424000,
    "ebitdaratio": 0.1819360403,
    "operatingIncome": 91212000,
    "operatingIncomeRatio": 0.1302325316,
    "totalOtherIncomeExpensesNet": 4702000,
    "incomeBeforeTax": 95914000,
    "incomeBeforeTaxRatio": 0.1369460491,
    "incomeTaxExpense": 23512000,
    "netIncome": 72402000,
    "netIncomeRatio": 0.1033756057,
    "eps": 1.2,
    "epsdiluted": 1.2,
    "weightedAverageShsOut": 60096000,
    "weightedAverageShsOutDil": 60387000,
    "link": "https://www.sec.gov/Archives/edgar/data/1048695/000104869523000011/0001048695-23-000011-index.htm",
    "finalLink": "https://www.sec.gov/Archives/edgar/data/1048695/000104869523000011/ffiv-20221231.htm"
  },
  {
    "date": "2022-09-30",
    "symbol": "FFIV",
    "reportedCurrency": "USD",
    "cik": "0001048695",
    "fillingDate": "2022-11-15",
    "acceptedDate": "2022-11-15 15:15:25",
    "calendarYear": "2022",
    "period": "Q4",
    "revenue": 700033000,
    "costOfRevenue": 147462000,
    "grossProfit": 552571000,
    "grossProfitRatio": 0.7893499306,
    "researchAndDevelopmentExpenses": 138522000,
    "generalAndAdministrativeExpenses": 69520000,
    "sellingAndMarketingExpenses": 236999000,
    "sellingGeneralAndAdministrativeExpenses": 306519000,
    "otherExpenses": 0,
    "operatingExpenses": 445041000,
    "costAndExpenses": 592503000,
    "interestIncome": 0,
    "interestExpense": 0,
    "depreciationAndAmortization": 27211000,
    "ebitda": 134741000,
    "ebitdaratio": 0.1924780689,
    "operatingIncome": 107530000,
    "operatingIncomeRatio": 0.1536070442,
    "totalOtherIncomeExpensesNet": -7813000,
    "incomeBeforeTax": 99717000,
    "incomeBeforeTaxRatio": 0.1424461418,
    "incomeTaxExpense": 10371000,
    "netIncome": 89346000,
    "netIncomeRatio": 0.127631126,
    "eps": 1.5,
    "epsdiluted": 1.49,
    "weightedAverageShsOut": 59751000,
    "weightedAverageShsOutDil": 60126000,
    "link": "https://www.sec.gov/Archives/edgar/data/1048695/000104869522000033/0001048695-22-000033-index.htm",
    "finalLink": "https://www.sec.gov/Archives/edgar/data/1048695/000104869522000033/ffiv-20220930.htm"
  },
  {
    "date": "2022-06-30",
    "symbol": "FFIV",
    "reportedCurrency": "USD",
    "cik": "0001048695",
    "fillingDate": "2022-08-05",
    "acceptedDate": "2022-08-05 13:14:49",
    "calendarYear": "2022",
    "period": "Q3",
    "revenue": 674488000,
    "costOfRevenue": 130733000,
    "grossProfit": 543755000,
    "grossProfitRatio": 0.8061744612,
    "researchAndDevelopmentExpenses": 138737000,
    "generalAndAdministrativeExpenses": 70823000,
    "sellingAndMarketingExpenses": 226731000,
    "sellingGeneralAndAdministrativeExpenses": 297554000,
    "otherExpenses": 0,
    "operatingExpenses": 436291000,
    "costAndExpenses": 567024000,
    "interestIncome": 0,
    "interestExpense": 0,
    "depreciationAndAmortization": 28600000,
    "ebitda": 136064000,
    "ebitdaratio": 0.2017293117,
    "operatingIncome": 107464000,
    "operatingIncomeRatio": 0.1593267782,
    "totalOtherIncomeExpensesNet": -6221000,
    "incomeBeforeTax": 101243000,
    "incomeBeforeTaxRatio": 0.1501034859,
    "incomeTaxExpense": 18224000,
    "netIncome": 83019000,
    "netIncomeRatio": 0.123084473,
    "eps": 1.38,
    "epsdiluted": 1.37,
    "weightedAverageShsOut": 59965000,
    "weightedAverageShsOutDil": 60460000,
    "link": "https://www.sec.gov/Archives/edgar/data/1048695/000104869522000025/0001048695-22-000025-index.htm",
    "finalLink": "https://www.sec.gov/Archives/edgar/data/1048695/000104869522000025/ffiv-20220630.htm"
  },
  {
    "date": "2022-03-31",
    "symbol": "FFIV",
    "reportedCurrency": "USD",
    "cik": "0001048695",
    "fillingDate": "2022-05-06",
    "acceptedDate": "2022-05-06 15:32:21",
    "calendarYear": "2022",
    "period": "Q2",
    "revenue": 634224000,
    "costOfRevenue": 126359000,
    "grossProfit": 507865000,
    "grossProfitRatio": 0.8007659754,
    "researchAndDevelopmentExpenses": 135838000,
    "generalAndAdministrativeExpenses": 68554000,
    "sellingAndMarketingExpenses": 228826000,
    "sellingGeneralAndAdministrativeExpenses": 297380000,
    "otherExpenses": 0,
    "operatingExpenses": 433218000,
    "costAndExpenses": 559577000,
    "interestIncome": 0,
    "interestExpense": 0,
    "depreciationAndAmortization": 29538000,
    "ebitda": 104185000,
    "ebitdaratio": 0.1642716138,
    "operatingIncome": 74647000,
    "operatingIncomeRatio": 0.1176981634,
    "totalOtherIncomeExpensesNet": -1934000,
    "incomeBeforeTax": 72713000,
    "incomeBeforeTaxRatio": 0.1146487676,
    "incomeTaxExpense": 16477000,
    "netIncome": 56236000,
    "netIncomeRatio": 0.0886689876,
    "eps": 0.93,
    "epsdiluted": 0.92,
    "weightedAverageShsOut": 60573000,
    "weightedAverageShsOutDil": 61405000,
    "link": "https://www.sec.gov/Archives/edgar/data/1048695/000104869522000015/0001048695-22-000015-index.htm",
    "finalLink": "https://www.sec.gov/Archives/edgar/data/1048695/000104869522000015/ffiv-20220331.htm"
  },
  {
    "date": "2021-12-31",
    "symbol": "FFIV",
    "reportedCurrency": "USD",
    "cik": "0001048695",
    "fillingDate": "2022-02-04",
    "acceptedDate": "2022-02-04 13:11:25",
    "calendarYear": "2022",
    "period": "Q1",
    "revenue": 687100000,
    "costOfRevenue": 135073000,
    "grossProfit": 552027000,
    "grossProfitRatio": 0.8034158056,
    "researchAndDevelopmentExpenses": 130271000,
    "generalAndAdministrativeExpenses": 65661000,
    "sellingAndMarketingExpenses": 234035000,
    "sellingGeneralAndAdministrativeExpenses": 299696000,
    "otherExpenses": 7909000,
    "operatingExpenses": 437876000,
    "costAndExpenses": 572949000,
    "interestIncome": 0,
    "interestExpense": 0,
    "depreciationAndAmortization": 30260000,
    "ebitda": 152320000,
    "ebitdaratio": 0.2216853442,
    "operatingIncome": 114151000,
    "operatingIncomeRatio": 0.1661344782,
    "totalOtherIncomeExpensesNet": -2431000,
    "incomeBeforeTax": 111720000,
    "incomeBeforeTaxRatio": 0.1625964197,
    "incomeTaxExpense": 18161000,
    "netIncome": 93559000,
    "netIncomeRatio": 0.1361650415,
    "eps": 1.54,
    "epsdiluted": 1.51,
    "weightedAverageShsOut": 60810000,
    "weightedAverageShsOutDil": 61882000,
    "link": "https://www.sec.gov/Archives/edgar/data/1048695/000104869522000007/0001048695-22-000007-index.htm",
    "finalLink": "https://www.sec.gov/Archives/edgar/data/1048695/000104869522000007/ffiv-20211231.htm"
  },
  {
    "date": "2021-09-30",
    "symbol": "FFIV",
    "reportedCurrency": "USD",
    "cik": "0001048695",
    "fillingDate": "2021-11-16",
    "acceptedDate": "2021-11-16 16:23:14",
    "calendarYear": "2021",
    "period": "Q4",
    "revenue": 681997000,
    "costOfRevenue": 128678000,
    "grossProfit": 553319000,
    "grossProfitRatio": 0.8113217507,
    "researchAndDevelopmentExpenses": 124700000,
    "generalAndAdministrativeExpenses": 69101000,
    "sellingAndMarketingExpenses": 233154000,
    "sellingGeneralAndAdministrativeExpenses": 302255000,
    "otherExpenses": 0,
    "operatingExpenses": 426955000,
    "costAndExpenses": 555633000,
    "interestIncome": 0,
    "interestExpense": 0,
    "depreciationAndAmortization": 30439000,
    "ebitda": 156803000,
    "ebitdaratio": 0.2299174337,
    "operatingIncome": 126364000,
    "operatingIncomeRatio": 0.1852852725,
    "totalOtherIncomeExpensesNet": -2865000,
    "incomeBeforeTax": 123499000,
    "incomeBeforeTaxRatio": 0.1810843743,
    "incomeTaxExpense": 12781000,
    "netIncome": 110718000,
    "netIncomeRatio": 0.1623438226,
    "eps": 1.83,
    "epsdiluted": 1.8,
    "weightedAverageShsOut": 60526000,
    "weightedAverageShsOutDil": 61606000,
    "link": "https://www.sec.gov/Archives/edgar/data/1048695/000104869521000044/0001048695-21-000044-index.htm",
    "finalLink": "https://www.sec.gov/Archives/edgar/data/1048695/000104869521000044/ffiv-20210930.htm"
  },
  {
    "date": "2021-06-30",
    "symbol": "FFIV",
    "reportedCurrency": "USD",
    "cik": "0001048695",
    "fillingDate": "2021-08-05",
    "acceptedDate": "2021-08-05 14:07:45",
    "calendarYear": "2021",
    "period": "Q3",
    "revenue": 651515000,
    "costOfRevenue": 120904000,
    "grossProfit": 530611000,
    "grossProfitRatio": 0.8144263754,
    "researchAndDevelopmentExpenses": 133283000,
    "generalAndAdministrativeExpenses": 63541000,
    "sellingAndMarketingExpenses": 237375000,
    "sellingGeneralAndAdministrativeExpenses": 300916000,
    "otherExpenses": 0,
    "operatingExpenses": 434199000,
    "costAndExpenses": 555103000,
    "interestIncome": 0,
    "interestExpense": 0,
    "depreciationAndAmortization": 28800000,
    "ebitda": 125212000,
    "ebitdaratio": 0.1921859052,
    "operatingIncome": 96412000,
    "operatingIncomeRatio": 0.1479812437,
    "totalOtherIncomeExpensesNet": -2163000,
    "incomeBeforeTax": 94249000,
    "incomeBeforeTaxRatio": 0.1446612895,
    "incomeTaxExpense": 4645000,
    "netIncome": 89604000,
    "netIncomeRatio": 0.1375317529,
    "eps": 1.49,
    "epsdiluted": 1.46,
    "weightedAverageShsOut": 60186000,
    "weightedAverageShsOutDil": 61351000,
    "link": "https://www.sec.gov/Archives/edgar/data/1048695/000104869521000033/0001048695-21-000033-index.htm",
    "finalLink": "https://www.sec.gov/Archives/edgar/data/1048695/000104869521000033/ffiv-20210630.htm"
  },
  {
    "date": "2021-03-31",
    "symbol": "FFIV",
    "reportedCurrency": "USD",
    "cik": "0001048695",
    "fillingDate": "2021-05-06",
    "acceptedDate": "2021-05-06 14:19:36",
    "calendarYear": "2021",
    "period": "Q2",
    "revenue": 645287000,
    "costOfRevenue": 128585000,
    "grossProfit": 516702000,
    "grossProfitRatio": 0.8007320774,
    "researchAndDevelopmentExpenses": 140453000,
    "generalAndAdministrativeExpenses": 77840000,
    "sellingAndMarketingExpenses": 244908000,
    "sellingGeneralAndAdministrativeExpenses": 322748000,
    "otherExpenses": 0,
    "operatingExpenses": 463201000,
    "costAndExpenses": 591786000,
    "interestIncome": 0,
    "interestExpense": 0,
    "depreciationAndAmortization": 28525000,
    "ebitda": 82026000,
    "ebitdaratio": 0.1271155315,
    "operatingIncome": 53501000,
    "operatingIncomeRatio": 0.0829103949,
    "totalOtherIncomeExpensesNet": -1377000,
    "incomeBeforeTax": 52124000,
    "incomeBeforeTaxRatio": 0.0807764607,
    "incomeTaxExpense": 8883000,
    "netIncome": 43241000,
    "netIncomeRatio": 0.067010493,
    "eps": 0.71,
    "epsdiluted": 0.7,
    "weightedAverageShsOut": 60667000,
    "weightedAverageShsOutDil": 62158000,
    "link": "https://www.sec.gov/Archives/edgar/data/1048695/000104869521000021/0001048695-21-000021-index.htm",
    "finalLink": "https://www.sec.gov/Archives/edgar/data/1048695/000104869521000021/ffiv-20210331.htm"
  },
  {
    "date": "2020-12-31",
    "symbol": "FFIV",
    "reportedCurrency": "USD",
    "cik": "0001048695",
    "fillingDate": "2021-02-05",
    "acceptedDate": "2021-02-05 16:46:42",
    "calendarYear": "2021",
    "period": "Q1",
    "revenue": 624617000,
    "costOfRevenue": 114979000,
    "grossProfit": 509638000,
    "grossProfitRatio": 0.8159207963,
    "researchAndDevelopmentExpenses": 114191000,
    "generalAndAdministrativeExpenses": 63153000,
    "sellingAndMarketingExpenses": 214546000,
    "sellingGeneralAndAdministrativeExpenses": 277699000,
    "otherExpenses": 0,
    "operatingExpenses": 391890000,
    "costAndExpenses": 506869000,
    "interestIncome": 0,
    "interestExpense": 0,
    "depreciationAndAmortization": 27660000,
    "ebitda": 145408000,
    "ebitdaratio": 0.2327954571,
    "operatingIncome": 117748000,
    "operatingIncomeRatio": 0.1885123203,
    "totalOtherIncomeExpensesNet": -683000,
    "incomeBeforeTax": 117065000,
    "incomeBeforeTaxRatio": 0.1874188503,
    "incomeTaxExpense": 29387000,
    "netIncome": 87678000,
    "netIncomeRatio": 0.1403708192,
    "eps": 1.43,
    "epsdiluted": 1.41,
    "weightedAverageShsOut": 61440000,
    "weightedAverageShsOutDil": 62282000,
    "link": "https://www.sec.gov/Archives/edgar/data/1048695/000104869521000009/0001048695-21-000009-index.htm",
    "finalLink": "https://www.sec.gov/Archives/edgar/data/1048695/000104869521000009/ffiv-20201231.htm"
  },
  {
    "date": "2020-09-30",
    "symbol": "FFIV",
    "reportedCurrency": "USD",
    "cik": "0001048695",
    "fillingDate": "2020-11-19",
    "acceptedDate": "2020-11-19 13:30:24",
    "calendarYear": "2020",
    "period": "Q4",
    "revenue": 614816000,
    "costOfRevenue": 111967000,
    "grossProfit": 502849000,
    "grossProfitRatio": 0.8178853511,
    "researchAndDevelopmentExpenses": 120300000,
    "generalAndAdministrativeExpenses": 63557000,
    "sellingAndMarketingExpenses": 220379000,
    "sellingGeneralAndAdministrativeExpenses": 283936000,
    "otherExpenses": 0,
    "operatingExpenses": 404236000,
    "costAndExpenses": 516203000,
    "interestIncome": 0,
    "interestExpense": 0,
    "depreciationAndAmortization": 26520000,
    "ebitda": 125133000,
    "ebitdaratio": 0.203529186,
    "operatingIncome": 98613000,
    "operatingIncomeRatio": 0.1603943294,
    "totalOtherIncomeExpensesNet": -1090000,
    "incomeBeforeTax": 97523000,
    "incomeBeforeTaxRatio": 0.1586214412,
    "incomeTaxExpense": 19860000,
    "netIncome": 77663000,
    "netIncomeRatio": 0.1263190938,
    "eps": 1.27,
    "epsdiluted": 1.26,
    "weightedAverageShsOut": 61149000,
    "weightedAverageShsOutDil": 61636000,
    "link": "https://www.sec.gov/Archives/edgar/data/1048695/000104869520000041/0001048695-20-000041-index.htm",
    "finalLink": "https://www.sec.gov/Archives/edgar/data/1048695/000104869520000041/ffiv-20200930.htm"
  },
  {
    "date": "2020-06-30",
    "symbol": "FFIV",
    "reportedCurrency": "USD",
    "cik": "0001048695",
    "fillingDate": "2020-08-05",
    "acceptedDate": "2020-08-05 17:19:12",
    "calendarYear": "2020",
    "period": "Q3",
    "revenue": 583252000,
    "costOfRevenue": 106040000,
    "grossProfit": 477212000,
    "grossProfitRatio": 0.8181917936,
    "researchAndDevelopmentExpenses": 115991000,
    "generalAndAdministrativeExpenses": 61792000,
    "sellingAndMarketingExpenses": 211808000,
    "sellingGeneralAndAdministrativeExpenses": 273600000,
    "otherExpenses": 0,
    "operatingExpenses": 389591000,
    "costAndExpenses": 495631000,
    "interestIncome": 0,
    "interestExpense": 0,
    "depreciationAndAmortization": 26225000,
    "ebitda": 113846000,
    "ebitdaratio": 0.1951917867,
    "operatingIncome": 87621000,
    "operatingIncomeRatio": 0.1502283747,
    "totalOtherIncomeExpensesNet": 141000,
    "incomeBeforeTax": 87762000,
    "incomeBeforeTaxRatio": 0.1504701227,
    "incomeTaxExpense": 17890000,
    "netIncome": 69872000,
    "netIncomeRatio": 0.1197972746,
    "eps": 1.15,
    "epsdiluted": 1.14,
    "weightedAverageShsOut": 60978000,
    "weightedAverageShsOutDil": 61415000,
    "link": "https://www.sec.gov/Archives/edgar/data/1048695/000104869520000035/0001048695-20-000035-index.htm",
    "finalLink": "https://www.sec.gov/Archives/edgar/data/1048695/000104869520000035/ffiv-20200630.htm"
  },
  {
    "date": "2020-03-31",
    "symbol": "FFIV",
    "reportedCurrency": "USD",
    "cik": "0001048695",
    "fillingDate": "2020-05-06",
    "acceptedDate": "2020-05-06 16:07:57",
    "calendarYear": "2020",
    "period": "Q2",
    "revenue": 583449000,
    "costOfRevenue": 101238000,
    "grossProfit": 482211000,
    "grossProfitRatio": 0.8264835487,
    "researchAndDevelopmentExpenses": 109028000,
    "generalAndAdministrativeExpenses": 74013000,
    "sellingAndMarketingExpenses": 215472000,
    "sellingGeneralAndAdministrativeExpenses": 289485000,
    "otherExpenses": 0,
    "operatingExpenses": 398513000,
    "costAndExpenses": 499751000,
    "interestIncome": 0,
    "interestExpense": 0,
    "depreciationAndAmortization": 24133000,
    "ebitda": 107831000,
    "ebitdaratio": 0.1848164964,
    "operatingIncome": 83698000,
    "operatingIncomeRatio": 0.1434538409,
    "totalOtherIncomeExpensesNet": -141000,
    "incomeBeforeTax": 83557000,
    "incomeBeforeTaxRatio": 0.1432121745,
    "incomeTaxExpense": 22178000,
    "netIncome": 61379000,
    "netIncomeRatio": 0.1052002831,
    "eps": 1.01,
    "epsdiluted": 1,
    "weightedAverageShsOut": 60869000,
    "weightedAverageShsOutDil": 61084000,
    "link": "https://www.sec.gov/Archives/edgar/data/1048695/000104869520000027/0001048695-20-000027-index.htm",
    "finalLink": "https://www.sec.gov/Archives/edgar/data/1048695/000104869520000027/ffiv10q3312020.htm"
  },
  {
    "date": "2019-12-31",
    "symbol": "FFIV",
    "reportedCurrency": "USD",
    "cik": "0001048695",
    "fillingDate": "2020-02-05",
    "acceptedDate": "2020-02-05 16:30:48",
    "calendarYear": "2020",
    "period": "Q1",
    "revenue": 569305000,
    "costOfRevenue": 88642000,
    "grossProfit": 480663000,
    "grossProfitRatio": 0.844297872,
    "researchAndDevelopmentExpenses": 96005000,
    "generalAndAdministrativeExpenses": 59004000,
    "sellingAndMarketingExpenses": 195519000,
    "sellingGeneralAndAdministrativeExpenses": 254523000,
    "otherExpenses": 7800000,
    "operatingExpenses": 358328000,
    "costAndExpenses": 446970000,
    "interestIncome": 0,
    "interestExpense": 0,
    "depreciationAndAmortization": 18979000,
    "ebitda": 149114000,
    "ebitdaratio": 0.2619228709,
    "operatingIncome": 122335000,
    "operatingIncomeRatio": 0.2148848157,
    "totalOtherIncomeExpensesNet": 5220000,
    "incomeBeforeTax": 127555000,
    "incomeBeforeTaxRatio": 0.2240538903,
    "incomeTaxExpense": 29028000,
    "netIncome": 98527000,
    "netIncomeRatio": 0.1730654043,
    "eps": 1.62,
    "epsdiluted": 1.62,
    "weightedAverageShsOut": 60649000,
    "weightedAverageShsOutDil": 60815000,
    "link": "https://www.sec.gov/Archives/edgar/data/1048695/000104869520000012/0001048695-20-000012-index.htm",
    "finalLink": "https://www.sec.gov/Archives/edgar/data/1048695/000104869520000012/ffiv10q12312019.htm"
  },
  {
    "date": "2019-09-30",
    "symbol": "FFIV",
    "reportedCurrency": "USD",
    "cik": "0001048695",
    "fillingDate": "2019-11-15",
    "acceptedDate": "2019-11-15 16:46:00",
    "calendarYear": "2019",
    "period": "Q4",
    "revenue": 590388000,
    "costOfRevenue": 90918000,
    "grossProfit": 499470000,
    "grossProfitRatio": 0.8460029675,
    "researchAndDevelopmentExpenses": 102812000,
    "generalAndAdministrativeExpenses": 64390000,
    "sellingAndMarketingExpenses": 217554000,
    "sellingGeneralAndAdministrativeExpenses": 281944000,
    "otherExpenses": 0,
    "operatingExpenses": 384756000,
    "costAndExpenses": 475674000,
    "interestIncome": 0,
    "interestExpense": 0,
    "depreciationAndAmortization": 21862000,
    "ebitda": 136576000,
    "ebitdaratio": 0.2313326152,
    "operatingIncome": 114714000,
    "operatingIncomeRatio": 0.1943027297,
    "totalOtherIncomeExpensesNet": 3397000,
    "incomeBeforeTax": 118111000,
    "incomeBeforeTaxRatio": 0.200056573,
    "incomeTaxExpense": 23274000,
    "netIncome": 94837000,
    "netIncomeRatio": 0.16063504,
    "eps": 1.57,
    "epsdiluted": 1.57,
    "weightedAverageShsOut": 60283000,
    "weightedAverageShsOutDil": 60448000,
    "link": "https://www.sec.gov/Archives/edgar/data/1048695/000104869519000034/0001048695-19-000034-index.htm",
    "finalLink": "https://www.sec.gov/Archives/edgar/data/1048695/000104869519000034/ffiv10k9-30x2019.htm"
  },
  {
    "date": "2019-06-30",
    "symbol": "FFIV",
    "reportedCurrency": "USD",
    "cik": "0001048695",
    "fillingDate": "2019-08-02",
    "acceptedDate": "2019-08-02 16:39:08",
    "calendarYear": "2019",
    "period": "Q3",
    "revenue": 563394000,
    "costOfRevenue": 90767000,
    "grossProfit": 472627000,
    "grossProfitRatio": 0.838892498,
    "researchAndDevelopmentExpenses": 116894000,
    "generalAndAdministrativeExpenses": 57141000,
    "sellingAndMarketingExpenses": 195852000,
    "sellingGeneralAndAdministrativeExpenses": 252993000,
    "otherExpenses": 0,
    "operatingExpenses": 369887000,
    "costAndExpenses": 460654000,
    "interestIncome": 0,
    "interestExpense": 0,
    "depreciationAndAmortization": 18399000,
    "ebitda": 121139000,
    "ebitdaratio": 0.2150164893,
    "operatingIncome": 102740000,
    "operatingIncomeRatio": 0.1823590596,
    "totalOtherIncomeExpensesNet": 4722000,
    "incomeBeforeTax": 107462000,
    "incomeBeforeTaxRatio": 0.1907404055,
    "incomeTaxExpense": 21557000,
    "netIncome": 85905000,
    "netIncomeRatio": 0.1524776622,
    "eps": 1.43,
    "epsdiluted": 1.43,
    "weightedAverageShsOut": 59981000,
    "weightedAverageShsOutDil": 60196000,
    "link": "https://www.sec.gov/Archives/edgar/data/1048695/000104869519000030/0001048695-19-000030-index.htm",
    "finalLink": "https://www.sec.gov/Archives/edgar/data/1048695/000104869519000030/ffiv10q6302019.htm"
  },
  {
    "date": "2019-03-31",
    "symbol": "FFIV",
    "reportedCurrency": "USD",
    "cik": "0001048695",
    "fillingDate": "2019-05-03",
    "acceptedDate": "2019-05-03 13:51:50",
    "calendarYear": "2019",
    "period": "Q2",
    "revenue": 544895000,
    "costOfRevenue": 88178000,
    "grossProfit": 456717000,
    "grossProfitRatio": 0.8381743272,
    "researchAndDevelopmentExpenses": 96314000,
    "generalAndAdministrativeExpenses": 46656000,
    "sellingAndMarketingExpenses": 170954000,
    "sellingGeneralAndAdministrativeExpenses": 217610000,
    "otherExpenses": 0,
    "operatingExpenses": 313924000,
    "costAndExpenses": 402102000,
    "interestIncome": 0,
    "interestExpense": 0,
    "depreciationAndAmortization": 14245000,
    "ebitda": 157038000,
    "ebitdaratio": 0.2881986438,
    "operatingIncome": 142793000,
    "operatingIncomeRatio": 0.2620559924,
    "totalOtherIncomeExpensesNet": 7434000,
    "incomeBeforeTax": 150227000,
    "incomeBeforeTaxRatio": 0.2756989879,
    "incomeTaxExpense": 34140000,
    "netIncome": 116087000,
    "netIncomeRatio": 0.213044715,
    "eps": 1.94,
    "epsdiluted": 1.93,
    "weightedAverageShsOut": 59686000,
    "weightedAverageShsOutDil": 60029000,
    "link": "https://www.sec.gov/Archives/edgar/data/1048695/000104869519000014/0001048695-19-000014-index.htm",
    "finalLink": "https://www.sec.gov/Archives/edgar/data/1048695/000104869519000014/ffiv10q123120181.htm"
  },
  {
    "date": "2018-12-31",
    "symbol": "FFIV",
    "reportedCurrency": "USD",
    "cik": "0001048695",
    "fillingDate": "2019-02-01",
    "acceptedDate": "2019-02-01 13:53:37",
    "calendarYear": "2019",
    "period": "Q1",
    "revenue": 543770000,
    "costOfRevenue": 86714000,
    "grossProfit": 457056000,
    "grossProfitRatio": 0.8405318425,
    "researchAndDevelopmentExpenses": 92038000,
    "generalAndAdministrativeExpenses": 42543000,
    "sellingAndMarketingExpenses": 164259000,
    "sellingGeneralAndAdministrativeExpenses": 206802000,
    "otherExpenses": 0,
    "operatingExpenses": 298840000,
    "costAndExpenses": 385554000,
    "interestIncome": 0,
    "interestExpense": 0,
    "depreciationAndAmortization": 14001000,
    "ebitda": 172217000,
    "ebitdaratio": 0.3167092705,
    "operatingIncome": 158216000,
    "operatingIncomeRatio": 0.290961252,
    "totalOtherIncomeExpensesNet": 7095000,
    "incomeBeforeTax": 165311000,
    "incomeBeforeTaxRatio": 0.3040090479,
    "incomeTaxExpense": 34406000,
    "netIncome": 130905000,
    "netIncomeRatio": 0.2407359729,
    "eps": 2.17,
    "epsdiluted": 2.16,
    "weightedAverageShsOut": 60216000,
    "weightedAverageShsOutDil": 60645000,
    "link": "https://www.sec.gov/Archives/edgar/data/1048695/000104869519000008/0001048695-19-000008-index.htm",
    "finalLink": "https://www.sec.gov/Archives/edgar/data/1048695/000104869519000008/ffiv10q12312018.htm"
  },
  {
    "date": "2018-09-30",
    "symbol": "FFIV",
    "reportedCurrency": "USD",
    "cik": "0001048695",
    "fillingDate": "2018-11-21",
    "acceptedDate": "2018-11-21 13:40:52",
    "calendarYear": "2018",
    "period": "Q4",
    "revenue": 562709000,
    "costOfRevenue": 93440000,
    "grossProfit": 469269000,
    "grossProfitRatio": 0.8339461427,
    "researchAndDevelopmentExpenses": 95078000,
    "generalAndAdministrativeExpenses": 41748000,
    "sellingAndMarketingExpenses": 160425000,
    "sellingGeneralAndAdministrativeExpenses": 202173000,
    "otherExpenses": 0,
    "operatingExpenses": 315677000,
    "costAndExpenses": 409117000,
    "interestIncome": 0,
    "interestExpense": 0,
    "depreciationAndAmortization": 15410000,
    "ebitda": 187428000,
    "ebitdaratio": 0.333081575,
    "operatingIncome": 172018000,
    "operatingIncomeRatio": 0.3056961947,
    "totalOtherIncomeExpensesNet": -12759000,
    "incomeBeforeTax": 159259000,
    "incomeBeforeTaxRatio": 0.2830219527,
    "incomeTaxExpense": 26378000,
    "netIncome": 132881000,
    "netIncomeRatio": 0.2361451478,
    "eps": 2.2,
    "epsdiluted": 2.18,
    "weightedAverageShsOut": 60462000,
    "weightedAverageShsOutDil": 61070000,
    "link": "https://www.sec.gov/Archives/edgar/data/1048695/000104869518000031/0001048695-18-000031-index.htm",
    "finalLink": "https://www.sec.gov/Archives/edgar/data/1048695/000104869518000031/ffiv10k9-30x2018.htm"
  },
  {
    "date": "2018-06-30",
    "symbol": "FFIV",
    "reportedCurrency": "USD",
    "cik": "0001048695",
    "fillingDate": "2018-08-01",
    "acceptedDate": "2018-08-01 13:34:55",
    "calendarYear": "2018",
    "period": "Q3",
    "revenue": 542203000,
    "costOfRevenue": 91009000,
    "grossProfit": 451194000,
    "grossProfitRatio": 0.8321495824,
    "researchAndDevelopmentExpenses": 94061000,
    "generalAndAdministrativeExpenses": 39374000,
    "sellingAndMarketingExpenses": 165806000,
    "sellingGeneralAndAdministrativeExpenses": 205180000,
    "otherExpenses": 0,
    "operatingExpenses": 299241000,
    "costAndExpenses": 390250000,
    "interestIncome": 0,
    "interestExpense": 0,
    "depreciationAndAmortization": 14032000,
    "ebitda": 165985000,
    "ebitdaratio": 0.3061307296,
    "operatingIncome": 151953000,
    "operatingIncomeRatio": 0.2802511237,
    "totalOtherIncomeExpensesNet": 2259000,
    "incomeBeforeTax": 154212000,
    "incomeBeforeTaxRatio": 0.2844174599,
    "incomeTaxExpense": 31469000,
    "netIncome": 122743000,
    "netIncomeRatio": 0.2263783122,
    "eps": 2.01,
    "epsdiluted": 1.99,
    "weightedAverageShsOut": 60970000,
    "weightedAverageShsOutDil": 61633000,
    "link": "https://www.sec.gov/Archives/edgar/data/1048695/000104869518000025/0001048695-18-000025-index.htm",
    "finalLink": "https://www.sec.gov/Archives/edgar/data/1048695/000104869518000025/ffiv10q6302018.htm"
  },
  {
    "date": "2018-03-31",
    "symbol": "FFIV",
    "reportedCurrency": "USD",
    "cik": "0001048695",
    "fillingDate": "2018-05-02",
    "acceptedDate": "2018-05-02 13:19:25",
    "calendarYear": "2018",
    "period": "Q2",
    "revenue": 533304000,
    "costOfRevenue": 89645000,
    "grossProfit": 443659000,
    "grossProfitRatio": 0.8319063799,
    "researchAndDevelopmentExpenses": 91056000,
    "generalAndAdministrativeExpenses": 39276000,
    "sellingAndMarketingExpenses": 169970000,
    "sellingGeneralAndAdministrativeExpenses": 209246000,
    "otherExpenses": 0,
    "operatingExpenses": 300302000,
    "costAndExpenses": 389947000,
    "interestIncome": 0,
    "interestExpense": 0,
    "depreciationAndAmortization": 14869000,
    "ebitda": 158226000,
    "ebitdaratio": 0.296690068,
    "operatingIncome": 143357000,
    "operatingIncomeRatio": 0.2688091595,
    "totalOtherIncomeExpensesNet": 2790000,
    "incomeBeforeTax": 146147000,
    "incomeBeforeTaxRatio": 0.2740406972,
    "incomeTaxExpense": 36511000,
    "netIncome": 109636000,
    "netIncomeRatio": 0.2055788068,
    "eps": 1.79,
    "epsdiluted": 1.77,
    "weightedAverageShsOut": 61420000,
    "weightedAverageShsOutDil": 62059000,
    "link": "https://www.sec.gov/Archives/edgar/data/1048695/000104869518000017/0001048695-18-000017-index.htm",
    "finalLink": "https://www.sec.gov/Archives/edgar/data/1048695/000104869518000017/ffiv10q3312018.htm"
  },
  {
    "date": "2017-12-31",
    "symbol": "FFIV",
    "reportedCurrency": "USD",
    "cik": "0001048695",
    "fillingDate": "2018-02-02",
    "acceptedDate": "2018-02-02 13:20:14",
    "calendarYear": "2018",
    "period": "Q1",
    "revenue": 523191000,
    "costOfRevenue": 87387000,
    "grossProfit": 435804000,
    "grossProfitRatio": 0.8329730443,
    "researchAndDevelopmentExpenses": 85889000,
    "generalAndAdministrativeExpenses": 39984000,
    "sellingAndMarketingExpenses": 167934000,
    "sellingGeneralAndAdministrativeExpenses": 207918000,
    "otherExpenses": 0,
    "operatingExpenses": 293807000,
    "costAndExpenses": 381194000,
    "interestIncome": 0,
    "interestExpense": 0,
    "depreciationAndAmortization": 15180000,
    "ebitda": 157177000,
    "ebitdaratio": 0.3004199231,
    "operatingIncome": 141997000,
    "operatingIncomeRatio": 0.2714056626,
    "totalOtherIncomeExpensesNet": 2145000,
    "incomeBeforeTax": 144142000,
    "incomeBeforeTaxRatio": 0.2755055037,
    "incomeTaxExpense": 55713000,
    "netIncome": 88429000,
    "netIncomeRatio": 0.1690185802,
    "eps": 1.42,
    "epsdiluted": 1.41,
    "weightedAverageShsOut": 62195000,
    "weightedAverageShsOutDil": 62550000,
    "link": "https://www.sec.gov/Archives/edgar/data/1048695/000104869518000005/0001048695-18-000005-index.htm",
    "finalLink": "https://www.sec.gov/Archives/edgar/data/1048695/000104869518000005/ffiv10q12312017.htm"
  },
  {
    "date": "2017-09-30",
    "symbol": "FFIV",
    "reportedCurrency": "USD",
    "cik": "0001048695",
    "fillingDate": "2017-11-03",
    "acceptedDate": "2017-11-03 13:30:37",
    "calendarYear": "2017",
    "period": "Q4",
    "revenue": 537998000,
    "costOfRevenue": 90541000,
    "grossProfit": 447457000,
    "grossProfitRatio": 0.8317075528,
    "researchAndDevelopmentExpenses": 85479000,
    "generalAndAdministrativeExpenses": 37832000,
    "sellingAndMarketingExpenses": 162068000,
    "sellingGeneralAndAdministrativeExpenses": 199900000,
    "otherExpenses": 0,
    "operatingExpenses": 285379000,
    "costAndExpenses": 389163000,
    "interestIncome": 0,
    "interestExpense": 0,
    "depreciationAndAmortization": 15545000,
    "ebitda": 177623000,
    "ebitdaratio": 0.3301555024,
    "operatingIncome": 148835000,
    "operatingIncomeRatio": 0.2766460098,
    "totalOtherIncomeExpensesNet": 5027000,
    "incomeBeforeTax": 153862000,
    "incomeBeforeTaxRatio": 0.2859899107,
    "incomeTaxExpense": 18119000,
    "netIncome": 135743000,
    "netIncomeRatio": 0.2523113469,
    "eps": 2.15,
    "epsdiluted": 2.14,
    "weightedAverageShsOut": 63088000,
    "weightedAverageShsOutDil": 63446000,
    "link": "https://www.sec.gov/Archives/edgar/data/1048695/000104869517000028/0001048695-17-000028-index.htm",
    "finalLink": "https://www.sec.gov/Archives/edgar/data/1048695/000104869517000028/ffiv10k9-30x2017.htm"
  },
  {
    "date": "2017-06-30",
    "symbol": "FFIV",
    "reportedCurrency": "USD",
    "cik": "0001048695",
    "fillingDate": "2017-08-02",
    "acceptedDate": "2017-08-02 13:23:09",
    "calendarYear": "2017",
    "period": "Q3",
    "revenue": 517837000,
    "costOfRevenue": 89770000,
    "grossProfit": 428067000,
    "grossProfitRatio": 0.8266442915,
    "researchAndDevelopmentExpenses": 88602000,
    "generalAndAdministrativeExpenses": 39368000,
    "sellingAndMarketingExpenses": 160952000,
    "sellingGeneralAndAdministrativeExpenses": 200320000,
    "otherExpenses": 1000,
    "operatingExpenses": 288922000,
    "costAndExpenses": 378693000,
    "interestIncome": 0,
    "interestExpense": 0,
    "depreciationAndAmortization": 15325000,
    "ebitda": 154470000,
    "ebitdaratio": 0.2982984993,
    "operatingIncome": 139144000,
    "operatingIncomeRatio": 0.2687023137,
    "totalOtherIncomeExpensesNet": 2589000,
    "incomeBeforeTax": 141733000,
    "incomeBeforeTaxRatio": 0.2737019564,
    "incomeTaxExpense": 44071000,
    "netIncome": 97662000,
    "netIncomeRatio": 0.1885960254,
    "eps": 1.53,
    "epsdiluted": 1.52,
    "weightedAverageShsOut": 63935000,
    "weightedAverageShsOutDil": 64361000,
    "link": "https://www.sec.gov/Archives/edgar/data/1048695/000104869517000022/0001048695-17-000022-index.htm",
    "finalLink": "https://www.sec.gov/Archives/edgar/data/1048695/000104869517000022/ffiv10q6302017.htm"
  },
  {
    "date": "2017-03-31",
    "symbol": "FFIV",
    "reportedCurrency": "USD",
    "cik": "0001048695",
    "fillingDate": "2017-05-10",
    "acceptedDate": "2017-05-10 14:38:57",
    "calendarYear": "2017",
    "period": "Q2",
    "revenue": 518248000,
    "costOfRevenue": 87912000,
    "grossProfit": 430336000,
    "grossProfitRatio": 0.8303669286,
    "researchAndDevelopmentExpenses": 89234000,
    "generalAndAdministrativeExpenses": 38009000,
    "sellingAndMarketingExpenses": 164705000,
    "sellingGeneralAndAdministrativeExpenses": 202714000,
    "otherExpenses": -135000,
    "operatingExpenses": 291948000,
    "costAndExpenses": 379725000,
    "interestIncome": 0,
    "interestExpense": 0,
    "depreciationAndAmortization": 15391000,
    "ebitda": 153779000,
    "ebitdaratio": 0.2967285933,
    "operatingIncome": 138523000,
    "operatingIncomeRatio": 0.2672909495,
    "totalOtherIncomeExpensesNet": 1302000,
    "incomeBeforeTax": 139825000,
    "incomeBeforeTaxRatio": 0.2698032602,
    "incomeTaxExpense": 46687000,
    "netIncome": 93138000,
    "netIncomeRatio": 0.1797170467,
    "eps": 1.44,
    "epsdiluted": 1.43,
    "weightedAverageShsOut": 64479000,
    "weightedAverageShsOutDil": 65028000,
    "link": "https://www.sec.gov/Archives/edgar/data/1048695/000104869517000016/0001048695-17-000016-index.htm",
    "finalLink": "https://www.sec.gov/Archives/edgar/data/1048695/000104869517000016/ffiv10q3312017.htm"
  },
  {
    "date": "2016-12-31",
    "symbol": "FFIV",
    "reportedCurrency": "USD",
    "cik": "0001048695",
    "fillingDate": "2017-02-01",
    "acceptedDate": "2017-02-01 16:25:18",
    "calendarYear": "2017",
    "period": "Q1",
    "revenue": 515958000,
    "costOfRevenue": 85262000,
    "grossProfit": 430696000,
    "grossProfitRatio": 0.8347501153,
    "researchAndDevelopmentExpenses": 87050000,
    "generalAndAdministrativeExpenses": 41678000,
    "sellingAndMarketingExpenses": 164514000,
    "sellingGeneralAndAdministrativeExpenses": 206192000,
    "otherExpenses": 0,
    "operatingExpenses": 293242000,
    "costAndExpenses": 378504000,
    "interestIncome": 0,
    "interestExpense": 0,
    "depreciationAndAmortization": 14887000,
    "ebitda": 152341000,
    "ebitdaratio": 0.2952585288,
    "operatingIncome": 137454000,
    "operatingIncomeRatio": 0.2664054051,
    "totalOtherIncomeExpensesNet": 2643000,
    "incomeBeforeTax": 140097000,
    "incomeBeforeTaxRatio": 0.2715279151,
    "incomeTaxExpense": 45879000,
    "netIncome": 94218000,
    "netIncomeRatio": 0.1826078867,
    "eps": 1.45,
    "epsdiluted": 1.44,
    "weightedAverageShsOut": 65195000,
    "weightedAverageShsOutDil": 65645000,
    "link": "https://www.sec.gov/Archives/edgar/data/1048695/000104869517000008/0001048695-17-000008-index.htm",
    "finalLink": "https://www.sec.gov/Archives/edgar/data/1048695/000104869517000008/ffiv10q12312016.htm"
  },
  {
    "date": "2016-09-30",
    "symbol": "FFIV",
    "reportedCurrency": "USD",
    "cik": "0001048695",
    "fillingDate": "2016-11-04",
    "acceptedDate": "2016-11-04 11:58:28",
    "calendarYear": "2016",
    "period": "Q4",
    "revenue": 525349000,
    "costOfRevenue": 84949000,
    "grossProfit": 440400000,
    "grossProfitRatio": 0.838299873,
    "researchAndDevelopmentExpenses": 83746000,
    "generalAndAdministrativeExpenses": 35193000,
    "sellingAndMarketingExpenses": 158198000,
    "sellingGeneralAndAdministrativeExpenses": 193391000,
    "otherExpenses": 0,
    "operatingExpenses": 277137000,
    "costAndExpenses": 362716000,
    "interestIncome": 0,
    "interestExpense": 0,
    "depreciationAndAmortization": 14492000,
    "ebitda": 177755000,
    "ebitdaratio": 0.3383560262,
    "operatingIncome": 162633000,
    "operatingIncomeRatio": 0.3095713516,
    "totalOtherIncomeExpensesNet": 268000,
    "incomeBeforeTax": 162901000,
    "incomeBeforeTaxRatio": 0.3100814887,
    "incomeTaxExpense": 53966000,
    "netIncome": 108935000,
    "netIncomeRatio": 0.2073573948,
    "eps": 1.66,
    "epsdiluted": 1.64,
    "weightedAverageShsOut": 65772000,
    "weightedAverageShsOutDil": 66262000,
    "link": "https://www.sec.gov/Archives/edgar/data/1048695/000104869516000049/0001048695-16-000049-index.htm",
    "finalLink": "https://www.sec.gov/Archives/edgar/data/1048695/000104869516000049/ffiv10k9-30x2016.htm"
  },
  {
    "date": "2016-06-30",
    "symbol": "FFIV",
    "reportedCurrency": "USD",
    "cik": "0001048695",
    "fillingDate": "2016-07-27",
    "acceptedDate": "2016-07-27 13:16:08",
    "calendarYear": "2016",
    "period": "Q3",
    "revenue": 496522000,
    "costOfRevenue": 84343000,
    "grossProfit": 412179000,
    "grossProfitRatio": 0.830132401,
    "researchAndDevelopmentExpenses": 83042000,
    "generalAndAdministrativeExpenses": 34182000,
    "sellingAndMarketingExpenses": 156620000,
    "sellingGeneralAndAdministrativeExpenses": 190802000,
    "otherExpenses": -527000,
    "operatingExpenses": 273317000,
    "costAndExpenses": 357660000,
    "interestIncome": 0,
    "interestExpense": 0,
    "depreciationAndAmortization": 14437000,
    "ebitda": 152772000,
    "ebitdaratio": 0.3076842517,
    "operatingIncome": 138862000,
    "operatingIncomeRatio": 0.2796693802,
    "totalOtherIncomeExpensesNet": 978000,
    "incomeBeforeTax": 139840000,
    "incomeBeforeTaxRatio": 0.2816390815,
    "incomeTaxExpense": 48051000,
    "netIncome": 91789000,
    "netIncomeRatio": 0.1848639134,
    "eps": 1.37,
    "epsdiluted": 1.37,
    "weightedAverageShsOut": 66851000,
    "weightedAverageShsOutDil": 67235000,
    "link": "https://www.sec.gov/Archives/edgar/data/1048695/000104869516000041/0001048695-16-000041-index.htm",
    "finalLink": "https://www.sec.gov/Archives/edgar/data/1048695/000104869516000041/ffiv10q6302016.htm"
  },
  {
    "date": "2016-03-31",
    "symbol": "FFIV",
    "reportedCurrency": "USD",
    "cik": "0001048695",
    "fillingDate": "2016-04-27",
    "acceptedDate": "2016-04-27 14:02:53",
    "calendarYear": "2016",
    "period": "Q2",
    "revenue": 483677000,
    "costOfRevenue": 82230000,
    "grossProfit": 401447000,
    "grossProfitRatio": 0.8299898486,
    "researchAndDevelopmentExpenses": 86294000,
    "generalAndAdministrativeExpenses": 34803000,
    "sellingAndMarketingExpenses": 156469000,
    "sellingGeneralAndAdministrativeExpenses": 191272000,
    "otherExpenses": 8948000,
    "operatingExpenses": 286514000,
    "costAndExpenses": 368744000,
    "interestIncome": 0,
    "interestExpense": 0,
    "depreciationAndAmortization": 14084000,
    "ebitda": 137965000,
    "ebitdaratio": 0.2852420107,
    "operatingIncome": 114933000,
    "operatingIncomeRatio": 0.2376234553,
    "totalOtherIncomeExpensesNet": 133000,
    "incomeBeforeTax": 115066000,
    "incomeBeforeTaxRatio": 0.2378984322,
    "incomeTaxExpense": 39651000,
    "netIncome": 75415000,
    "netIncomeRatio": 0.1559201699,
    "eps": 1.12,
    "epsdiluted": 1.11,
    "weightedAverageShsOut": 67549000,
    "weightedAverageShsOutDil": 67804000,
    "link": "https://www.sec.gov/Archives/edgar/data/1048695/000104869516000035/0001048695-16-000035-index.htm",
    "finalLink": "https://www.sec.gov/Archives/edgar/data/1048695/000104869516000035/ffiv10q3312016.htm"
  },
  {
    "date": "2015-12-31",
    "symbol": "FFIV",
    "reportedCurrency": "USD",
    "cik": "0001048695",
    "fillingDate": "2016-01-27",
    "acceptedDate": "2016-01-27 13:17:51",
    "calendarYear": "2016",
    "period": "Q1",
    "revenue": 489486000,
    "costOfRevenue": 85683000,
    "grossProfit": 403803000,
    "grossProfitRatio": 0.8249531141,
    "researchAndDevelopmentExpenses": 81145000,
    "generalAndAdministrativeExpenses": 34253000,
    "sellingAndMarketingExpenses": 157456000,
    "sellingGeneralAndAdministrativeExpenses": 191709000,
    "otherExpenses": 0,
    "operatingExpenses": 272854000,
    "costAndExpenses": 358537000,
    "interestIncome": 0,
    "interestExpense": 0,
    "depreciationAndAmortization": 13763000,
    "ebitda": 144712000,
    "ebitdaratio": 0.2956407333,
    "operatingIncome": 130949000,
    "operatingIncomeRatio": 0.2675234838,
    "totalOtherIncomeExpensesNet": 1135000,
    "incomeBeforeTax": 132084000,
    "incomeBeforeTaxRatio": 0.2698422427,
    "incomeTaxExpense": 42368000,
    "netIncome": 89716000,
    "netIncomeRatio": 0.183286141,
    "eps": 1.29,
    "epsdiluted": 1.28,
    "weightedAverageShsOut": 69554000,
    "weightedAverageShsOutDil": 69878000,
    "link": "https://www.sec.gov/Archives/edgar/data/1048695/000104869516000026/0001048695-16-000026-index.htm",
    "finalLink": "https://www.sec.gov/Archives/edgar/data/1048695/000104869516000026/ffiv10q12312015.htm"
  },
  {
    "date": "2015-09-30",
    "symbol": "FFIV",
    "reportedCurrency": "USD",
    "cik": "0001048695",
    "fillingDate": "2015-11-06",
    "acceptedDate": "2015-11-06 13:28:33",
    "calendarYear": "2015",
    "period": "Q4",
    "revenue": 501301000,
    "costOfRevenue": 84658000,
    "grossProfit": 416643000,
    "grossProfitRatio": 0.8311234169,
    "researchAndDevelopmentExpenses": 77665000,
    "generalAndAdministrativeExpenses": 39726000,
    "sellingAndMarketingExpenses": 151653000,
    "sellingGeneralAndAdministrativeExpenses": 191379000,
    "otherExpenses": 0,
    "operatingExpenses": 269044000,
    "costAndExpenses": 353702000,
    "interestIncome": 0,
    "interestExpense": 0,
    "depreciationAndAmortization": 13358000,
    "ebitda": 160957000,
    "ebitdaratio": 0.3210785536,
    "operatingIncome": 147599000,
    "operatingIncomeRatio": 0.2944318882,
    "totalOtherIncomeExpensesNet": 1865000,
    "incomeBeforeTax": 149464000,
    "incomeBeforeTaxRatio": 0.298152208,
    "incomeTaxExpense": 52427000,
    "netIncome": 97037000,
    "netIncomeRatio": 0.19357033,
    "eps": 1.37,
    "epsdiluted": 1.36,
    "weightedAverageShsOut": 70955004,
    "weightedAverageShsOutDil": 71098000,
    "link": "https://www.sec.gov/Archives/edgar/data/1048695/000104869515000020/0001048695-15-000020-index.htm",
    "finalLink": "https://www.sec.gov/Archives/edgar/data/1048695/000104869515000020/ffiv10k9-30x2015.htm"
  },
  {
    "date": "2015-06-30",
    "symbol": "FFIV",
    "reportedCurrency": "USD",
    "cik": "0001048695",
    "fillingDate": "2015-07-29",
    "acceptedDate": "2015-07-29 14:15:40",
    "calendarYear": "2015",
    "period": "Q3",
    "revenue": 483586000,
    "costOfRevenue": 85659000,
    "grossProfit": 397927000,
    "grossProfitRatio": 0.8228670805,
    "researchAndDevelopmentExpenses": 74337000,
    "generalAndAdministrativeExpenses": 32627000,
    "sellingAndMarketingExpenses": 150833000,
    "sellingGeneralAndAdministrativeExpenses": 183460000,
    "otherExpenses": 0,
    "operatingExpenses": 257797000,
    "costAndExpenses": 343456000,
    "interestIncome": 0,
    "interestExpense": 0,
    "depreciationAndAmortization": 12971000,
    "ebitda": 153101000,
    "ebitdaratio": 0.3165951868,
    "operatingIncome": 140130000,
    "operatingIncomeRatio": 0.2897726568,
    "totalOtherIncomeExpensesNet": 720000,
    "incomeBeforeTax": 140850000,
    "incomeBeforeTaxRatio": 0.2912615336,
    "incomeTaxExpense": 47678000,
    "netIncome": 93172000,
    "netIncomeRatio": 0.1926689358,
    "eps": 1.3,
    "epsdiluted": 1.29,
    "weightedAverageShsOut": 71509000,
    "weightedAverageShsOutDil": 71957000,
    "link": "https://www.sec.gov/Archives/edgar/data/1048695/000104869515000014/0001048695-15-000014-index.htm",
    "finalLink": "https://www.sec.gov/Archives/edgar/data/1048695/000104869515000014/ffiv10q6302015.htm"
  },
  {
    "date": "2015-03-31",
    "symbol": "FFIV",
    "reportedCurrency": "USD",
    "cik": "0001048695",
    "fillingDate": "2015-05-07",
    "acceptedDate": "2015-05-07 14:38:14",
    "calendarYear": "2015",
    "period": "Q2",
    "revenue": 472143000,
    "costOfRevenue": 82596000,
    "grossProfit": 389547000,
    "grossProfitRatio": 0.825061475,
    "researchAndDevelopmentExpenses": 74521000,
    "generalAndAdministrativeExpenses": 30933000,
    "sellingAndMarketingExpenses": 151238000,
    "sellingGeneralAndAdministrativeExpenses": 182171000,
    "otherExpenses": 0,
    "operatingExpenses": 256692000,
    "costAndExpenses": 339288000,
    "interestIncome": 0,
    "interestExpense": 0,
    "depreciationAndAmortization": 13212000,
    "ebitda": 146067000,
    "ebitdaratio": 0.3093702544,
    "operatingIncome": 132855000,
    "operatingIncomeRatio": 0.2813872068,
    "totalOtherIncomeExpensesNet": 3266000,
    "incomeBeforeTax": 136121000,
    "incomeBeforeTaxRatio": 0.2883046026,
    "incomeTaxExpense": 50392000,
    "netIncome": 85729000,
    "netIncomeRatio": 0.1815742265,
    "eps": 1.19,
    "epsdiluted": 1.18,
    "weightedAverageShsOut": 72240000,
    "weightedAverageShsOutDil": 72711000,
    "link": "https://www.sec.gov/Archives/edgar/data/1048695/000104869515000008/0001048695-15-000008-index.htm",
    "finalLink": "https://www.sec.gov/Archives/edgar/data/1048695/000104869515000008/ffiv10q3312015.htm"
  },
  {
    "date": "2014-12-31",
    "symbol": "FFIV",
    "reportedCurrency": "USD",
    "cik": "0001048695",
    "fillingDate": "2015-02-05",
    "acceptedDate": "2015-02-05 14:18:23",
    "calendarYear": "2015",
    "period": "Q1",
    "revenue": 462793000,
    "costOfRevenue": 79348000,
    "grossProfit": 383445000,
    "grossProfitRatio": 0.8285453756,
    "researchAndDevelopmentExpenses": 70060000,
    "generalAndAdministrativeExpenses": 32254000,
    "sellingAndMarketingExpenses": 148816000,
    "sellingGeneralAndAdministrativeExpenses": 181070000,
    "otherExpenses": 0,
    "operatingExpenses": 251130000,
    "costAndExpenses": 330478000,
    "interestIncome": 0,
    "interestExpense": 0,
    "depreciationAndAmortization": 13042000,
    "ebitda": 145357000,
    "ebitdaratio": 0.3140864274,
    "operatingIncome": 132315000,
    "operatingIncomeRatio": 0.2859053616,
    "totalOtherIncomeExpensesNet": 2594000,
    "incomeBeforeTax": 134909000,
    "incomeBeforeTaxRatio": 0.2915104593,
    "incomeTaxExpense": 45833000,
    "netIncome": 89076000,
    "netIncomeRatio": 0.1924748214,
    "eps": 1.21,
    "epsdiluted": 1.21,
    "weightedAverageShsOut": 73350000,
    "weightedAverageShsOutDil": 73857000,
    "link": "https://www.sec.gov/Archives/edgar/data/1048695/000162828015000480/0001628280-15-000480-index.htm",
    "finalLink": "https://www.sec.gov/Archives/edgar/data/1048695/000162828015000480/ffiv10q12312014.htm"
  },
  {
    "date": "2014-09-30",
    "symbol": "FFIV",
    "reportedCurrency": "USD",
    "cik": "0001048695",
    "fillingDate": "2014-11-26",
    "acceptedDate": "2014-11-25 17:43:37",
    "calendarYear": "2014",
    "period": "Q4",
    "revenue": 465266000,
    "costOfRevenue": 81952000,
    "grossProfit": 383314000,
    "grossProfitRatio": 0.8238598995,
    "researchAndDevelopmentExpenses": 65401000,
    "generalAndAdministrativeExpenses": 27148000,
    "sellingAndMarketingExpenses": 143284000,
    "sellingGeneralAndAdministrativeExpenses": 170432000,
    "otherExpenses": 0,
    "operatingExpenses": 235833000,
    "costAndExpenses": 317785000,
    "interestIncome": 0,
    "interestExpense": 0,
    "depreciationAndAmortization": 12066000,
    "ebitda": 159547000,
    "ebitdaratio": 0.3429156654,
    "operatingIncome": 147481000,
    "operatingIncomeRatio": 0.3169821135,
    "totalOtherIncomeExpensesNet": 2323000,
    "incomeBeforeTax": 149804000,
    "incomeBeforeTaxRatio": 0.3219749563,
    "incomeTaxExpense": 55783000,
    "netIncome": 94021000,
    "netIncomeRatio": 0.2020801004,
    "eps": 1.27,
    "epsdiluted": 1.26,
    "weightedAverageShsOut": 73817000,
    "weightedAverageShsOutDil": 74366000,
    "link": "https://www.sec.gov/Archives/edgar/data/1048695/000144530514005262/0001445305-14-005262-index.htm",
    "finalLink": "https://www.sec.gov/Archives/edgar/data/1048695/000144530514005262/ffiv10k9-30x2014.htm"
  },
  {
    "date": "2014-06-30",
    "symbol": "FFIV",
    "reportedCurrency": "USD",
    "cik": "0001048695",
    "fillingDate": "2014-08-07",
    "acceptedDate": "2014-08-07 14:00:51",
    "calendarYear": "2014",
    "period": "Q3",
    "revenue": 440285000,
    "costOfRevenue": 79462000,
    "grossProfit": 360823000,
    "grossProfitRatio": 0.8195214463,
    "researchAndDevelopmentExpenses": 67026000,
    "generalAndAdministrativeExpenses": 27773000,
    "sellingAndMarketingExpenses": 139945000,
    "sellingGeneralAndAdministrativeExpenses": 167718000,
    "otherExpenses": 0,
    "operatingExpenses": 234744000,
    "costAndExpenses": 314206000,
    "interestIncome": 0,
    "interestExpense": 0,
    "depreciationAndAmortization": 11377000,
    "ebitda": 137456000,
    "ebitdaratio": 0.312197781,
    "operatingIncome": 126079000,
    "operatingIncomeRatio": 0.2863577001,
    "totalOtherIncomeExpensesNet": 1193000,
    "incomeBeforeTax": 127272000,
    "incomeBeforeTaxRatio": 0.2890673087,
    "incomeTaxExpense": 47799000,
    "netIncome": 79473000,
    "netIncomeRatio": 0.1805035375,
    "eps": 1.06,
    "epsdiluted": 1.05,
    "weightedAverageShsOut": 74812000,
    "weightedAverageShsOutDil": 75369000,
    "link": "https://www.sec.gov/Archives/edgar/data/1048695/000144530514003470/0001445305-14-003470-index.htm",
    "finalLink": "https://www.sec.gov/Archives/edgar/data/1048695/000144530514003470/ffiv10q6302014.htm"
  },
  {
    "date": "2014-03-31",
    "symbol": "FFIV",
    "reportedCurrency": "USD",
    "cik": "0001048695",
    "fillingDate": "2014-05-08",
    "acceptedDate": "2014-05-08 15:16:44",
    "calendarYear": "2014",
    "period": "Q2",
    "revenue": 420043000,
    "costOfRevenue": 75662000,
    "grossProfit": 344381000,
    "grossProfitRatio": 0.8198708227,
    "researchAndDevelopmentExpenses": 67232000,
    "generalAndAdministrativeExpenses": 26033000,
    "sellingAndMarketingExpenses": 140252000,
    "sellingGeneralAndAdministrativeExpenses": 166285000,
    "otherExpenses": 0,
    "operatingExpenses": 233517000,
    "costAndExpenses": 309179000,
    "interestIncome": 0,
    "interestExpense": 0,
    "depreciationAndAmortization": 11241000,
    "ebitda": 122105000,
    "ebitdaratio": 0.2906964287,
    "operatingIncome": 110864000,
    "operatingIncomeRatio": 0.2639348829,
    "totalOtherIncomeExpensesNet": 23000,
    "incomeBeforeTax": 110887000,
    "incomeBeforeTaxRatio": 0.2639896392,
    "incomeTaxExpense": 41246000,
    "netIncome": 69641000,
    "netIncomeRatio": 0.1657949305,
    "eps": 0.92,
    "epsdiluted": 0.91,
    "weightedAverageShsOut": 75508000,
    "weightedAverageShsOutDil": 76244000,
    "link": "https://www.sec.gov/Archives/edgar/data/1048695/000144530514001993/0001445305-14-001993-index.htm",
    "finalLink": "https://www.sec.gov/Archives/edgar/data/1048695/000144530514001993/ffiv10q3312014.htm"
  },
  {
    "date": "2013-12-31",
    "symbol": "FFIV",
    "reportedCurrency": "USD",
    "cik": "0001048695",
    "fillingDate": "2014-02-06",
    "acceptedDate": "2014-02-06 13:42:27",
    "calendarYear": "2014",
    "period": "Q1",
    "revenue": 406452000,
    "costOfRevenue": 72883000,
    "grossProfit": 333569000,
    "grossProfitRatio": 0.8206848533,
    "researchAndDevelopmentExpenses": 64133000,
    "generalAndAdministrativeExpenses": 25500000,
    "sellingAndMarketingExpenses": 134803000,
    "sellingGeneralAndAdministrativeExpenses": 160303000,
    "otherExpenses": 0,
    "operatingExpenses": 224436000,
    "costAndExpenses": 297319000,
    "interestIncome": 0,
    "interestExpense": 0,
    "depreciationAndAmortization": 11437000,
    "ebitda": 120570000,
    "ebitdaratio": 0.2966401937,
    "operatingIncome": 109133000,
    "operatingIncomeRatio": 0.2685015697,
    "totalOtherIncomeExpensesNet": 246000,
    "incomeBeforeTax": 109379000,
    "incomeBeforeTaxRatio": 0.2691068072,
    "incomeTaxExpense": 41331000,
    "netIncome": 68048000,
    "netIncomeRatio": 0.1674195231,
    "eps": 0.88,
    "epsdiluted": 0.87,
    "weightedAverageShsOut": 77438000,
    "weightedAverageShsOutDil": 77822000,
    "link": "https://www.sec.gov/Archives/edgar/data/1048695/000144530514000250/0001445305-14-000250-index.htm",
    "finalLink": "https://www.sec.gov/Archives/edgar/data/1048695/000144530514000250/ffiv10q12312013.htm"
  },
  {
    "date": "2013-09-30",
    "symbol": "FFIV",
    "reportedCurrency": "USD",
    "cik": "0001048695",
    "fillingDate": "2013-11-22",
    "acceptedDate": "2013-11-22 16:05:46",
    "calendarYear": "2013",
    "period": "Q4",
    "revenue": 395329000,
    "costOfRevenue": 66943000,
    "grossProfit": 328386000,
    "grossProfitRatio": 0.8306650916,
    "researchAndDevelopmentExpenses": 54464000,
    "generalAndAdministrativeExpenses": 26512000,
    "sellingAndMarketingExpenses": 119836000,
    "sellingGeneralAndAdministrativeExpenses": 146348000,
    "otherExpenses": 2393000,
    "operatingExpenses": 203205000,
    "costAndExpenses": 270148000,
    "interestIncome": 0,
    "interestExpense": 0,
    "depreciationAndAmortization": 10300000,
    "ebitda": 135481000,
    "ebitdaratio": 0.342704431,
    "operatingIncome": 125181000,
    "operatingIncomeRatio": 0.3166501825,
    "totalOtherIncomeExpensesNet": 732000,
    "incomeBeforeTax": 125913000,
    "incomeBeforeTaxRatio": 0.3185018048,
    "incomeTaxExpense": 49682000,
    "netIncome": 76231000,
    "netIncomeRatio": 0.1928292637,
    "eps": 0.97,
    "epsdiluted": 0.97,
    "weightedAverageShsOut": 78565000,
    "weightedAverageShsOutDil": 78674000,
    "link": "https://www.sec.gov/Archives/edgar/data/1048695/000144530513003079/0001445305-13-003079-index.htm",
    "finalLink": "https://www.sec.gov/Archives/edgar/data/1048695/000144530513003079/ffiv10k9-30x2013.htm"
  },
  {
    "date": "2013-06-30",
    "symbol": "FFIV",
    "reportedCurrency": "USD",
    "cik": "0001048695",
    "fillingDate": "2013-08-08",
    "acceptedDate": "2013-08-08 13:28:48",
    "calendarYear": "2013",
    "period": "Q3",
    "revenue": 370302000,
    "costOfRevenue": 64917000,
    "grossProfit": 305385000,
    "grossProfitRatio": 0.8246917381,
    "researchAndDevelopmentExpenses": 54075000,
    "generalAndAdministrativeExpenses": 25327000,
    "sellingAndMarketingExpenses": 121906000,
    "sellingGeneralAndAdministrativeExpenses": 147233000,
    "otherExpenses": 0,
    "operatingExpenses": 201308000,
    "costAndExpenses": 266225000,
    "interestIncome": 0,
    "interestExpense": 0,
    "depreciationAndAmortization": 9792000,
    "ebitda": 113869000,
    "ebitdaratio": 0.3075030651,
    "operatingIncome": 104077000,
    "operatingIncomeRatio": 0.2810597836,
    "totalOtherIncomeExpensesNet": 2874000,
    "incomeBeforeTax": 106951000,
    "incomeBeforeTaxRatio": 0.2888210164,
    "incomeTaxExpense": 38773000,
    "netIncome": 68178000,
    "netIncomeRatio": 0.1841145876,
    "eps": 0.87,
    "epsdiluted": 0.86,
    "weightedAverageShsOut": 78516000,
    "weightedAverageShsOutDil": 78864000,
    "link": "https://www.sec.gov/Archives/edgar/data/1048695/000144530513002018/0001445305-13-002018-index.htm",
    "finalLink": "https://www.sec.gov/Archives/edgar/data/1048695/000144530513002018/ffiv10q6302013.htm"
  },
  {
    "date": "2013-03-31",
    "symbol": "FFIV",
    "reportedCurrency": "USD",
    "cik": "0001048695",
    "fillingDate": "2013-05-09",
    "acceptedDate": "2013-05-09 13:24:27",
    "calendarYear": "2013",
    "period": "Q2",
    "revenue": 350232000,
    "costOfRevenue": 60302000,
    "grossProfit": 289930000,
    "grossProfitRatio": 0.8278227004,
    "researchAndDevelopmentExpenses": 52534000,
    "generalAndAdministrativeExpenses": 25889000,
    "sellingAndMarketingExpenses": 119031000,
    "sellingGeneralAndAdministrativeExpenses": 144920000,
    "otherExpenses": 0,
    "operatingExpenses": 197454000,
    "costAndExpenses": 257756000,
    "interestIncome": 0,
    "interestExpense": 0,
    "depreciationAndAmortization": 9979000,
    "ebitda": 102455000,
    "ebitdaratio": 0.2925346627,
    "operatingIncome": 92476000,
    "operatingIncomeRatio": 0.2640421207,
    "totalOtherIncomeExpensesNet": 2118000,
    "incomeBeforeTax": 94594000,
    "incomeBeforeTaxRatio": 0.2700895406,
    "incomeTaxExpense": 31182000,
    "netIncome": 63412000,
    "netIncomeRatio": 0.1810571278,
    "eps": 0.81,
    "epsdiluted": 0.8,
    "weightedAverageShsOut": 78601000,
    "weightedAverageShsOutDil": 79114000,
    "link": "https://www.sec.gov/Archives/edgar/data/1048695/000119312513210273/0001193125-13-210273-index.htm",
    "finalLink": "https://www.sec.gov/Archives/edgar/data/1048695/000119312513210273/d536032d10q.htm"
  },
  {
    "date": "2012-12-31",
    "symbol": "FFIV",
    "reportedCurrency": "USD",
    "cik": "0001048695",
    "fillingDate": "2013-02-07",
    "acceptedDate": "2013-02-07 13:36:38",
    "calendarYear": "2013",
    "period": "Q1",
    "revenue": 365451000,
    "costOfRevenue": 60885000,
    "grossProfit": 304566000,
    "grossProfitRatio": 0.8333976374,
    "researchAndDevelopmentExpenses": 48541000,
    "generalAndAdministrativeExpenses": 24673000,
    "sellingAndMarketingExpenses": 122268000,
    "sellingGeneralAndAdministrativeExpenses": 146941000,
    "otherExpenses": 0,
    "operatingExpenses": 195482000,
    "costAndExpenses": 256367000,
    "interestIncome": 0,
    "interestExpense": 0,
    "depreciationAndAmortization": 9934000,
    "ebitda": 119018000,
    "ebitdaratio": 0.3256743038,
    "operatingIncome": 109084000,
    "operatingIncomeRatio": 0.298491453,
    "totalOtherIncomeExpensesNet": 1550000,
    "incomeBeforeTax": 110634000,
    "incomeBeforeTaxRatio": 0.3027327877,
    "incomeTaxExpense": 41141000,
    "netIncome": 69493000,
    "netIncomeRatio": 0.1901568199,
    "eps": 0.88,
    "epsdiluted": 0.88,
    "weightedAverageShsOut": 78789000,
    "weightedAverageShsOutDil": 79278000,
    "link": "https://www.sec.gov/Archives/edgar/data/1048695/000119312513043080/0001193125-13-043080-index.htm",
    "finalLink": "https://www.sec.gov/Archives/edgar/data/1048695/000119312513043080/d482205d10q.htm"
  },
  {
    "date": "2012-09-30",
    "symbol": "FFIV",
    "reportedCurrency": "USD",
    "cik": "0001048695",
    "fillingDate": "2012-11-21",
    "acceptedDate": "2012-11-21 12:00:43",
    "calendarYear": "2012",
    "period": "Q4",
    "revenue": 362559000,
    "costOfRevenue": 62681000,
    "grossProfit": 299878000,
    "grossProfitRatio": 0.8271150351,
    "researchAndDevelopmentExpenses": 47731000,
    "generalAndAdministrativeExpenses": 24015000,
    "sellingAndMarketingExpenses": 116298000,
    "sellingGeneralAndAdministrativeExpenses": 140313000,
    "otherExpenses": 0,
    "operatingExpenses": 188044000,
    "costAndExpenses": 250725000,
    "interestIncome": 0,
    "interestExpense": 0,
    "depreciationAndAmortization": 10152000,
    "ebitda": 121986000,
    "ebitdaratio": 0.336458342,
    "operatingIncome": 111834000,
    "operatingIncomeRatio": 0.3084573821,
    "totalOtherIncomeExpensesNet": 909000,
    "incomeBeforeTax": 112743000,
    "incomeBeforeTaxRatio": 0.3109645603,
    "incomeTaxExpense": 45026000,
    "netIncome": 67717000,
    "netIncomeRatio": 0.186775118,
    "eps": 0.86,
    "epsdiluted": 0.85,
    "weightedAverageShsOut": 78980000,
    "weightedAverageShsOutDil": 79425000,
    "link": "https://www.sec.gov/Archives/edgar/data/1048695/000119312512478451/0001193125-12-478451-index.htm",
    "finalLink": "https://www.sec.gov/Archives/edgar/data/1048695/000119312512478451/d429871d10k.htm"
  },
  {
    "date": "2012-06-30",
    "symbol": "FFIV",
    "reportedCurrency": "USD",
    "cik": "0001048695",
    "fillingDate": "2012-08-07",
    "acceptedDate": "2012-08-07 15:43:19",
    "calendarYear": "2012",
    "period": "Q3",
    "revenue": 352634000,
    "costOfRevenue": 60287000,
    "grossProfit": 292347000,
    "grossProfitRatio": 0.8290380394,
    "researchAndDevelopmentExpenses": 46985000,
    "generalAndAdministrativeExpenses": 23298000,
    "sellingAndMarketingExpenses": 112064000,
    "sellingGeneralAndAdministrativeExpenses": 135362000,
    "otherExpenses": 0,
    "operatingExpenses": 182347000,
    "costAndExpenses": 242634000,
    "interestIncome": 0,
    "interestExpense": 0,
    "depreciationAndAmortization": 10052000,
    "ebitda": 120052000,
    "ebitdaratio": 0.3404436328,
    "operatingIncome": 110000000,
    "operatingIncomeRatio": 0.3119381568,
    "totalOtherIncomeExpensesNet": 1713000,
    "incomeBeforeTax": 111713000,
    "incomeBeforeTaxRatio": 0.3167958847,
    "incomeTaxExpense": 39377000,
    "netIncome": 72336000,
    "netIncomeRatio": 0.2051305319,
    "eps": 0.91,
    "epsdiluted": 0.91,
    "weightedAverageShsOut": 79135000,
    "weightedAverageShsOutDil": 79655000,
    "link": "https://www.sec.gov/Archives/edgar/data/1048695/000119312512340745/0001193125-12-340745-index.htm",
    "finalLink": "https://www.sec.gov/Archives/edgar/data/1048695/000119312512340745/d391942d10q.htm"
  },
  {
    "date": "2012-03-31",
    "symbol": "FFIV",
    "reportedCurrency": "USD",
    "cik": "0001048695",
    "fillingDate": "2012-05-07",
    "acceptedDate": "2012-05-07 14:11:12",
    "calendarYear": "2012",
    "period": "Q2",
    "revenue": 339622000,
    "costOfRevenue": 57594000,
    "grossProfit": 282028000,
    "grossProfitRatio": 0.8304173463,
    "researchAndDevelopmentExpenses": 43568000,
    "generalAndAdministrativeExpenses": 22785000,
    "sellingAndMarketingExpenses": 110995000,
    "sellingGeneralAndAdministrativeExpenses": 133780000,
    "otherExpenses": 0,
    "operatingExpenses": 177348000,
    "costAndExpenses": 234942000,
    "interestIncome": 0,
    "interestExpense": 0,
    "depreciationAndAmortization": 9113000,
    "ebitda": 113793000,
    "ebitdaratio": 0.3350577996,
    "operatingIncome": 104680000,
    "operatingIncomeRatio": 0.3082250266,
    "totalOtherIncomeExpensesNet": 1428000,
    "incomeBeforeTax": 106108000,
    "incomeBeforeTaxRatio": 0.3124297013,
    "incomeTaxExpense": 37467000,
    "netIncome": 68641000,
    "netIncomeRatio": 0.2021099929,
    "eps": 0.87,
    "epsdiluted": 0.86,
    "weightedAverageShsOut": 79156000,
    "weightedAverageShsOutDil": 79775000,
    "link": "https://www.sec.gov/Archives/edgar/data/1048695/000119312512214530/0001193125-12-214530-index.htm",
    "finalLink": "https://www.sec.gov/Archives/edgar/data/1048695/000119312512214530/d347541d10q.htm"
  },
  {
    "date": "2011-12-31",
    "symbol": "FFIV",
    "reportedCurrency": "USD",
    "cik": "0001048695",
    "fillingDate": "2012-02-03",
    "acceptedDate": "2012-02-03 13:41:43",
    "calendarYear": "2012",
    "period": "Q1",
    "revenue": 322432000,
    "costOfRevenue": 55606000,
    "grossProfit": 266826000,
    "grossProfitRatio": 0.8275419313,
    "researchAndDevelopmentExpenses": 39122000,
    "generalAndAdministrativeExpenses": 21677000,
    "sellingAndMarketingExpenses": 106238000,
    "sellingGeneralAndAdministrativeExpenses": 127915000,
    "otherExpenses": 0,
    "operatingExpenses": 167037000,
    "costAndExpenses": 222643000,
    "interestIncome": 0,
    "interestExpense": 0,
    "depreciationAndAmortization": 5822000,
    "ebitda": 105611000,
    "ebitdaratio": 0.3275450328,
    "operatingIncome": 99789000,
    "operatingIncomeRatio": 0.3094885123,
    "totalOtherIncomeExpensesNet": 1861000,
    "incomeBeforeTax": 101650000,
    "incomeBeforeTaxRatio": 0.3152602719,
    "incomeTaxExpense": 35158000,
    "netIncome": 66492000,
    "netIncomeRatio": 0.2062202263,
    "eps": 0.84,
    "epsdiluted": 0.83,
    "weightedAverageShsOut": 79272000,
    "weightedAverageShsOutDil": 79822000,
    "link": "https://www.sec.gov/Archives/edgar/data/1048695/000119312512038451/0001193125-12-038451-index.htm",
    "finalLink": "https://www.sec.gov/Archives/edgar/data/1048695/000119312512038451/d270195d10q.htm"
  },
  {
    "date": "2011-09-30",
    "symbol": "FFIV",
    "reportedCurrency": "USD",
    "cik": "0001048695",
    "fillingDate": "2011-11-22",
    "acceptedDate": "2011-11-21 20:23:12",
    "calendarYear": "2011",
    "period": "Q4",
    "revenue": 314615000,
    "costOfRevenue": 55920000,
    "grossProfit": 258695000,
    "grossProfitRatio": 0.8222589514,
    "researchAndDevelopmentExpenses": 36552000,
    "generalAndAdministrativeExpenses": 21867000,
    "sellingAndMarketingExpenses": 100945000,
    "sellingGeneralAndAdministrativeExpenses": 122812000,
    "otherExpenses": 0,
    "operatingExpenses": 159364000,
    "costAndExpenses": 215284000,
    "interestIncome": 0,
    "interestExpense": 0,
    "depreciationAndAmortization": 5172000,
    "ebitda": 104503000,
    "ebitdaratio": 0.3321615308,
    "operatingIncome": 99331000,
    "operatingIncomeRatio": 0.3157223909,
    "totalOtherIncomeExpensesNet": 4087000,
    "incomeBeforeTax": 103418000,
    "incomeBeforeTaxRatio": 0.3287128713,
    "incomeTaxExpense": 35808000,
    "netIncome": 67610000,
    "netIncomeRatio": 0.2148975732,
    "eps": 0.85,
    "epsdiluted": 0.85,
    "weightedAverageShsOut": 80658000,
    "weightedAverageShsOutDil": 80658000,
    "link": "https://www.sec.gov/Archives/edgar/data/1048695/000119312511318885/0001193125-11-318885-index.htm",
    "finalLink": "https://www.sec.gov/Archives/edgar/data/1048695/000119312511318885/d223035d10k.htm"
  },
  {
    "date": "2011-06-30",
    "symbol": "FFIV",
    "reportedCurrency": "USD",
    "cik": "0001048695",
    "fillingDate": "2011-08-05",
    "acceptedDate": "2011-08-05 12:58:16",
    "calendarYear": "2011",
    "period": "Q3",
    "revenue": 290713000,
    "costOfRevenue": 52448000,
    "grossProfit": 238265000,
    "grossProfitRatio": 0.8195883913,
    "researchAndDevelopmentExpenses": 35245000,
    "generalAndAdministrativeExpenses": 21126000,
    "sellingAndMarketingExpenses": 93633000,
    "sellingGeneralAndAdministrativeExpenses": 114759000,
    "otherExpenses": 0,
    "operatingExpenses": 150004000,
    "costAndExpenses": 202452000,
    "interestIncome": 0,
    "interestExpense": 0,
    "depreciationAndAmortization": 5179000,
    "ebitda": 93440000,
    "ebitdaratio": 0.3214166549,
    "operatingIncome": 88261000,
    "operatingIncomeRatio": 0.3036018341,
    "totalOtherIncomeExpensesNet": 1889000,
    "incomeBeforeTax": 90150000,
    "incomeBeforeTaxRatio": 0.3100996515,
    "incomeTaxExpense": 27601000,
    "netIncome": 62549000,
    "netIncomeRatio": 0.2151572169,
    "eps": 0.77,
    "epsdiluted": 0.77,
    "weightedAverageShsOut": 80866000,
    "weightedAverageShsOutDil": 81497000,
    "link": "https://www.sec.gov/Archives/edgar/data/1048695/000095012311073450/0000950123-11-073450-index.htm",
    "finalLink": "https://www.sec.gov/Archives/edgar/data/1048695/000095012311073450/v59233e10vq.htm"
  },
  {
    "date": "2011-03-31",
    "symbol": "FFIV",
    "reportedCurrency": "USD",
    "cik": "0001048695",
    "fillingDate": "2011-05-06",
    "acceptedDate": "2011-05-06 12:11:35",
    "calendarYear": "2011",
    "period": "Q2",
    "revenue": 277572000,
    "costOfRevenue": 50673000,
    "grossProfit": 226899000,
    "grossProfitRatio": 0.817441961,
    "researchAndDevelopmentExpenses": 34507000,
    "generalAndAdministrativeExpenses": 19846000,
    "sellingAndMarketingExpenses": 89332000,
    "sellingGeneralAndAdministrativeExpenses": 109178000,
    "otherExpenses": 0,
    "operatingExpenses": 143685000,
    "costAndExpenses": 194358000,
    "interestIncome": 0,
    "interestExpense": 0,
    "depreciationAndAmortization": 5286000,
    "ebitda": 88500000,
    "ebitdaratio": 0.3188361939,
    "operatingIncome": 83214000,
    "operatingIncomeRatio": 0.2997924863,
    "totalOtherIncomeExpensesNet": 1568000,
    "incomeBeforeTax": 84782000,
    "incomeBeforeTaxRatio": 0.305441471,
    "incomeTaxExpense": 29207000,
    "netIncome": 55575000,
    "netIncomeRatio": 0.2002183217,
    "eps": 0.69,
    "epsdiluted": 0.68,
    "weightedAverageShsOut": 80809000,
    "weightedAverageShsOutDil": 81622000,
    "link": "https://www.sec.gov/Archives/edgar/data/1048695/000095012311046344/0000950123-11-046344-index.htm",
    "finalLink": "https://www.sec.gov/Archives/edgar/data/1048695/000095012311046344/v59077e10vq.htm"
  },
  {
    "date": "2010-12-31",
    "symbol": "FFIV",
    "reportedCurrency": "USD",
    "cik": "0001048695",
    "fillingDate": "2011-02-07",
    "acceptedDate": "2011-02-07 14:45:44",
    "calendarYear": "2011",
    "period": "Q1",
    "revenue": 268934000,
    "costOfRevenue": 48963000,
    "grossProfit": 219971000,
    "grossProfitRatio": 0.8179367428,
    "researchAndDevelopmentExpenses": 32606000,
    "generalAndAdministrativeExpenses": 20684000,
    "sellingAndMarketingExpenses": 86825000,
    "sellingGeneralAndAdministrativeExpenses": 107509000,
    "otherExpenses": 0,
    "operatingExpenses": 140115000,
    "costAndExpenses": 189078000,
    "interestIncome": 0,
    "interestExpense": 0,
    "depreciationAndAmortization": 5250000,
    "ebitda": 85106000,
    "ebitdaratio": 0.3164568258,
    "operatingIncome": 79856000,
    "operatingIncomeRatio": 0.2969353075,
    "totalOtherIncomeExpensesNet": 2545000,
    "incomeBeforeTax": 82401000,
    "incomeBeforeTaxRatio": 0.3063985959,
    "incomeTaxExpense": 26738000,
    "netIncome": 55663000,
    "netIncomeRatio": 0.2069764329,
    "eps": 0.69,
    "epsdiluted": 0.68,
    "weightedAverageShsOut": 80644000,
    "weightedAverageShsOutDil": 81648000,
    "link": "https://www.sec.gov/Archives/edgar/data/1048695/000095012311009676/0000950123-11-009676-index.htm",
    "finalLink": "https://www.sec.gov/Archives/edgar/data/1048695/000095012311009676/v57543e10vq.htm"
  },
  {
    "date": "2010-09-30",
    "symbol": "FFIV",
    "reportedCurrency": "USD",
    "cik": "0001048695",
    "fillingDate": "2010-11-23",
    "acceptedDate": "2010-11-23 11:33:44",
    "calendarYear": "2010",
    "period": "Q4",
    "revenue": 254274000,
    "costOfRevenue": 46828000,
    "grossProfit": 207446000,
    "grossProfitRatio": 0.8158364599,
    "researchAndDevelopmentExpenses": 31571000,
    "generalAndAdministrativeExpenses": 18876000,
    "sellingAndMarketingExpenses": 80696000,
    "sellingGeneralAndAdministrativeExpenses": 99572000,
    "otherExpenses": 0,
    "operatingExpenses": 131143000,
    "costAndExpenses": 177971000,
    "interestIncome": 0,
    "interestExpense": 0,
    "depreciationAndAmortization": 5910000,
    "ebitda": 82213000,
    "ebitdaratio": 0.3233244453,
    "operatingIncome": 76303000,
    "operatingIncomeRatio": 0.3000818015,
    "totalOtherIncomeExpensesNet": 68000,
    "incomeBeforeTax": 76371000,
    "incomeBeforeTaxRatio": 0.3003492296,
    "incomeTaxExpense": 28136000,
    "netIncome": 48235000,
    "netIncomeRatio": 0.1896969411,
    "eps": 0.6,
    "epsdiluted": 0.6,
    "weightedAverageShsOut": 79609000,
    "weightedAverageShsOutDil": 79609000,
    "link": "https://www.sec.gov/Archives/edgar/data/1048695/000095012310108100/0000950123-10-108100-index.htm",
    "finalLink": "https://www.sec.gov/Archives/edgar/data/1048695/000095012310108100/v56719e10vk.htm"
  },
  {
    "date": "2010-06-30",
    "symbol": "FFIV",
    "reportedCurrency": "USD",
    "cik": "0001048695",
    "fillingDate": "2010-08-06",
    "acceptedDate": "2010-08-06 12:44:18",
    "calendarYear": "2010",
    "period": "Q3",
    "revenue": 230474000,
    "costOfRevenue": 44579000,
    "grossProfit": 185895000,
    "grossProfitRatio": 0.8065768807,
    "researchAndDevelopmentExpenses": 30889000,
    "generalAndAdministrativeExpenses": 17658000,
    "sellingAndMarketingExpenses": 77219000,
    "sellingGeneralAndAdministrativeExpenses": 94877000,
    "otherExpenses": 0,
    "operatingExpenses": 125766000,
    "costAndExpenses": 170345000,
    "interestIncome": 0,
    "interestExpense": 0,
    "depreciationAndAmortization": 5835000,
    "ebitda": 65964000,
    "ebitdaratio": 0.2862101582,
    "operatingIncome": 60129000,
    "operatingIncomeRatio": 0.2608927688,
    "totalOtherIncomeExpensesNet": 3561000,
    "incomeBeforeTax": 63690000,
    "incomeBeforeTaxRatio": 0.2763435355,
    "incomeTaxExpense": 23195000,
    "netIncome": 40495000,
    "netIncomeRatio": 0.1757031162,
    "eps": 0.51,
    "epsdiluted": 0.5,
    "weightedAverageShsOut": 79864000,
    "weightedAverageShsOutDil": 81031000,
    "link": "https://www.sec.gov/Archives/edgar/data/1048695/000095012310074037/0000950123-10-074037-index.htm",
    "finalLink": "https://www.sec.gov/Archives/edgar/data/1048695/000095012310074037/v56314e10vq.htm"
  },
  {
    "date": "2010-03-31",
    "symbol": "FFIV",
    "reportedCurrency": "USD",
    "cik": "0001048695",
    "fillingDate": "2010-05-07",
    "acceptedDate": "2010-05-07 16:15:35",
    "calendarYear": "2010",
    "period": "Q2",
    "revenue": 206068000,
    "costOfRevenue": 41416000,
    "grossProfit": 164652000,
    "grossProfitRatio": 0.7990177999,
    "researchAndDevelopmentExpenses": 29134000,
    "generalAndAdministrativeExpenses": 16016000,
    "sellingAndMarketingExpenses": 69644000,
    "sellingGeneralAndAdministrativeExpenses": 85660000,
    "otherExpenses": 0,
    "operatingExpenses": 114794000,
    "costAndExpenses": 156210000,
    "interestIncome": 0,
    "interestExpense": 0,
    "depreciationAndAmortization": 6094000,
    "ebitda": 55952000,
    "ebitdaratio": 0.2715220219,
    "operatingIncome": 49858000,
    "operatingIncomeRatio": 0.2419492595,
    "totalOtherIncomeExpensesNet": 2291000,
    "incomeBeforeTax": 52149000,
    "incomeBeforeTaxRatio": 0.2530669488,
    "incomeTaxExpense": 19005000,
    "netIncome": 33144000,
    "netIncomeRatio": 0.160840111,
    "eps": 0.42,
    "epsdiluted": 0.41,
    "weightedAverageShsOut": 79394000,
    "weightedAverageShsOutDil": 80737000,
    "link": "https://www.sec.gov/Archives/edgar/data/1048695/000095012310046410/0000950123-10-046410-index.htm",
    "finalLink": "https://www.sec.gov/Archives/edgar/data/1048695/000095012310046410/v55688e10vq.htm"
  },
  {
    "date": "2009-12-31",
    "symbol": "FFIV",
    "reportedCurrency": "USD",
    "cik": "0001048695",
    "fillingDate": "2010-02-18",
    "acceptedDate": "2010-02-18 16:00:46",
    "calendarYear": "2010",
    "period": "Q1",
    "revenue": 191156000,
    "costOfRevenue": 39129000,
    "grossProfit": 152027000,
    "grossProfitRatio": 0.7953033125,
    "researchAndDevelopmentExpenses": 26720000,
    "generalAndAdministrativeExpenses": 15953000,
    "sellingAndMarketingExpenses": 65642000,
    "sellingGeneralAndAdministrativeExpenses": 81595000,
    "otherExpenses": 0,
    "operatingExpenses": 108315000,
    "costAndExpenses": 147444000,
    "interestIncome": 0,
    "interestExpense": 0,
    "depreciationAndAmortization": 5994000,
    "ebitda": 49706000,
    "ebitdaratio": 0.2600284584,
    "operatingIncome": 43712000,
    "operatingIncomeRatio": 0.2286718701,
    "totalOtherIncomeExpensesNet": 1705000,
    "incomeBeforeTax": 45417000,
    "incomeBeforeTaxRatio": 0.2375912867,
    "incomeTaxExpense": 16138000,
    "netIncome": 29279000,
    "netIncomeRatio": 0.1531680931,
    "eps": 0.37,
    "epsdiluted": 0.36,
    "weightedAverageShsOut": 78906000,
    "weightedAverageShsOutDil": 80333000,
    "link": "https://www.sec.gov/Archives/edgar/data/1048695/000095012310014111/0000950123-10-014111-index.htm",
    "finalLink": "https://www.sec.gov/Archives/edgar/data/1048695/000095012310014111/v55019e10vqza.htm"
  },
  {
    "date": "2009-09-30",
    "symbol": "FFIV",
    "reportedCurrency": "USD",
    "cik": "0001048695",
    "fillingDate": "2009-11-20",
    "acceptedDate": "2009-11-20 15:08:28",
    "calendarYear": "2009",
    "period": "Q4",
    "revenue": 175130000,
    "costOfRevenue": 36456000,
    "grossProfit": 138674000,
    "grossProfitRatio": 0.7918346371,
    "researchAndDevelopmentExpenses": 25515000,
    "generalAndAdministrativeExpenses": 14619000,
    "sellingAndMarketingExpenses": 58395000,
    "sellingGeneralAndAdministrativeExpenses": 73014000,
    "otherExpenses": 0,
    "operatingExpenses": 98529000,
    "costAndExpenses": 134985000,
    "interestIncome": 0,
    "interestExpense": 0,
    "depreciationAndAmortization": 5975000,
    "ebitda": 46120000,
    "ebitdaratio": 0.2633472278,
    "operatingIncome": 35816000,
    "operatingIncomeRatio": 0.2045109347,
    "totalOtherIncomeExpensesNet": 6011000,
    "incomeBeforeTax": 41827000,
    "incomeBeforeTaxRatio": 0.238834009,
    "incomeTaxExpense": 13477000,
    "netIncome": 28350000,
    "netIncomeRatio": 0.1618797465,
    "eps": 0.36,
    "epsdiluted": 0.36,
    "weightedAverageShsOut": 78494000,
    "weightedAverageShsOutDil": 78494000,
    "link": "https://www.sec.gov/Archives/edgar/data/1048695/000095012309064701/0000950123-09-064701-index.htm",
    "finalLink": "https://www.sec.gov/Archives/edgar/data/1048695/000095012309064701/v54122e10vk.htm"
  },
  {
    "date": "2009-06-30",
    "symbol": "FFIV",
    "reportedCurrency": "USD",
    "cik": "0001048695",
    "fillingDate": "2009-08-07",
    "acceptedDate": "2009-08-07 16:08:01",
    "calendarYear": "2009",
    "period": "Q3",
    "revenue": 158231000,
    "costOfRevenue": 33665000,
    "grossProfit": 124566000,
    "grossProfitRatio": 0.7872414382,
    "researchAndDevelopmentExpenses": 25070000,
    "generalAndAdministrativeExpenses": 12764000,
    "sellingAndMarketingExpenses": 55427000,
    "sellingGeneralAndAdministrativeExpenses": 68191000,
    "otherExpenses": 0,
    "operatingExpenses": 93261000,
    "costAndExpenses": 126926000,
    "interestIncome": 0,
    "interestExpense": 0,
    "depreciationAndAmortization": 6244000,
    "ebitda": 37549000,
    "ebitdaratio": 0.2373049529,
    "operatingIncome": 31305000,
    "operatingIncomeRatio": 0.197843659,
    "totalOtherIncomeExpensesNet": 3027000,
    "incomeBeforeTax": 34332000,
    "incomeBeforeTaxRatio": 0.2169739179,
    "incomeTaxExpense": 11556000,
    "netIncome": 22776000,
    "netIncomeRatio": 0.1439414527,
    "eps": 0.29,
    "epsdiluted": 0.29,
    "weightedAverageShsOut": 78603000,
    "weightedAverageShsOutDil": 79612000,
    "link": "https://www.sec.gov/Archives/edgar/data/1048695/000095012309032093/0000950123-09-032093-index.htm",
    "finalLink": "https://www.sec.gov/Archives/edgar/data/1048695/000095012309032093/v53269e10vq.htm"
  },
  {
    "date": "2009-03-31",
    "symbol": "FFIV",
    "reportedCurrency": "USD",
    "cik": "0001048695",
    "fillingDate": "2009-05-08",
    "acceptedDate": "2009-05-08 15:03:54",
    "calendarYear": "2009",
    "period": "Q2",
    "revenue": 154149000,
    "costOfRevenue": 36582000,
    "grossProfit": 117567000,
    "grossProfitRatio": 0.7626841562,
    "researchAndDevelopmentExpenses": 25977000,
    "generalAndAdministrativeExpenses": 12055000,
    "sellingAndMarketingExpenses": 51933000,
    "sellingGeneralAndAdministrativeExpenses": 63988000,
    "otherExpenses": 0,
    "operatingExpenses": 89965000,
    "costAndExpenses": 126547000,
    "interestIncome": 0,
    "interestExpense": 0,
    "depreciationAndAmortization": 7712000,
    "ebitda": 35314000,
    "ebitdaratio": 0.2290900363,
    "operatingIncome": 27201000,
    "operatingIncomeRatio": 0.1764591402,
    "totalOtherIncomeExpensesNet": -1792000,
    "incomeBeforeTax": 25409000,
    "incomeBeforeTaxRatio": 0.1648340242,
    "incomeTaxExpense": 6423000,
    "netIncome": 18986000,
    "netIncomeRatio": 0.1231665467,
    "eps": 0.24,
    "epsdiluted": 0.24,
    "weightedAverageShsOut": 78925000,
    "weightedAverageShsOutDil": 79570000,
    "link": "https://www.sec.gov/Archives/edgar/data/1048695/000095013409010107/0000950134-09-010107-index.htm",
    "finalLink": "https://www.sec.gov/Archives/edgar/data/1048695/000095013409010107/v52362e10vq.htm"
  },
  {
    "date": "2008-12-31",
    "symbol": "FFIV",
    "reportedCurrency": "USD",
    "cik": "0001048695",
    "fillingDate": "2009-02-06",
    "acceptedDate": "2009-02-06 15:55:13",
    "calendarYear": "2009",
    "period": "Q1",
    "revenue": 165569000,
    "costOfRevenue": 36023000,
    "grossProfit": 129546000,
    "grossProfitRatio": 0.7824290779,
    "researchAndDevelopmentExpenses": 27102000,
    "generalAndAdministrativeExpenses": 15805000,
    "sellingAndMarketingExpenses": 59438000,
    "sellingGeneralAndAdministrativeExpenses": 75243000,
    "otherExpenses": 0,
    "operatingExpenses": 102345000,
    "costAndExpenses": 138368000,
    "interestIncome": 0,
    "interestExpense": 0,
    "depreciationAndAmortization": 6476000,
    "ebitda": 33677000,
    "ebitdaratio": 0.203401603,
    "operatingIncome": 27201000,
    "operatingIncomeRatio": 0.1642880008,
    "totalOtherIncomeExpensesNet": 2879000,
    "incomeBeforeTax": 30080000,
    "incomeBeforeTaxRatio": 0.1816765216,
    "incomeTaxExpense": 8657000,
    "netIncome": 21423000,
    "netIncomeRatio": 0.1293901636,
    "eps": 0.27,
    "epsdiluted": 0.27,
    "weightedAverageShsOut": 79337000,
    "weightedAverageShsOutDil": 80003000,
    "link": "https://www.sec.gov/Archives/edgar/data/1048695/000095013409002060/0000950134-09-002060-index.htm",
    "finalLink": "https://www.sec.gov/Archives/edgar/data/1048695/000095013409002060/v51340e10vq.htm"
  },
  {
    "date": "2008-09-30",
    "symbol": "FFIV",
    "reportedCurrency": "USD",
    "cik": "0001048695",
    "fillingDate": "2008-11-21",
    "acceptedDate": "2008-11-21 17:16:15",
    "calendarYear": "2008",
    "period": "Q4",
    "revenue": 171263000,
    "costOfRevenue": 38913000,
    "grossProfit": 132350000,
    "grossProfitRatio": 0.7727880511,
    "researchAndDevelopmentExpenses": 26367000,
    "generalAndAdministrativeExpenses": 0,
    "sellingAndMarketingExpenses": 0,
    "sellingGeneralAndAdministrativeExpenses": 75093000,
    "otherExpenses": 5271000,
    "operatingExpenses": 106731000,
    "costAndExpenses": 145644000,
    "interestIncome": 0,
    "interestExpense": 0,
    "depreciationAndAmortization": 6261000,
    "ebitda": 31880000,
    "ebitdaratio": 0.1861464531,
    "operatingIncome": 25619000,
    "operatingIncomeRatio": 0.1495886444,
    "totalOtherIncomeExpensesNet": 3513000,
    "incomeBeforeTax": 29132000,
    "incomeBeforeTaxRatio": 0.1701009558,
    "incomeTaxExpense": 9431000,
    "netIncome": 19701000,
    "netIncomeRatio": 0.1150336033,
    "eps": 0.25,
    "epsdiluted": 0.25,
    "weightedAverageShsOut": 82290000,
    "weightedAverageShsOutDil": 82290000,
    "link": "https://www.sec.gov/Archives/edgar/data/1048695/000095013408021073/0000950134-08-021073-index.htm",
    "finalLink": "https://www.sec.gov/Archives/edgar/data/1048695/000095013408021073/v50606e10vk.htm"
  },
  {
    "date": "2008-06-30",
    "symbol": "FFIV",
    "reportedCurrency": "USD",
    "cik": "0001048695",
    "fillingDate": "2008-08-07",
    "acceptedDate": "2008-08-07 16:48:00",
    "calendarYear": "2008",
    "period": "Q3",
    "revenue": 165585000,
    "costOfRevenue": 38178000,
    "grossProfit": 127407000,
    "grossProfitRatio": 0.7694356373,
    "researchAndDevelopmentExpenses": 26277000,
    "generalAndAdministrativeExpenses": 13459000,
    "sellingAndMarketingExpenses": 60483000,
    "sellingGeneralAndAdministrativeExpenses": 73942000,
    "otherExpenses": 0,
    "operatingExpenses": 100219000,
    "costAndExpenses": 138397000,
    "interestIncome": 0,
    "interestExpense": 0,
    "depreciationAndAmortization": 6036000,
    "ebitda": 33224000,
    "ebitdaratio": 0.2006461938,
    "operatingIncome": 27188000,
    "operatingIncomeRatio": 0.1641936166,
    "totalOtherIncomeExpensesNet": 3716000,
    "incomeBeforeTax": 30904000,
    "incomeBeforeTaxRatio": 0.1866352629,
    "incomeTaxExpense": 11770000,
    "netIncome": 19134000,
    "netIncomeRatio": 0.1155539451,
    "eps": 0.24,
    "epsdiluted": 0.23,
    "weightedAverageShsOut": 81096000,
    "weightedAverageShsOutDil": 81951000,
    "link": "https://www.sec.gov/Archives/edgar/data/1048695/000095013408014569/0000950134-08-014569-index.htm",
    "finalLink": "https://www.sec.gov/Archives/edgar/data/1048695/000095013408014569/v42783e10vq.htm"
  },
  {
    "date": "2008-03-31",
    "symbol": "FFIV",
    "reportedCurrency": "USD",
    "cik": "0001048695",
    "fillingDate": "2008-05-08",
    "acceptedDate": "2008-05-08 13:42:10",
    "calendarYear": "2008",
    "period": "Q2",
    "revenue": 159141000,
    "costOfRevenue": 36688000,
    "grossProfit": 122453000,
    "grossProfitRatio": 0.7694623007,
    "researchAndDevelopmentExpenses": 26418000,
    "generalAndAdministrativeExpenses": 14484000,
    "sellingAndMarketingExpenses": 58053000,
    "sellingGeneralAndAdministrativeExpenses": 72537000,
    "otherExpenses": 0,
    "operatingExpenses": 98955000,
    "costAndExpenses": 135643000,
    "interestIncome": 0,
    "interestExpense": 0,
    "depreciationAndAmortization": 5836000,
    "ebitda": 29334000,
    "ebitdaratio": 0.1843271062,
    "operatingIncome": 23498000,
    "operatingIncomeRatio": 0.147655224,
    "totalOtherIncomeExpensesNet": 5589000,
    "incomeBeforeTax": 29087000,
    "incomeBeforeTaxRatio": 0.1827750234,
    "incomeTaxExpense": 11342000,
    "netIncome": 17745000,
    "netIncomeRatio": 0.1115048919,
    "eps": 0.21,
    "epsdiluted": 0.21,
    "weightedAverageShsOut": 82974000,
    "weightedAverageShsOutDil": 83805000,
    "link": "https://www.sec.gov/Archives/edgar/data/1048695/000095013408008911/0000950134-08-008911-index.htm",
    "finalLink": "https://www.sec.gov/Archives/edgar/data/1048695/000095013408008911/v40611e10vq.htm"
  },
  {
    "date": "2007-12-31",
    "symbol": "FFIV",
    "reportedCurrency": "USD",
    "cik": "0001048695",
    "fillingDate": "2008-02-08",
    "acceptedDate": "2008-02-08 16:06:37",
    "calendarYear": "2008",
    "period": "Q1",
    "revenue": 154184000,
    "costOfRevenue": 35239000,
    "grossProfit": 118945000,
    "grossProfitRatio": 0.7714483993,
    "researchAndDevelopmentExpenses": 24332000,
    "generalAndAdministrativeExpenses": 13426000,
    "sellingAndMarketingExpenses": 58178000,
    "sellingGeneralAndAdministrativeExpenses": 71604000,
    "otherExpenses": 0,
    "operatingExpenses": 95936000,
    "costAndExpenses": 131175000,
    "interestIncome": 0,
    "interestExpense": 0,
    "depreciationAndAmortization": 5490000,
    "ebitda": 28499000,
    "ebitdaratio": 0.1848375966,
    "operatingIncome": 23009000,
    "operatingIncomeRatio": 0.1492307892,
    "totalOtherIncomeExpensesNet": 6132000,
    "incomeBeforeTax": 29141000,
    "incomeBeforeTaxRatio": 0.1890014528,
    "incomeTaxExpense": 11390000,
    "netIncome": 17751000,
    "netIncomeRatio": 0.1151286774,
    "eps": 0.21,
    "epsdiluted": 0.21,
    "weightedAverageShsOut": 84854000,
    "weightedAverageShsOutDil": 86141000,
    "link": "https://www.sec.gov/Archives/edgar/data/1048695/000095013408002062/0000950134-08-002062-index.htm",
    "finalLink": "https://www.sec.gov/Archives/edgar/data/1048695/000095013408002062/v37790e10vq.htm"
  },
  {
    "date": "2007-09-30",
    "symbol": "FFIV",
    "reportedCurrency": "USD",
    "cik": "0001048695",
    "fillingDate": "2007-11-19",
    "acceptedDate": "2007-11-19 16:44:59",
    "calendarYear": "2007",
    "period": "Q4",
    "revenue": 145607000,
    "costOfRevenue": 33348000,
    "grossProfit": 112259000,
    "grossProfitRatio": 0.7709725494,
    "researchAndDevelopmentExpenses": 19929000,
    "generalAndAdministrativeExpenses": 0,
    "sellingAndMarketingExpenses": 0,
    "sellingGeneralAndAdministrativeExpenses": 59361000,
    "otherExpenses": 0,
    "operatingExpenses": 79290000,
    "costAndExpenses": 112638000,
    "interestIncome": 0,
    "interestExpense": 0,
    "depreciationAndAmortization": 4547000,
    "ebitda": 37516000,
    "ebitdaratio": 0.257652448,
    "operatingIncome": 18969000,
    "operatingIncomeRatio": 0.1302753302,
    "totalOtherIncomeExpensesNet": 7355000,
    "incomeBeforeTax": 26324000,
    "incomeBeforeTaxRatio": 0.1807880116,
    "incomeTaxExpense": 13442000,
    "netIncome": 12882000,
    "netIncomeRatio": 0.0884710213,
    "eps": 0.15,
    "epsdiluted": 0.15,
    "weightedAverageShsOut": 83205000,
    "weightedAverageShsOutDil": 83205000,
    "link": "https://www.sec.gov/Archives/edgar/data/1048695/000095013407024269/0000950134-07-024269-index.htm",
    "finalLink": "https://www.sec.gov/Archives/edgar/data/1048695/000095013407024269/v35833e10vk.htm"
  },
  {
    "date": "2007-06-30",
    "symbol": "FFIV",
    "reportedCurrency": "USD",
    "cik": "0001048695",
    "fillingDate": "2007-08-07",
    "acceptedDate": "2007-08-07 15:46:09",
    "calendarYear": "2007",
    "period": "Q3",
    "revenue": 132425000,
    "costOfRevenue": 29637000,
    "grossProfit": 102788000,
    "grossProfitRatio": 0.7761978478,
    "researchAndDevelopmentExpenses": 17476000,
    "generalAndAdministrativeExpenses": 12375000,
    "sellingAndMarketingExpenses": 45158000,
    "sellingGeneralAndAdministrativeExpenses": 57533000,
    "otherExpenses": 0,
    "operatingExpenses": 75009000,
    "costAndExpenses": 104646000,
    "interestIncome": 0,
    "interestExpense": 0,
    "depreciationAndAmortization": 3904000,
    "ebitda": 31683000,
    "ebitdaratio": 0.239252407,
    "operatingIncome": 27779000,
    "operatingIncomeRatio": 0.2097715688,
    "totalOtherIncomeExpensesNet": 7175000,
    "incomeBeforeTax": 34954000,
    "incomeBeforeTaxRatio": 0.263953181,
    "incomeTaxExpense": 13145000,
    "netIncome": 21809000,
    "netIncomeRatio": 0.1646894469,
    "eps": 0.26,
    "epsdiluted": 0.26,
    "weightedAverageShsOut": 83614000,
    "weightedAverageShsOutDil": 85310000,
    "link": "https://www.sec.gov/Archives/edgar/data/1048695/000095013407017165/0000950134-07-017165-index.htm",
    "finalLink": "https://www.sec.gov/Archives/edgar/data/1048695/000095013407017165/v32712e10vq.htm"
  },
  {
    "date": "2007-03-31",
    "symbol": "FFIV",
    "reportedCurrency": "USD",
    "cik": "0001048695",
    "fillingDate": "2007-05-08",
    "acceptedDate": "2007-05-08 13:56:22",
    "calendarYear": "2007",
    "period": "Q2",
    "revenue": 127605000,
    "costOfRevenue": 28815000,
    "grossProfit": 98790000,
    "grossProfitRatio": 0.7741859645,
    "researchAndDevelopmentExpenses": 17086000,
    "generalAndAdministrativeExpenses": 12867000,
    "sellingAndMarketingExpenses": 43177000,
    "sellingGeneralAndAdministrativeExpenses": 56044000,
    "otherExpenses": 0,
    "operatingExpenses": 73130000,
    "costAndExpenses": 101945000,
    "interestIncome": 0,
    "interestExpense": 0,
    "depreciationAndAmortization": 3800000,
    "ebitda": 29460000,
    "ebitdaratio": 0.2308686964,
    "operatingIncome": 25660000,
    "operatingIncomeRatio": 0.201089299,
    "totalOtherIncomeExpensesNet": 7230000,
    "incomeBeforeTax": 32890000,
    "incomeBeforeTaxRatio": 0.2577485208,
    "incomeTaxExpense": 12934000,
    "netIncome": 19956000,
    "netIncomeRatio": 0.1563888562,
    "eps": 0.24,
    "epsdiluted": 0.24,
    "weightedAverageShsOut": 82838000,
    "weightedAverageShsOutDil": 84780000,
    "link": "https://www.sec.gov/Archives/edgar/data/1048695/000095013407010624/0000950134-07-010624-index.htm",
    "finalLink": "https://www.sec.gov/Archives/edgar/data/1048695/000095013407010624/v29989e10vq.htm"
  },
  {
    "date": "2006-12-31",
    "symbol": "FFIV",
    "reportedCurrency": "USD",
    "cik": "0001048695",
    "fillingDate": "2007-02-08",
    "acceptedDate": "2007-02-08 12:29:43",
    "calendarYear": "2007",
    "period": "Q1",
    "revenue": 120030000,
    "costOfRevenue": 26524000,
    "grossProfit": 93506000,
    "grossProfitRatio": 0.7790219112,
    "researchAndDevelopmentExpenses": 14539000,
    "generalAndAdministrativeExpenses": 12818000,
    "sellingAndMarketingExpenses": 39055000,
    "sellingGeneralAndAdministrativeExpenses": 51873000,
    "otherExpenses": 0,
    "operatingExpenses": 66412000,
    "costAndExpenses": 92936000,
    "interestIncome": 0,
    "interestExpense": 0,
    "depreciationAndAmortization": 3611000,
    "ebitda": 30705000,
    "ebitdaratio": 0.2558110472,
    "operatingIncome": 27094000,
    "operatingIncomeRatio": 0.2257269016,
    "totalOtherIncomeExpensesNet": 6431000,
    "incomeBeforeTax": 33525000,
    "incomeBeforeTaxRatio": 0.2793051737,
    "incomeTaxExpense": 11172000,
    "netIncome": 22353000,
    "netIncomeRatio": 0.1862284429,
    "eps": 0.27,
    "epsdiluted": 0.27,
    "weightedAverageShsOut": 82062000,
    "weightedAverageShsOutDil": 84636000,
    "link": "https://www.sec.gov/Archives/edgar/data/1048695/000095013407002403/0000950134-07-002403-index.htm",
    "finalLink": "https://www.sec.gov/Archives/edgar/data/1048695/000095013407002403/v27163e10vq.htm"
  },
  {
    "date": "2006-09-30",
    "symbol": "FFIV",
    "reportedCurrency": "USD",
    "cik": "0001048695",
    "fillingDate": "2006-12-14",
    "acceptedDate": "2006-12-13 20:43:51",
    "calendarYear": "2006",
    "period": "Q4",
    "revenue": 111717000,
    "costOfRevenue": 24781000,
    "grossProfit": 86936000,
    "grossProfitRatio": 0.7781805813,
    "researchAndDevelopmentExpenses": 13900000,
    "generalAndAdministrativeExpenses": 0,
    "sellingAndMarketingExpenses": 0,
    "sellingGeneralAndAdministrativeExpenses": 49476000,
    "otherExpenses": 0,
    "operatingExpenses": 63376000,
    "costAndExpenses": 88157000,
    "interestIncome": 0,
    "interestExpense": 0,
    "depreciationAndAmortization": 3593000,
    "ebitda": 27153000,
    "ebitdaratio": 0.2430516394,
    "operatingIncome": 22760000,
    "operatingIncomeRatio": 0.2037290654,
    "totalOtherIncomeExpensesNet": 6625000,
    "incomeBeforeTax": 29385000,
    "incomeBeforeTaxRatio": 0.2630306936,
    "incomeTaxExpense": 11633000,
    "netIncome": 17752000,
    "netIncomeRatio": 0.1589015101,
    "eps": 0.22,
    "epsdiluted": 0.21,
    "weightedAverageShsOut": 40139000,
    "weightedAverageShsOutDil": 83977000,
    "link": "https://www.sec.gov/Archives/edgar/data/1048695/000089102006000396/0000891020-06-000396-index.htm",
    "finalLink": "https://www.sec.gov/Archives/edgar/data/1048695/000089102006000396/v25573e10vk.htm"
  },
  {
    "date": "2006-06-30",
    "symbol": "FFIV",
    "reportedCurrency": "USD",
    "cik": "0001048695",
    "fillingDate": "2006-12-13",
    "acceptedDate": "2006-12-13 16:42:08",
    "calendarYear": "2006",
    "period": "Q3",
    "revenue": 100129000,
    "costOfRevenue": 22518000,
    "grossProfit": 77611000,
    "grossProfitRatio": 0.775110108,
    "researchAndDevelopmentExpenses": 12517000,
    "generalAndAdministrativeExpenses": 10175000,
    "sellingAndMarketingExpenses": 32364000,
    "sellingGeneralAndAdministrativeExpenses": 42539000,
    "otherExpenses": 0,
    "operatingExpenses": 55056000,
    "costAndExpenses": 77574000,
    "interestIncome": 0,
    "interestExpense": 0,
    "depreciationAndAmortization": 2975000,
    "ebitda": 25530000,
    "ebitdaratio": 0.2549710873,
    "operatingIncome": 22555000,
    "operatingIncomeRatio": 0.2252594154,
    "totalOtherIncomeExpensesNet": 4759000,
    "incomeBeforeTax": 27314000,
    "incomeBeforeTaxRatio": 0.2727881033,
    "incomeTaxExpense": 10349000,
    "netIncome": 16965000,
    "netIncomeRatio": 0.1694314335,
    "eps": 0.21,
    "epsdiluted": 0.21,
    "weightedAverageShsOut": 81106000,
    "weightedAverageShsOutDil": 83318000,
    "link": "https://www.sec.gov/Archives/edgar/data/1048695/000089102006000394/0000891020-06-000394-index.htm",
    "finalLink": "https://www.sec.gov/Archives/edgar/data/1048695/000089102006000394/v25572e10vq.htm"
  },
  {
    "date": "2006-03-31",
    "symbol": "FFIV",
    "reportedCurrency": "USD",
    "cik": "0001048695",
    "fillingDate": "2006-12-13",
    "acceptedDate": "2006-12-13 16:39:04",
    "calendarYear": "2006",
    "period": "Q2",
    "revenue": 94116000,
    "costOfRevenue": 21287000,
    "grossProfit": 72829000,
    "grossProfitRatio": 0.7738216669,
    "researchAndDevelopmentExpenses": 12276000,
    "generalAndAdministrativeExpenses": 7148000,
    "sellingAndMarketingExpenses": 31162000,
    "sellingGeneralAndAdministrativeExpenses": 38310000,
    "otherExpenses": 0,
    "operatingExpenses": 50586000,
    "costAndExpenses": 71873000,
    "interestIncome": 0,
    "interestExpense": 0,
    "depreciationAndAmortization": 2621000,
    "ebitda": 24864000,
    "ebitdaratio": 0.2641846232,
    "operatingIncome": 22243000,
    "operatingIncomeRatio": 0.2363360109,
    "totalOtherIncomeExpensesNet": 3877000,
    "incomeBeforeTax": 26120000,
    "incomeBeforeTaxRatio": 0.2775298568,
    "incomeTaxExpense": 10053000,
    "netIncome": 16067000,
    "netIncomeRatio": 0.1707148625,
    "eps": 0.2,
    "epsdiluted": 0.2,
    "weightedAverageShsOut": 80240000,
    "weightedAverageShsOutDil": 83254000,
    "link": "https://www.sec.gov/Archives/edgar/data/1048695/000089102006000393/0000891020-06-000393-index.htm",
    "finalLink": "https://www.sec.gov/Archives/edgar/data/1048695/000089102006000393/v25570e10vqza.htm"
  },
  {
    "date": "2005-12-31",
    "symbol": "FFIV",
    "reportedCurrency": "USD",
    "cik": "0001048695",
    "fillingDate": "2006-12-13",
    "acceptedDate": "2006-12-13 16:33:51",
    "calendarYear": "2006",
    "period": "Q1",
    "revenue": 88087000,
    "costOfRevenue": 19567000,
    "grossProfit": 68520000,
    "grossProfitRatio": 0.7778673357,
    "researchAndDevelopmentExpenses": 10478000,
    "generalAndAdministrativeExpenses": 7397000,
    "sellingAndMarketingExpenses": 28865000,
    "sellingGeneralAndAdministrativeExpenses": 36262000,
    "otherExpenses": 0,
    "operatingExpenses": 46740000,
    "costAndExpenses": 66307000,
    "interestIncome": 0,
    "interestExpense": 0,
    "depreciationAndAmortization": 2396000,
    "ebitda": 24176000,
    "ebitdaratio": 0.2744559356,
    "operatingIncome": 21780000,
    "operatingIncomeRatio": 0.2472555542,
    "totalOtherIncomeExpensesNet": 2970000,
    "incomeBeforeTax": 24750000,
    "incomeBeforeTaxRatio": 0.2809722206,
    "incomeTaxExpense": 9529000,
    "netIncome": 15221000,
    "netIncomeRatio": 0.1727950776,
    "eps": 0.2,
    "epsdiluted": 0.19,
    "weightedAverageShsOut": 78326000,
    "weightedAverageShsOutDil": 81610000,
    "link": "https://www.sec.gov/Archives/edgar/data/1048695/000089102006000392/0000891020-06-000392-index.htm",
    "finalLink": "https://www.sec.gov/Archives/edgar/data/1048695/000089102006000392/v25571e10vqza.htm"
  },
  {
    "date": "2005-09-30",
    "symbol": "FFIV",
    "reportedCurrency": "USD",
    "cik": "0001048695",
    "fillingDate": "2006-12-12",
    "acceptedDate": "2006-12-11 19:54:24",
    "calendarYear": "2005",
    "period": "Q4",
    "revenue": 80607000,
    "costOfRevenue": 18458000,
    "grossProfit": 62149000,
    "grossProfitRatio": 0.7710124431,
    "researchAndDevelopmentExpenses": 9039000,
    "generalAndAdministrativeExpenses": 0,
    "sellingAndMarketingExpenses": 0,
    "sellingGeneralAndAdministrativeExpenses": 32588000,
    "otherExpenses": 0,
    "operatingExpenses": 41627000,
    "costAndExpenses": 60085000,
    "interestIncome": 0,
    "interestExpense": 0,
    "depreciationAndAmortization": 1934000,
    "ebitda": 22456000,
    "ebitdaratio": 0.278586227,
    "operatingIncome": 20522000,
    "operatingIncomeRatio": 0.2545932735,
    "totalOtherIncomeExpensesNet": 2925000,
    "incomeBeforeTax": 23447000,
    "incomeBeforeTaxRatio": 0.2908804446,
    "incomeTaxExpense": 7796000,
    "netIncome": 15651000,
    "netIncomeRatio": 0.1941642785,
    "eps": 0.2,
    "epsdiluted": 0.2,
    "weightedAverageShsOut": 76990000,
    "weightedAverageShsOutDil": 78326000,
    "link": "https://www.sec.gov/Archives/edgar/data/1048695/000089102006000389/0000891020-06-000389-index.htm",
    "finalLink": "https://www.sec.gov/Archives/edgar/data/1048695/000089102006000389/v25569a2e10vkza.htm"
  },
  {
    "date": "2005-06-30",
    "symbol": "FFIV",
    "reportedCurrency": "USD",
    "cik": "0001048695",
    "fillingDate": "2005-08-09",
    "acceptedDate": "2005-08-08 19:45:17",
    "calendarYear": "2005",
    "period": "Q3",
    "revenue": 73064000,
    "costOfRevenue": 17057000,
    "grossProfit": 56007000,
    "grossProfitRatio": 0.7665471368,
    "researchAndDevelopmentExpenses": 7547000,
    "generalAndAdministrativeExpenses": 5833000,
    "sellingAndMarketingExpenses": 23207000,
    "sellingGeneralAndAdministrativeExpenses": 29040000,
    "otherExpenses": 0,
    "operatingExpenses": 36587000,
    "costAndExpenses": 53644000,
    "interestIncome": 0,
    "interestExpense": 0,
    "depreciationAndAmortization": 1602000,
    "ebitda": 20483000,
    "ebitdaratio": 0.2803432607,
    "operatingIncome": 18881000,
    "operatingIncomeRatio": 0.258417278,
    "totalOtherIncomeExpensesNet": 2123000,
    "incomeBeforeTax": 21004000,
    "incomeBeforeTaxRatio": 0.2874739954,
    "incomeTaxExpense": 8311000,
    "netIncome": 12693000,
    "netIncomeRatio": 0.173724406,
    "eps": 0.17,
    "epsdiluted": 0.16,
    "weightedAverageShsOut": 75836000,
    "weightedAverageShsOutDil": 78866000,
    "link": "https://www.sec.gov/Archives/edgar/data/1048695/000095012405004783/0000950124-05-004783-index.htm",
    "finalLink": "https://www.sec.gov/Archives/edgar/data/1048695/000095012405004783/v11486e10vq.htm"
  },
  {
    "date": "2005-03-31",
    "symbol": "FFIV",
    "reportedCurrency": "USD",
    "cik": "0001048695",
    "fillingDate": "2005-05-09",
    "acceptedDate": "2005-05-09 17:21:23",
    "calendarYear": "2005",
    "period": "Q2",
    "revenue": 67730000,
    "costOfRevenue": 15728000,
    "grossProfit": 52002000,
    "grossProfitRatio": 0.7677838476,
    "researchAndDevelopmentExpenses": 7789000,
    "generalAndAdministrativeExpenses": 5854000,
    "sellingAndMarketingExpenses": 20885000,
    "sellingGeneralAndAdministrativeExpenses": 26739000,
    "otherExpenses": 0,
    "operatingExpenses": 34528000,
    "costAndExpenses": 50256000,
    "interestIncome": 0,
    "interestExpense": 0,
    "depreciationAndAmortization": 1679000,
    "ebitda": 19153000,
    "ebitdaratio": 0.2827845859,
    "operatingIncome": 17474000,
    "operatingIncomeRatio": 0.2579949801,
    "totalOtherIncomeExpensesNet": 1641000,
    "incomeBeforeTax": 19115000,
    "incomeBeforeTaxRatio": 0.2822235346,
    "incomeTaxExpense": 7003000,
    "netIncome": 12112000,
    "netIncomeRatio": 0.1788276982,
    "eps": 0.17,
    "epsdiluted": 0.16,
    "weightedAverageShsOut": 73810000,
    "weightedAverageShsOutDil": 77842000,
    "link": "https://www.sec.gov/Archives/edgar/data/1048695/000095012405003122/0000950124-05-003122-index.htm",
    "finalLink": "https://www.sec.gov/Archives/edgar/data/1048695/000095012405003122/v08861e10vq.htm"
  },
  {
    "date": "2004-12-31",
    "symbol": "FFIV",
    "reportedCurrency": "USD",
    "cik": "0001048695",
    "fillingDate": "2005-02-09",
    "acceptedDate": "2005-02-09 14:40:41",
    "calendarYear": "2005",
    "period": "Q1",
    "revenue": 60009000,
    "costOfRevenue": 13914000,
    "grossProfit": 46095000,
    "grossProfitRatio": 0.7681347798,
    "researchAndDevelopmentExpenses": 6974000,
    "generalAndAdministrativeExpenses": 5006000,
    "sellingAndMarketingExpenses": 19640000,
    "sellingGeneralAndAdministrativeExpenses": 24646000,
    "otherExpenses": 0,
    "operatingExpenses": 31620000,
    "costAndExpenses": 45534000,
    "interestIncome": 0,
    "interestExpense": 0,
    "depreciationAndAmortization": 1582000,
    "ebitda": 16057000,
    "ebitdaratio": 0.2675765302,
    "operatingIncome": 14475000,
    "operatingIncomeRatio": 0.2412138179,
    "totalOtherIncomeExpensesNet": 1387000,
    "incomeBeforeTax": 15862000,
    "incomeBeforeTaxRatio": 0.2643270176,
    "incomeTaxExpense": 5869000,
    "netIncome": 9993000,
    "netIncomeRatio": 0.1665250212,
    "eps": 0.14,
    "epsdiluted": 0.13,
    "weightedAverageShsOut": 71154000,
    "weightedAverageShsOutDil": 75636000,
    "link": "https://www.sec.gov/Archives/edgar/data/1048695/000095012405000640/0000950124-05-000640-index.htm",
    "finalLink": "https://www.sec.gov/Archives/edgar/data/1048695/000095012405000640/v05142e10vq.htm"
  },
  {
    "date": "2004-09-30",
    "symbol": "FFIV",
    "reportedCurrency": "USD",
    "cik": "0001048695",
    "fillingDate": "2004-12-07",
    "acceptedDate": "2004-12-06 20:09:32",
    "calendarYear": "2004",
    "period": "Q4",
    "revenue": 50219000,
    "costOfRevenue": 11544000,
    "grossProfit": 38675000,
    "grossProfitRatio": 0.7701268444,
    "researchAndDevelopmentExpenses": 6764000,
    "generalAndAdministrativeExpenses": 0,
    "sellingAndMarketingExpenses": 0,
    "sellingGeneralAndAdministrativeExpenses": 22060000,
    "otherExpenses": 0,
    "operatingExpenses": 28824000,
    "costAndExpenses": 40368000,
    "interestIncome": 0,
    "interestExpense": 0,
    "depreciationAndAmortization": 1787000,
    "ebitda": 11638000,
    "ebitdaratio": 0.2317449571,
    "operatingIncome": 9851000,
    "operatingIncomeRatio": 0.1961608156,
    "totalOtherIncomeExpensesNet": 891000,
    "incomeBeforeTax": 10742000,
    "incomeBeforeTaxRatio": 0.2139031044,
    "incomeTaxExpense": -5039000,
    "netIncome": 15781000,
    "netIncomeRatio": 0.314243613,
    "eps": 0.22,
    "epsdiluted": 0.14,
    "weightedAverageShsOut": 26453000,
    "weightedAverageShsOutDil": 108891000,
    "link": "https://www.sec.gov/Archives/edgar/data/1048695/000095012404006080/0000950124-04-006080-index.htm",
    "finalLink": "https://www.sec.gov/Archives/edgar/data/1048695/000095012404006080/v03807e10vk.htm"
  },
  {
    "date": "2004-06-30",
    "symbol": "FFIV",
    "reportedCurrency": "USD",
    "cik": "0001048695",
    "fillingDate": "2004-08-12",
    "acceptedDate": "2004-08-12 16:47:49",
    "calendarYear": "2004",
    "period": "Q3",
    "revenue": 44243000,
    "costOfRevenue": 10099000,
    "grossProfit": 34144000,
    "grossProfitRatio": 0.771737902,
    "researchAndDevelopmentExpenses": 6253000,
    "generalAndAdministrativeExpenses": 4069000,
    "sellingAndMarketingExpenses": 16907000,
    "sellingGeneralAndAdministrativeExpenses": 20976000,
    "otherExpenses": 0,
    "operatingExpenses": 27229000,
    "costAndExpenses": 37328000,
    "interestIncome": 0,
    "interestExpense": 0,
    "depreciationAndAmortization": 1246000,
    "ebitda": 8161000,
    "ebitdaratio": 0.1844585584,
    "operatingIncome": 6915000,
    "operatingIncomeRatio": 0.1562959112,
    "totalOtherIncomeExpensesNet": 848000,
    "incomeBeforeTax": 7763000,
    "incomeBeforeTaxRatio": 0.1754627851,
    "incomeTaxExpense": 347000,
    "netIncome": 7416000,
    "netIncomeRatio": 0.1676197365,
    "eps": 0.11,
    "epsdiluted": 0.1,
    "weightedAverageShsOut": 68764000,
    "weightedAverageShsOutDil": 73938000,
    "link": "https://www.sec.gov/Archives/edgar/data/1048695/000095012404003780/0000950124-04-003780-index.htm",
    "finalLink": "https://www.sec.gov/Archives/edgar/data/1048695/000095012404003780/v01175e10vq.htm"
  },
  {
    "date": "2004-03-31",
    "symbol": "FFIV",
    "reportedCurrency": "USD",
    "cik": "0001048695",
    "fillingDate": "2004-05-13",
    "acceptedDate": "2004-05-13 11:26:52",
    "calendarYear": "2004",
    "period": "Q2",
    "revenue": 40647000,
    "costOfRevenue": 9425000,
    "grossProfit": 31222000,
    "grossProfitRatio": 0.7681255689,
    "researchAndDevelopmentExpenses": 5900000,
    "generalAndAdministrativeExpenses": 3855000,
    "sellingAndMarketingExpenses": 15920000,
    "sellingGeneralAndAdministrativeExpenses": 19775000,
    "otherExpenses": 0,
    "operatingExpenses": 25675000,
    "costAndExpenses": 35100000,
    "interestIncome": 0,
    "interestExpense": 0,
    "depreciationAndAmortization": 1147000,
    "ebitda": 6694000,
    "ebitdaratio": 0.1646862007,
    "operatingIncome": 5547000,
    "operatingIncomeRatio": 0.136467636,
    "totalOtherIncomeExpensesNet": 808000,
    "incomeBeforeTax": 6355000,
    "incomeBeforeTaxRatio": 0.1563461018,
    "incomeTaxExpense": 400000,
    "netIncome": 5955000,
    "netIncomeRatio": 0.1465052771,
    "eps": 0.09,
    "epsdiluted": 0.08,
    "weightedAverageShsOut": 67536000,
    "weightedAverageShsOutDil": 73892000,
    "link": "https://www.sec.gov/Archives/edgar/data/1048695/000095012404002307/0000950124-04-002307-index.htm",
    "finalLink": "https://www.sec.gov/Archives/edgar/data/1048695/000095012404002307/v98982e10vq.htm"
  },
  {
    "date": "2003-12-31",
    "symbol": "FFIV",
    "reportedCurrency": "USD",
    "cik": "0001048695",
    "fillingDate": "2004-02-13",
    "acceptedDate": "2004-02-13 11:31:50",
    "calendarYear": "2004",
    "period": "Q1",
    "revenue": 36081000,
    "costOfRevenue": 8311000,
    "grossProfit": 27770000,
    "grossProfitRatio": 0.7696571603,
    "researchAndDevelopmentExpenses": 5444000,
    "generalAndAdministrativeExpenses": 3347000,
    "sellingAndMarketingExpenses": 14954000,
    "sellingGeneralAndAdministrativeExpenses": 18301000,
    "otherExpenses": 10000,
    "operatingExpenses": 23755000,
    "costAndExpenses": 32066000,
    "interestIncome": 0,
    "interestExpense": 0,
    "depreciationAndAmortization": 1185000,
    "ebitda": 5200000,
    "ebitdaratio": 0.1441201741,
    "operatingIncome": 4015000,
    "operatingIncomeRatio": 0.1112774036,
    "totalOtherIncomeExpensesNet": 184000,
    "incomeBeforeTax": 4199000,
    "incomeBeforeTaxRatio": 0.1163770405,
    "incomeTaxExpense": 398000,
    "netIncome": 3801000,
    "netIncomeRatio": 0.1053463041,
    "eps": 0.065,
    "epsdiluted": 0.055,
    "weightedAverageShsOut": 60318000,
    "weightedAverageShsOutDil": 66242000,
    "link": "https://www.sec.gov/Archives/edgar/data/1048695/000089102004000216/0000891020-04-000216-index.htm",
    "finalLink": "https://www.sec.gov/Archives/edgar/data/1048695/000089102004000216/v96385e10vq.htm"
  },
  {
    "date": "2003-09-30",
    "symbol": "FFIV",
    "reportedCurrency": "USD",
    "cik": "0001048695",
    "fillingDate": "2004-01-26",
    "acceptedDate": "2004-01-26 15:00:06",
    "calendarYear": "2003",
    "period": "Q4",
    "revenue": 31633000,
    "costOfRevenue": 7428000,
    "grossProfit": 24205000,
    "grossProfitRatio": 0.7651819303,
    "researchAndDevelopmentExpenses": 5155000,
    "generalAndAdministrativeExpenses": 0,
    "sellingAndMarketingExpenses": 0,
    "sellingGeneralAndAdministrativeExpenses": 17009000,
    "otherExpenses": 6000,
    "operatingExpenses": 22170000,
    "costAndExpenses": 29598000,
    "interestIncome": 0,
    "interestExpense": 0,
    "depreciationAndAmortization": 1290000,
    "ebitda": 3325000,
    "ebitdaratio": 0.1051117504,
    "operatingIncome": -2154000,
    "operatingIncomeRatio": -0.0680934467,
    "totalOtherIncomeExpensesNet": 3814000,
    "incomeBeforeTax": 1660000,
    "incomeBeforeTaxRatio": 0.0524768438,
    "incomeTaxExpense": 307000,
    "netIncome": 1353000,
    "netIncomeRatio": 0.042771789,
    "eps": 0.0224,
    "epsdiluted": 0.0224,
    "weightedAverageShsOut": 60318000,
    "weightedAverageShsOutDil": 60318000,
    "link": "https://www.sec.gov/Archives/edgar/data/1048695/000089102004000078/0000891020-04-000078-index.htm",
    "finalLink": "https://www.sec.gov/Archives/edgar/data/1048695/000089102004000078/v95914e10vkza.htm"
  },
  {
    "date": "2003-06-30",
    "symbol": "FFIV",
    "reportedCurrency": "USD",
    "cik": "0001048695",
    "fillingDate": "2003-08-13",
    "acceptedDate": "2003-08-13 17:22:39",
    "calendarYear": "2003",
    "period": "Q3",
    "revenue": 29189000,
    "costOfRevenue": 6781000,
    "grossProfit": 22408000,
    "grossProfitRatio": 0.7676864572,
    "researchAndDevelopmentExpenses": 4810000,
    "generalAndAdministrativeExpenses": 2800000,
    "sellingAndMarketingExpenses": 13593000,
    "sellingGeneralAndAdministrativeExpenses": 16393000,
    "otherExpenses": 6000,
    "operatingExpenses": 21209000,
    "costAndExpenses": 27990000,
    "interestIncome": 0,
    "interestExpense": 0,
    "depreciationAndAmortization": 1258000,
    "ebitda": 2457000,
    "ebitdaratio": 0.0841755456,
    "operatingIncome": 1199000,
    "operatingIncomeRatio": 0.0410771181,
    "totalOtherIncomeExpensesNet": 352000,
    "incomeBeforeTax": 1551000,
    "incomeBeforeTaxRatio": 0.0531364555,
    "incomeTaxExpense": 152000,
    "netIncome": 1399000,
    "netIncomeRatio": 0.0479290144,
    "eps": 0.025,
    "epsdiluted": 0.025,
    "weightedAverageShsOut": 53276000,
    "weightedAverageShsOutDil": 56934000,
    "link": "https://www.sec.gov/Archives/edgar/data/1048695/000089102003002161/0000891020-03-002161-index.htm",
    "finalLink": "https://www.sec.gov/Archives/edgar/data/1048695/000089102003002161/v91819e10vq.htm"
  },
  {
    "date": "2003-03-31",
    "symbol": "FFIV",
    "reportedCurrency": "USD",
    "cik": "0001048695",
    "fillingDate": "2003-05-15",
    "acceptedDate": "2003-05-15 14:47:37",
    "calendarYear": "2003",
    "period": "Q2",
    "revenue": 28017000,
    "costOfRevenue": 6478000,
    "grossProfit": 21539000,
    "grossProfitRatio": 0.7687832387,
    "researchAndDevelopmentExpenses": 4886000,
    "generalAndAdministrativeExpenses": 2900000,
    "sellingAndMarketingExpenses": 13061000,
    "sellingGeneralAndAdministrativeExpenses": 15961000,
    "otherExpenses": 5000,
    "operatingExpenses": 20852000,
    "costAndExpenses": 27330000,
    "interestIncome": 0,
    "interestExpense": 0,
    "depreciationAndAmortization": 1280000,
    "ebitda": 1967000,
    "ebitdaratio": 0.0702073741,
    "operatingIncome": 687000,
    "operatingIncomeRatio": 0.0245208266,
    "totalOtherIncomeExpensesNet": 312000,
    "incomeBeforeTax": 999000,
    "incomeBeforeTaxRatio": 0.0356569226,
    "incomeTaxExpense": 184000,
    "netIncome": 815000,
    "netIncomeRatio": 0.0290894814,
    "eps": 0.015,
    "epsdiluted": 0.015,
    "weightedAverageShsOut": 52328000,
    "weightedAverageShsOutDil": 54988000,
    "link": "https://www.sec.gov/Archives/edgar/data/1048695/000089102003001615/0000891020-03-001615-index.htm",
    "finalLink": "https://www.sec.gov/Archives/edgar/data/1048695/000089102003001615/v90142e10vq.htm"
  },
  {
    "date": "2002-12-31",
    "symbol": "FFIV",
    "reportedCurrency": "USD",
    "cik": "0001048695",
    "fillingDate": "2003-02-13",
    "acceptedDate": "2003-02-13 15:32:57",
    "calendarYear": "2003",
    "period": "Q1",
    "revenue": 27056000,
    "costOfRevenue": 6218000,
    "grossProfit": 20838000,
    "grossProfitRatio": 0.7701803666,
    "researchAndDevelopmentExpenses": 4395000,
    "generalAndAdministrativeExpenses": 3350000,
    "sellingAndMarketingExpenses": 12759000,
    "sellingGeneralAndAdministrativeExpenses": 16109000,
    "otherExpenses": 66000,
    "operatingExpenses": 20570000,
    "costAndExpenses": 26788000,
    "interestIncome": 0,
    "interestExpense": 0,
    "depreciationAndAmortization": 1417000,
    "ebitda": 1685000,
    "ebitdaratio": 0.0622782377,
    "operatingIncome": 268000,
    "operatingIncomeRatio": 0.0099053814,
    "totalOtherIncomeExpensesNet": 462000,
    "incomeBeforeTax": 730000,
    "incomeBeforeTaxRatio": 0.0269810763,
    "incomeTaxExpense": 210000,
    "netIncome": 520000,
    "netIncomeRatio": 0.0192193968,
    "eps": 0.01,
    "epsdiluted": 0.01,
    "weightedAverageShsOut": 51766000,
    "weightedAverageShsOutDil": 53870000,
    "link": "https://www.sec.gov/Archives/edgar/data/1048695/000089102003000461/0000891020-03-000461-index.htm",
    "finalLink": "https://www.sec.gov/Archives/edgar/data/1048695/000089102003000461/v87584e10vq.htm"
  },
  {
    "date": "2002-09-30",
    "symbol": "FFIV",
    "reportedCurrency": "USD",
    "cik": "0001048695",
    "fillingDate": "2002-12-19",
    "acceptedDate": "2002-12-19 17:25:21",
    "calendarYear": "2002",
    "period": "Q4",
    "revenue": 27075000,
    "costOfRevenue": 6406000,
    "grossProfit": 20669000,
    "grossProfitRatio": 0.7633979686,
    "researchAndDevelopmentExpenses": 4312000,
    "generalAndAdministrativeExpenses": 15045000,
    "sellingAndMarketingExpenses": 1444000,
    "sellingGeneralAndAdministrativeExpenses": 16489000,
    "otherExpenses": 90000,
    "operatingExpenses": 20891000,
    "costAndExpenses": 27297000,
    "interestIncome": 0,
    "interestExpense": 0,
    "depreciationAndAmortization": 1469000,
    "ebitda": 1247000,
    "ebitdaratio": 0.0460572484,
    "operatingIncome": -3496000,
    "operatingIncomeRatio": -0.129122807,
    "totalOtherIncomeExpensesNet": 3126000,
    "incomeBeforeTax": -370000,
    "incomeBeforeTaxRatio": -0.0136657433,
    "incomeTaxExpense": 53000,
    "netIncome": -423000,
    "netIncomeRatio": -0.0156232687,
    "eps": -0.0083,
    "epsdiluted": -0.0081,
    "weightedAverageShsOut": 51206000,
    "weightedAverageShsOutDil": 52258000,
    "link": "https://www.sec.gov/Archives/edgar/data/1048695/000089102002002051/0000891020-02-002051-index.htm",
    "finalLink": "https://www.sec.gov/Archives/edgar/data/1048695/000089102002002051/v86519e10vk.htm"
  },
  {
    "date": "2002-06-30",
    "symbol": "FFIV",
    "reportedCurrency": "USD",
    "cik": "0001048695",
    "fillingDate": "2002-08-14",
    "acceptedDate": "2002-08-14 13:49:17",
    "calendarYear": "2002",
    "period": "Q3",
    "revenue": 27065000,
    "costOfRevenue": 7585000,
    "grossProfit": 19480000,
    "grossProfitRatio": 0.719748753,
    "researchAndDevelopmentExpenses": 4785000,
    "generalAndAdministrativeExpenses": 3049000,
    "sellingAndMarketingExpenses": 13256000,
    "sellingGeneralAndAdministrativeExpenses": 16305000,
    "otherExpenses": 0,
    "operatingExpenses": 21196000,
    "costAndExpenses": 28781000,
    "interestIncome": 0,
    "interestExpense": 0,
    "depreciationAndAmortization": 1510000,
    "ebitda": -206000,
    "ebitdaratio": -0.0076113061,
    "operatingIncome": -4487000,
    "operatingIncomeRatio": -0.1657860706,
    "totalOtherIncomeExpensesNet": 287000,
    "incomeBeforeTax": -4200000,
    "incomeBeforeTaxRatio": -0.1551819693,
    "incomeTaxExpense": 146000,
    "netIncome": -4346000,
    "netIncomeRatio": -0.1605763902,
    "eps": -0.0851,
    "epsdiluted": -0.0851,
    "weightedAverageShsOut": 51074000,
    "weightedAverageShsOutDil": 51074000,
    "link": "https://www.sec.gov/Archives/edgar/data/1048695/000089102002001235/0000891020-02-001235-index.htm",
    "finalLink": "https://www.sec.gov/Archives/edgar/data/1048695/000089102002001235/v83854e10vq.htm"
  },
  {
    "date": "2002-03-31",
    "symbol": "FFIV",
    "reportedCurrency": "USD",
    "cik": "0001048695",
    "fillingDate": "2002-05-09",
    "acceptedDate": "2002-05-08 19:44:54",
    "calendarYear": "2002",
    "period": "Q2",
    "revenue": 27101000,
    "costOfRevenue": 7831000,
    "grossProfit": 19270000,
    "grossProfitRatio": 0.7110438729,
    "researchAndDevelopmentExpenses": 4751000,
    "generalAndAdministrativeExpenses": 4524000,
    "sellingAndMarketingExpenses": 11823000,
    "sellingGeneralAndAdministrativeExpenses": 16347000,
    "otherExpenses": 114000,
    "operatingExpenses": 21212000,
    "costAndExpenses": 29043000,
    "interestIncome": 0,
    "interestExpense": 0,
    "depreciationAndAmortization": 1508000,
    "ebitda": -434000,
    "ebitdaratio": -0.0160141692,
    "operatingIncome": -1942000,
    "operatingIncomeRatio": -0.0716578724,
    "totalOtherIncomeExpensesNet": 273000,
    "incomeBeforeTax": -1669000,
    "incomeBeforeTaxRatio": -0.0615844434,
    "incomeTaxExpense": 101000,
    "netIncome": -1770000,
    "netIncomeRatio": -0.0653112431,
    "eps": -0.0351,
    "epsdiluted": -0.0351,
    "weightedAverageShsOut": 50406000,
    "weightedAverageShsOutDil": 50406000,
    "link": "https://www.sec.gov/Archives/edgar/data/1048695/000089102002000617/0000891020-02-000617-index.htm",
    "finalLink": "https://www.sec.gov/Archives/edgar/data/1048695/000089102002000617/v81404e10-q.htm"
  },
  {
    "date": "2001-12-31",
    "symbol": "FFIV",
    "reportedCurrency": "USD",
    "cik": "0001048695",
    "fillingDate": "2002-02-14",
    "acceptedDate": "2002-02-14 00:00:00",
    "calendarYear": "2002",
    "period": "Q1",
    "revenue": 27025000,
    "costOfRevenue": 8657000,
    "grossProfit": 18368000,
    "grossProfitRatio": 0.679666975,
    "researchAndDevelopmentExpenses": 4137000,
    "generalAndAdministrativeExpenses": 4045000,
    "sellingAndMarketingExpenses": 12440000,
    "sellingGeneralAndAdministrativeExpenses": 16485000,
    "otherExpenses": 133000,
    "operatingExpenses": 20755000,
    "costAndExpenses": 29412000,
    "interestIncome": 0,
    "interestExpense": 0,
    "depreciationAndAmortization": 1568000,
    "ebitda": -819000,
    "ebitdaratio": -0.0303052729,
    "operatingIncome": -2387000,
    "operatingIncomeRatio": -0.0883256244,
    "totalOtherIncomeExpensesNet": 505000,
    "incomeBeforeTax": -1882000,
    "incomeBeforeTaxRatio": -0.0696392229,
    "incomeTaxExpense": 189000,
    "netIncome": -2071000,
    "netIncomeRatio": -0.0766327475,
    "eps": -0.04,
    "epsdiluted": -0.04,
    "weightedAverageShsOut": 49766000,
    "weightedAverageShsOutDil": 49766000,
    "link": "https://www.sec.gov/Archives/edgar/data/1048695/000089102002000134/0000891020-02-000134-index.htm",
    "finalLink": "https://www.sec.gov/Archives/edgar/data/1048695/000089102002000134/v78758e10-q.htm"
  },
  {
    "date": "2001-09-30",
    "symbol": "FFIV",
    "reportedCurrency": "USD",
    "cik": "0001048695",
    "fillingDate": "2001-12-28",
    "acceptedDate": "2001-12-28 00:00:00",
    "calendarYear": "2001",
    "period": "Q4",
    "revenue": 26566000,
    "costOfRevenue": 7325000,
    "grossProfit": 19241000,
    "grossProfitRatio": 0.7242716254,
    "researchAndDevelopmentExpenses": 3902000,
    "generalAndAdministrativeExpenses": 18776000,
    "sellingAndMarketingExpenses": 325000,
    "sellingGeneralAndAdministrativeExpenses": 19101000,
    "otherExpenses": 209000,
    "operatingExpenses": 23212000,
    "costAndExpenses": 30537000,
    "interestIncome": 0,
    "interestExpense": 0,
    "depreciationAndAmortization": 1808000,
    "ebitda": -2163000,
    "ebitdaratio": -0.08141986,
    "operatingIncome": -3971000,
    "operatingIncomeRatio": -0.1494767748,
    "totalOtherIncomeExpensesNet": 627000,
    "incomeBeforeTax": -3344000,
    "incomeBeforeTaxRatio": -0.1258751788,
    "incomeTaxExpense": 8163000,
    "netIncome": -11507000,
    "netIncomeRatio": -0.4331476323,
    "eps": -0.26,
    "epsdiluted": -0.26,
    "weightedAverageShsOut": 44838000,
    "weightedAverageShsOutDil": 44838000,
    "link": "https://www.sec.gov/Archives/edgar/data/1048695/000089102001500463/0000891020-01-500463-index.htm",
    "finalLink": "https://www.sec.gov/Archives/edgar/data/1048695/000089102001500463/v77937e10-k.htm"
  },
  {
    "date": "2001-06-30",
    "symbol": "FFIV",
    "reportedCurrency": "USD",
    "cik": "0001048695",
    "fillingDate": "2001-08-13",
    "acceptedDate": "2001-08-13 00:00:00",
    "calendarYear": "2001",
    "period": "Q3",
    "revenue": 29001000,
    "costOfRevenue": 10609000,
    "grossProfit": 18392000,
    "grossProfitRatio": 0.6341850281,
    "researchAndDevelopmentExpenses": 4242000,
    "generalAndAdministrativeExpenses": 0,
    "sellingAndMarketingExpenses": 0,
    "sellingGeneralAndAdministrativeExpenses": 15449000,
    "otherExpenses": 245000,
    "operatingExpenses": 19936000,
    "costAndExpenses": 30545000,
    "interestIncome": 0,
    "interestExpense": 0,
    "depreciationAndAmortization": 1609000,
    "ebitda": 65000,
    "ebitdaratio": 0.002241302,
    "operatingIncome": -1544000,
    "operatingIncomeRatio": -0.0532395435,
    "totalOtherIncomeExpensesNet": 562000,
    "incomeBeforeTax": -982000,
    "incomeBeforeTaxRatio": -0.0338609013,
    "incomeTaxExpense": 629000,
    "netIncome": -1611000,
    "netIncomeRatio": -0.0555498086,
    "eps": -0.0363,
    "epsdiluted": -0.0363,
    "weightedAverageShsOut": 44388000,
    "weightedAverageShsOutDil": 44388000,
    "link": "https://www.sec.gov/Archives/edgar/data/1048695/000109581101504128/0001095811-01-504128-index.htm",
    "finalLink": "https://www.sec.gov/Archives/edgar/data/1048695/000109581101504128/v74867e10-q.htm"
  },
  {
    "date": "2001-03-31",
    "symbol": "FFIV",
    "reportedCurrency": "USD",
    "cik": "0001048695",
    "fillingDate": "2001-05-10",
    "acceptedDate": "2001-05-10 00:00:00",
    "calendarYear": "2001",
    "period": "Q2",
    "revenue": 27067000,
    "costOfRevenue": 15399000,
    "grossProfit": 11668000,
    "grossProfitRatio": 0.431078435,
    "researchAndDevelopmentExpenses": 4652000,
    "generalAndAdministrativeExpenses": 0,
    "sellingAndMarketingExpenses": 0,
    "sellingGeneralAndAdministrativeExpenses": 17128000,
    "otherExpenses": 2001000,
    "operatingExpenses": 23375000,
    "costAndExpenses": 39180000,
    "interestIncome": 0,
    "interestExpense": 0,
    "depreciationAndAmortization": 2893000,
    "ebitda": -8814000,
    "ebitdaratio": -0.3256363838,
    "operatingIncome": -12113000,
    "operatingIncomeRatio": -0.4475191192,
    "totalOtherIncomeExpensesNet": 1111000,
    "incomeBeforeTax": -11002000,
    "incomeBeforeTaxRatio": -0.4064728267,
    "incomeTaxExpense": -2260000,
    "netIncome": -8742000,
    "netIncomeRatio": -0.322976318,
    "eps": -0.2,
    "epsdiluted": -0.2,
    "weightedAverageShsOut": 43834000,
    "weightedAverageShsOutDil": 43834000,
    "link": "https://www.sec.gov/Archives/edgar/data/1048695/000109581101501955/0001095811-01-501955-index.htm",
    "finalLink": "https://www.sec.gov/Archives/edgar/data/1048695/000109581101501955/v72331e10-q.txt"
  },
  {
    "date": "2000-12-31",
    "symbol": "FFIV",
    "reportedCurrency": "USD",
    "cik": "0001048695",
    "fillingDate": "2001-02-09",
    "acceptedDate": "2001-02-09 00:00:00",
    "calendarYear": "2001",
    "period": "Q1",
    "revenue": 24733000,
    "costOfRevenue": 10583000,
    "grossProfit": 14150000,
    "grossProfitRatio": 0.5721101363,
    "researchAndDevelopmentExpenses": 4945000,
    "generalAndAdministrativeExpenses": 4746000,
    "sellingAndMarketingExpenses": 13529000,
    "sellingGeneralAndAdministrativeExpenses": 18275000,
    "otherExpenses": 1663000,
    "operatingExpenses": 24883000,
    "costAndExpenses": 35466000,
    "interestIncome": 0,
    "interestExpense": 0,
    "depreciationAndAmortization": 1663000,
    "ebitda": -9070000,
    "ebitdaratio": -0.3667165326,
    "operatingIncome": -10733000,
    "operatingIncomeRatio": -0.4339546355,
    "totalOtherIncomeExpensesNet": -634000,
    "incomeBeforeTax": -11367000,
    "incomeBeforeTaxRatio": -0.4595884042,
    "incomeTaxExpense": -2437000,
    "netIncome": -8930000,
    "netIncomeRatio": -0.3610560789,
    "eps": -0.21,
    "epsdiluted": -0.2,
    "weightedAverageShsOut": 43354000,
    "weightedAverageShsOutDil": 43354000,
    "link": "https://www.sec.gov/Archives/edgar/data/1048695/000091205701004448/0000912057-01-004448-index.htm",
    "finalLink": "https://www.sec.gov/Archives/edgar/data/1048695/000091205701004448/a2037810z10-q.htm"
  },
  {
    "date": "2000-09-30",
    "symbol": "FFIV",
    "reportedCurrency": "USD",
    "cik": "0001048695",
    "fillingDate": "2001-01-24",
    "acceptedDate": "2001-01-24 00:00:00",
    "calendarYear": "2000",
    "period": "Q4",
    "revenue": 36647000,
    "costOfRevenue": 10990000,
    "grossProfit": 25657000,
    "grossProfitRatio": 0.7001118782,
    "researchAndDevelopmentExpenses": 6070000,
    "generalAndAdministrativeExpenses": 0,
    "sellingAndMarketingExpenses": 0,
    "sellingGeneralAndAdministrativeExpenses": 16400000,
    "otherExpenses": 1463000,
    "operatingExpenses": 23933000,
    "costAndExpenses": 34923000,
    "interestIncome": 0,
    "interestExpense": 0,
    "depreciationAndAmortization": 1463000,
    "ebitda": 3187000,
    "ebitdaratio": 0.0869648266,
    "operatingIncome": 1724000,
    "operatingIncomeRatio": 0.0470434142,
    "totalOtherIncomeExpensesNet": 489000,
    "incomeBeforeTax": 2213000,
    "incomeBeforeTaxRatio": 0.0603869348,
    "incomeTaxExpense": 797000,
    "netIncome": 1416000,
    "netIncomeRatio": 0.0386389063,
    "eps": 0.0327,
    "epsdiluted": 0.0327,
    "weightedAverageShsOut": 43132000,
    "weightedAverageShsOutDil": 43354000,
    "link": "https://www.sec.gov/Archives/edgar/data/1048695/000089102001000114/0000891020-01-000114-index.htm",
    "finalLink": "https://www.sec.gov/Archives/edgar/data/1048695/000089102001000114/v68624e10-ka.txt"
  },
  {
    "date": "2000-06-30",
    "symbol": "FFIV",
    "reportedCurrency": "USD",
    "cik": "0001048695",
    "fillingDate": "2000-08-10",
    "acceptedDate": "2000-08-10 00:00:00",
    "calendarYear": "2000",
    "period": "Q3",
    "revenue": 29221000,
    "costOfRevenue": 7588000,
    "grossProfit": 21633000,
    "grossProfitRatio": 0.7403237398,
    "researchAndDevelopmentExpenses": 3422000,
    "generalAndAdministrativeExpenses": 0,
    "sellingAndMarketingExpenses": 0,
    "sellingGeneralAndAdministrativeExpenses": 12797000,
    "otherExpenses": 1116000,
    "operatingExpenses": 17335000,
    "costAndExpenses": 24923000,
    "interestIncome": 0,
    "interestExpense": 0,
    "depreciationAndAmortization": 1116000,
    "ebitda": 5414000,
    "ebitdaratio": 0.1852777112,
    "operatingIncome": 4298000,
    "operatingIncomeRatio": 0.1470859998,
    "totalOtherIncomeExpensesNet": 855000,
    "incomeBeforeTax": 5153000,
    "incomeBeforeTaxRatio": 0.1763457787,
    "incomeTaxExpense": 1308000,
    "netIncome": 3845000,
    "netIncomeRatio": 0.1315834503,
    "eps": 0.09,
    "epsdiluted": 0.085,
    "weightedAverageShsOut": 42708000,
    "weightedAverageShsOutDil": 46008000,
    "link": "https://www.sec.gov/Archives/edgar/data/1048695/000089102000001435/0000891020-00-001435-index.htm",
    "finalLink": "https://www.sec.gov/Archives/edgar/data/1048695/000089102000001435/e10-q.txt"
  },
  {
    "date": "2000-03-31",
    "symbol": "FFIV",
    "reportedCurrency": "USD",
    "cik": "0001048695",
    "fillingDate": "2000-05-10",
    "acceptedDate": "2000-05-10 00:00:00",
    "calendarYear": "2000",
    "period": "Q2",
    "revenue": 23604000,
    "costOfRevenue": 6322000,
    "grossProfit": 17282000,
    "grossProfitRatio": 0.73216404,
    "researchAndDevelopmentExpenses": 2761000,
    "generalAndAdministrativeExpenses": 0,
    "sellingAndMarketingExpenses": 0,
    "sellingGeneralAndAdministrativeExpenses": 10200000,
    "otherExpenses": 993000,
    "operatingExpenses": 13954000,
    "costAndExpenses": 20276000,
    "interestIncome": 0,
    "interestExpense": 0,
    "depreciationAndAmortization": 983000,
    "ebitda": 4321000,
    "ebitdaratio": 0.1830621928,
    "operatingIncome": 3328000,
    "operatingIncomeRatio": 0.140993052,
    "totalOtherIncomeExpensesNet": 0,
    "incomeBeforeTax": 3338000,
    "incomeBeforeTaxRatio": 0.141416709,
    "incomeTaxExpense": -808000,
    "netIncome": 4146000,
    "netIncomeRatio": 0.1756481952,
    "eps": 0.1,
    "epsdiluted": 0.09,
    "weightedAverageShsOut": 42396000,
    "weightedAverageShsOutDil": 46210000,
    "link": "https://www.sec.gov/Archives/edgar/data/1048695/000089102000000976/0000891020-00-000976-index.html",
    "finalLink": "https://www.sec.gov/Archives/edgar/data/1048695/000089102000000976/"
  },
  {
    "date": "1999-12-31",
    "symbol": "FFIV",
    "reportedCurrency": "USD",
    "cik": "0001048695",
    "fillingDate": "2000-02-09",
    "acceptedDate": "2000-02-09 00:00:00",
    "calendarYear": "2000",
    "period": "Q1",
    "revenue": 19200000,
    "costOfRevenue": 5300000,
    "grossProfit": 13900000,
    "grossProfitRatio": 0.7239583333,
    "researchAndDevelopmentExpenses": 2200000,
    "generalAndAdministrativeExpenses": 0,
    "sellingAndMarketingExpenses": 0,
    "sellingGeneralAndAdministrativeExpenses": 7200000,
    "otherExpenses": 900000,
    "operatingExpenses": 10300000,
    "costAndExpenses": 15600000,
    "interestIncome": 0,
    "interestExpense": 0,
    "depreciationAndAmortization": 900000,
    "ebitda": 4500000,
    "ebitdaratio": 0.234375,
    "operatingIncome": 3600000,
    "operatingIncomeRatio": 0.1875,
    "totalOtherIncomeExpensesNet": 0,
    "incomeBeforeTax": 3600000,
    "incomeBeforeTaxRatio": 0.1875,
    "incomeTaxExpense": -600000,
    "netIncome": 4200000,
    "netIncomeRatio": 0.21875,
    "eps": 0.11,
    "epsdiluted": 0.09,
    "weightedAverageShsOut": 40854000,
    "weightedAverageShsOutDil": 46122000,
    "link": "https://www.sec.gov/Archives/edgar/data/1048695/000089102000000179/0000891020-00-000179-index.html",
    "finalLink": "https://www.sec.gov/Archives/edgar/data/1048695/000089102000000179/"
  },
  {
    "date": "1999-09-30",
    "symbol": "FFIV",
    "reportedCurrency": "USD",
    "cik": "0001048695",
    "fillingDate": "1999-12-28",
    "acceptedDate": "1999-12-28 00:00:00",
    "calendarYear": "1999",
    "period": "Q4",
    "revenue": 13700000,
    "costOfRevenue": 2900000,
    "grossProfit": 10800000,
    "grossProfitRatio": 0.7883211679,
    "researchAndDevelopmentExpenses": 1800000,
    "generalAndAdministrativeExpenses": 0,
    "sellingAndMarketingExpenses": 0,
    "sellingGeneralAndAdministrativeExpenses": 6200000,
    "otherExpenses": 900000,
    "operatingExpenses": 8900000,
    "costAndExpenses": 11800000,
    "interestIncome": 0,
    "interestExpense": 0,
    "depreciationAndAmortization": 900000,
    "ebitda": 2800000,
    "ebitdaratio": 0.204379562,
    "operatingIncome": 1900000,
    "operatingIncomeRatio": 0.1386861314,
    "totalOtherIncomeExpensesNet": 0,
    "incomeBeforeTax": 1900000,
    "incomeBeforeTaxRatio": 0.1386861314,
    "incomeTaxExpense": -500000,
    "netIncome": 2400000,
    "netIncomeRatio": 0.1751824818,
    "eps": 0.0587,
    "epsdiluted": 0.0587,
    "weightedAverageShsOut": 40854000,
    "weightedAverageShsOutDil": 40854000,
    "link": "https://www.sec.gov/Archives/edgar/data/1048695/000089102099002156/0000891020-99-002156-index.html",
    "finalLink": "https://www.sec.gov/Archives/edgar/data/1048695/000089102099002156/"
  },
  {
    "date": "1999-06-30",
    "symbol": "FFIV",
    "reportedCurrency": "USD",
    "cik": "0001048695",
    "fillingDate": "1999-08-11",
    "acceptedDate": "1999-08-11 00:00:00",
    "calendarYear": "1999",
    "period": "Q3",
    "revenue": 7600000,
    "costOfRevenue": 2100000,
    "grossProfit": 5500000,
    "grossProfitRatio": 0.7236842105,
    "researchAndDevelopmentExpenses": 1500000,
    "generalAndAdministrativeExpenses": 0,
    "sellingAndMarketingExpenses": 0,
    "sellingGeneralAndAdministrativeExpenses": 5000000,
    "otherExpenses": 700000,
    "operatingExpenses": 7200000,
    "costAndExpenses": 9300000,
    "interestIncome": 0,
    "interestExpense": 0,
    "depreciationAndAmortization": 700000,
    "ebitda": -1000000,
    "ebitdaratio": -0.1315789474,
    "operatingIncome": -1700000,
    "operatingIncomeRatio": -0.2236842105,
    "totalOtherIncomeExpensesNet": 0,
    "incomeBeforeTax": -1700000,
    "incomeBeforeTaxRatio": -0.2236842105,
    "incomeTaxExpense": -200000,
    "netIncome": -1500000,
    "netIncomeRatio": -0.1973684211,
    "eps": -0.0375,
    "epsdiluted": -0.0375,
    "weightedAverageShsOut": 40000000,
    "weightedAverageShsOutDil": 40000000,
    "link": "https://www.sec.gov/Archives/edgar/data/1048695/000104746999030937/0001047469-99-030937-index.html",
    "finalLink": "https://www.sec.gov/Archives/edgar/data/1048695/000104746999030937/"
  },
  {
    "date": "1999-03-31",
    "symbol": "FFIV",
    "reportedCurrency": "USD",
    "cik": "0001048695",
    "fillingDate": "1999-03-31",
    "acceptedDate": "1999-03-30 19:00:00",
    "calendarYear": "1999",
    "period": "Q2",
    "revenue": 3200000,
    "costOfRevenue": 0,
    "grossProfit": 3200000,
    "grossProfitRatio": 1,
    "researchAndDevelopmentExpenses": 0,
    "generalAndAdministrativeExpenses": 0,
    "sellingAndMarketingExpenses": 0,
    "sellingGeneralAndAdministrativeExpenses": 3200000,
    "otherExpenses": 0,
    "operatingExpenses": 3200000,
    "costAndExpenses": 0,
    "interestIncome": 0,
    "interestExpense": 0,
    "depreciationAndAmortization": 0,
    "ebitda": 3200000,
    "ebitdaratio": 1,
    "operatingIncome": 3200000,
    "operatingIncomeRatio": 1,
    "totalOtherIncomeExpensesNet": -3200000,
    "incomeBeforeTax": 0,
    "incomeBeforeTaxRatio": 0,
    "incomeTaxExpense": 2600000,
    "netIncome": -2600000,
    "netIncomeRatio": -0.8125,
    "eps": -0.1,
    "epsdiluted": -0.1,
    "weightedAverageShsOut": 25365854,
    "weightedAverageShsOutDil": 25365854,
    "link": "",
    "finalLink": ""
  },
  {
    "date": "1998-12-31",
    "symbol": "FFIV",
    "reportedCurrency": "USD",
    "cik": "0001048695",
    "fillingDate": "1998-12-31",
    "acceptedDate": "1998-12-30 19:00:00",
    "calendarYear": "1999",
    "period": "Q1",
    "revenue": 3200000,
    "costOfRevenue": 0,
    "grossProfit": 3200000,
    "grossProfitRatio": 1,
    "researchAndDevelopmentExpenses": 0,
    "generalAndAdministrativeExpenses": 0,
    "sellingAndMarketingExpenses": 0,
    "sellingGeneralAndAdministrativeExpenses": 3200000,
    "otherExpenses": 0,
    "operatingExpenses": 3200000,
    "costAndExpenses": 0,
    "interestIncome": 0,
    "interestExpense": 0,
    "depreciationAndAmortization": 0,
    "ebitda": 3200000,
    "ebitdaratio": 1,
    "operatingIncome": 3200000,
    "operatingIncomeRatio": 1,
    "totalOtherIncomeExpensesNet": -3200000,
    "incomeBeforeTax": 0,
    "incomeBeforeTaxRatio": 0,
    "incomeTaxExpense": 2600000,
    "netIncome": -2600000,
    "netIncomeRatio": -0.8125,
    "eps": -0.1,
    "epsdiluted": -0.1,
    "weightedAverageShsOut": 25365854,
    "weightedAverageShsOutDil": 25365854,
    "link": "",
    "finalLink": ""
  }
]