[
  {
    "date": "2025-06-30",
    "symbol": "FI",
    "reportedCurrency": "USD",
    "cik": "0000798354",
    "fillingDate": "2025-07-24",
    "acceptedDate": "2025-07-24 07:14:38",
    "calendarYear": "2025",
    "period": "Q2",
    "revenue": 5516000000,
    "costOfRevenue": 2106000000,
    "grossProfit": 3410000000,
    "grossProfitRatio": 0.6182015954,
    "researchAndDevelopmentExpenses": 0,
    "generalAndAdministrativeExpenses": 0,
    "sellingAndMarketingExpenses": 0,
    "sellingGeneralAndAdministrativeExpenses": 1711000000,
    "otherExpenses": 3000000,
    "operatingExpenses": 1714000000,
    "costAndExpenses": 3820000000,
    "interestIncome": 11000000,
    "interestExpense": 376000000,
    "depreciationAndAmortization": 824000000,
    "ebitda": 2481000000,
    "ebitdaratio": 0.4497824511,
    "operatingIncome": 1696000000,
    "operatingIncomeRatio": 0.3074691806,
    "totalOtherIncomeExpensesNet": -420000000,
    "incomeBeforeTax": 1276000000,
    "incomeBeforeTaxRatio": 0.2313270486,
    "incomeTaxExpense": 246000000,
    "netIncome": 1026000000,
    "netIncomeRatio": 0.186004351,
    "eps": 1.86,
    "epsdiluted": 1.86,
    "weightedAverageShsOut": 552700000,
    "weightedAverageShsOutDil": 552700000,
    "link": "https://www.sec.gov/Archives/edgar/data/798354/000079835425000163/0000798354-25-000163-index.htm",
    "finalLink": "https://www.sec.gov/Archives/edgar/data/798354/000079835425000163/fisv-20250630.htm"
  },
  {
    "date": "2025-03-31",
    "symbol": "FI",
    "reportedCurrency": "USD",
    "cik": "0000798354",
    "fillingDate": "2025-04-25",
    "acceptedDate": "2025-04-25 06:26:08",
    "calendarYear": "2025",
    "period": "Q1",
    "revenue": 5130000000,
    "costOfRevenue": 2073000000,
    "grossProfit": 3057000000,
    "grossProfitRatio": 0.5959064327,
    "researchAndDevelopmentExpenses": 0,
    "generalAndAdministrativeExpenses": 0,
    "sellingAndMarketingExpenses": 0,
    "sellingGeneralAndAdministrativeExpenses": 1682000000,
    "otherExpenses": -20000000,
    "operatingExpenses": 1662000000,
    "costAndExpenses": 3735000000,
    "interestIncome": 8000000,
    "interestExpense": 339000000,
    "depreciationAndAmortization": 768000000,
    "ebitda": 2153000000,
    "ebitdaratio": 0.4196881092,
    "operatingIncome": 1395000000,
    "operatingIncomeRatio": 0.2719298246,
    "totalOtherIncomeExpensesNet": -357000000,
    "incomeBeforeTax": 1038000000,
    "incomeBeforeTaxRatio": 0.2023391813,
    "incomeTaxExpense": 190000000,
    "netIncome": 851000000,
    "netIncomeRatio": 0.1658869396,
    "eps": 1.5161232852307145,
    "epsdiluted": 1.5069948645298388,
    "weightedAverageShsOut": 561300000,
    "weightedAverageShsOutDil": 564700000,
    "link": "https://www.sec.gov/Archives/edgar/data/798354/000079835425000104/0000798354-25-000104-index.htm",
    "finalLink": "https://www.sec.gov/Archives/edgar/data/798354/000079835425000104/fisv-20250331.htm"
  },
  {
    "date": "2024-12-31",
    "symbol": "FI",
    "reportedCurrency": "USD",
    "cik": "0000798354",
    "fillingDate": "2025-02-20",
    "acceptedDate": "2025-02-20 07:34:30",
    "calendarYear": "2024",
    "period": "Q4",
    "revenue": 5251000000,
    "costOfRevenue": 2019000000,
    "grossProfit": 3232000000,
    "grossProfitRatio": 0.6155018092,
    "researchAndDevelopmentExpenses": 0,
    "generalAndAdministrativeExpenses": 0,
    "sellingAndMarketingExpenses": 0,
    "sellingGeneralAndAdministrativeExpenses": 1564000000,
    "otherExpenses": 0,
    "operatingExpenses": 1564000000,
    "costAndExpenses": 3583000000,
    "interestIncome": 11000000,
    "interestExpense": 334000000,
    "depreciationAndAmortization": 758000000,
    "ebitda": 2276000000,
    "ebitdaratio": 0.4334412493,
    "operatingIncome": 1668000000,
    "operatingIncomeRatio": 0.3176537802,
    "totalOtherIncomeExpensesNet": -527000000,
    "incomeBeforeTax": 1141000000,
    "incomeBeforeTaxRatio": 0.2172919444,
    "incomeTaxExpense": 193000000,
    "netIncome": 938000000,
    "netIncomeRatio": 0.1786326414,
    "eps": 1.64,
    "epsdiluted": 1.64,
    "weightedAverageShsOut": 578700000,
    "weightedAverageShsOutDil": 582100000,
    "link": "https://www.sec.gov/Archives/edgar/data/798354/000079835425000047/0000798354-25-000047-index.htm",
    "finalLink": "https://www.sec.gov/Archives/edgar/data/798354/000079835425000047/fi-20241231.htm"
  },
  {
    "date": "2024-09-30",
    "symbol": "FI",
    "reportedCurrency": "USD",
    "cik": "0000798354",
    "fillingDate": "2024-10-23",
    "acceptedDate": "2024-10-23 07:05:30",
    "calendarYear": "2024",
    "period": "Q3",
    "revenue": 5215000000,
    "costOfRevenue": 2007000000,
    "grossProfit": 3208000000,
    "grossProfitRatio": 0.6151486098,
    "researchAndDevelopmentExpenses": 0,
    "generalAndAdministrativeExpenses": 0,
    "sellingAndMarketingExpenses": 0,
    "sellingGeneralAndAdministrativeExpenses": 1606000000,
    "otherExpenses": 0,
    "operatingExpenses": 1606000000,
    "costAndExpenses": 3613000000,
    "interestIncome": 13000000,
    "interestExpense": 339000000,
    "depreciationAndAmortization": 778000000,
    "ebitda": 2388000000,
    "ebitdaratio": 0.4579098754,
    "operatingIncome": 1602000000,
    "operatingIncomeRatio": 0.3071907958,
    "totalOtherIncomeExpensesNet": -957000000,
    "incomeBeforeTax": 645000000,
    "incomeBeforeTaxRatio": 0.1236816874,
    "incomeTaxExpense": 74000000,
    "netIncome": 564000000,
    "netIncomeRatio": 0.1081495686,
    "eps": 0.98,
    "epsdiluted": 0.98,
    "weightedAverageShsOut": 573700000,
    "weightedAverageShsOutDil": 576900000,
    "link": "https://www.sec.gov/Archives/edgar/data/798354/000079835424000190/0000798354-24-000190-index.htm",
    "finalLink": "https://www.sec.gov/Archives/edgar/data/798354/000079835424000190/fisv-20240930.htm"
  },
  {
    "date": "2024-06-30",
    "symbol": "FI",
    "reportedCurrency": "USD",
    "cik": "0000798354",
    "fillingDate": "2024-07-25",
    "acceptedDate": "2024-07-25 07:06:36",
    "calendarYear": "2024",
    "period": "Q2",
    "revenue": 5107000000,
    "costOfRevenue": 1982000000,
    "grossProfit": 3125000000,
    "grossProfitRatio": 0.6119052281,
    "researchAndDevelopmentExpenses": 0,
    "generalAndAdministrativeExpenses": 0,
    "sellingAndMarketingExpenses": 0,
    "sellingGeneralAndAdministrativeExpenses": 1697000000,
    "otherExpenses": 0,
    "operatingExpenses": 1697000000,
    "costAndExpenses": 3679000000,
    "interestIncome": 9000000,
    "interestExpense": 294000000,
    "depreciationAndAmortization": 785000000,
    "ebitda": 2217000000,
    "ebitdaratio": 0.434110045,
    "operatingIncome": 1428000000,
    "operatingIncomeRatio": 0.279616213,
    "totalOtherIncomeExpensesNet": -298000000,
    "incomeBeforeTax": 1130000000,
    "incomeBeforeTaxRatio": 0.2212649305,
    "incomeTaxExpense": 221000000,
    "netIncome": 894000000,
    "netIncomeRatio": 0.1750538477,
    "eps": 1.53,
    "epsdiluted": 1.53,
    "weightedAverageShsOut": 582700000,
    "weightedAverageShsOutDil": 585400000,
    "link": "https://www.sec.gov/Archives/edgar/data/798354/000079835424000156/0000798354-24-000156-index.htm",
    "finalLink": "https://www.sec.gov/Archives/edgar/data/798354/000079835424000156/fisv-20240630.htm"
  },
  {
    "date": "2024-03-31",
    "symbol": "FI",
    "reportedCurrency": "USD",
    "cik": "0000798354",
    "fillingDate": "2024-03-31",
    "acceptedDate": "2024-03-29 20:00:00",
    "calendarYear": "2024",
    "period": "Q1",
    "revenue": 4883000000,
    "costOfRevenue": 2005000000,
    "grossProfit": 2878000000,
    "grossProfitRatio": 0.5893917674,
    "researchAndDevelopmentExpenses": 0,
    "generalAndAdministrativeExpenses": 0,
    "sellingAndMarketingExpenses": 0,
    "sellingGeneralAndAdministrativeExpenses": 1697000000,
    "otherExpenses": 0,
    "operatingExpenses": 1697000000,
    "costAndExpenses": 3702000000,
    "interestIncome": 10000000,
    "interestExpense": 271000000,
    "depreciationAndAmortization": 774000000,
    "ebitda": 1958000000,
    "ebitdaratio": 0.4009830023,
    "operatingIncome": 1181000000,
    "operatingIncomeRatio": 0.2418595126,
    "totalOtherIncomeExpensesNet": -276000000,
    "incomeBeforeTax": 905000000,
    "incomeBeforeTaxRatio": 0.1853368831,
    "incomeTaxExpense": 153000000,
    "netIncome": 735000000,
    "netIncomeRatio": 0.1505222199,
    "eps": 1.24,
    "epsdiluted": 1.24,
    "weightedAverageShsOut": 590900000,
    "weightedAverageShsOutDil": 594800000,
    "link": null,
    "finalLink": null
  },
  {
    "date": "2023-12-31",
    "symbol": "FI",
    "reportedCurrency": "USD",
    "cik": "0000798354",
    "fillingDate": "2023-12-31",
    "acceptedDate": "2023-12-30 19:00:00",
    "calendarYear": "2023",
    "period": "Q4",
    "revenue": 4917000000,
    "costOfRevenue": 1842000000,
    "grossProfit": 3075000000,
    "grossProfitRatio": 0.6253813301,
    "researchAndDevelopmentExpenses": 0,
    "generalAndAdministrativeExpenses": 0,
    "sellingAndMarketingExpenses": 0,
    "sellingGeneralAndAdministrativeExpenses": 1624000000,
    "otherExpenses": 5000000,
    "operatingExpenses": 1629000000,
    "costAndExpenses": 3471000000,
    "interestIncome": 5000000,
    "interestExpense": 289000000,
    "depreciationAndAmortization": 767000000,
    "ebitda": 2159000000,
    "ebitdaratio": 0.4390888753,
    "operatingIncome": 1446000000,
    "operatingIncomeRatio": 0.2940817572,
    "totalOtherIncomeExpensesNet": -347000000,
    "incomeBeforeTax": 1099000000,
    "incomeBeforeTaxRatio": 0.2235102705,
    "incomeTaxExpense": 210000000,
    "netIncome": 870000000,
    "netIncomeRatio": 0.1769371568,
    "eps": 1.45,
    "epsdiluted": 1.44,
    "weightedAverageShsOut": 600618514,
    "weightedAverageShsOutDil": 602700000,
    "link": null,
    "finalLink": null
  },
  {
    "date": "2023-09-30",
    "symbol": "FI",
    "reportedCurrency": "USD",
    "cik": "0000798354",
    "fillingDate": "2023-09-30",
    "acceptedDate": "2023-09-30 00:00:00",
    "calendarYear": "2023",
    "period": "Q3",
    "revenue": 4873000000,
    "costOfRevenue": 1890000000,
    "grossProfit": 2983000000,
    "grossProfitRatio": 0.6121485738,
    "researchAndDevelopmentExpenses": 0,
    "generalAndAdministrativeExpenses": 0,
    "sellingAndMarketingExpenses": 0,
    "sellingGeneralAndAdministrativeExpenses": 1652000000,
    "otherExpenses": -176000000,
    "operatingExpenses": 1476000000,
    "costAndExpenses": 3370000000,
    "interestIncome": 10000000,
    "interestExpense": 268000000,
    "depreciationAndAmortization": 769000000,
    "ebitda": 2247000000,
    "ebitdaratio": 0.4611122512,
    "operatingIncome": 1503000000,
    "operatingIncomeRatio": 0.3084342294,
    "totalOtherIncomeExpensesNet": -295000000,
    "incomeBeforeTax": 1208000000,
    "incomeBeforeTaxRatio": 0.247896573,
    "incomeTaxExpense": 239000000,
    "netIncome": 952000000,
    "netIncomeRatio": 0.1953621999,
    "eps": 1.57,
    "epsdiluted": 1.56,
    "weightedAverageShsOut": 606200000,
    "weightedAverageShsOutDil": 610300000,
    "link": null,
    "finalLink": null
  },
  {
    "date": "2023-06-30",
    "symbol": "FI",
    "reportedCurrency": "USD",
    "cik": "0000798354",
    "fillingDate": "2023-06-30",
    "acceptedDate": "2023-06-30 00:00:00",
    "calendarYear": "2023",
    "period": "Q2",
    "revenue": 4756000000,
    "costOfRevenue": 1929000000,
    "grossProfit": 2827000000,
    "grossProfitRatio": 0.5944070648,
    "researchAndDevelopmentExpenses": 0,
    "generalAndAdministrativeExpenses": 0,
    "sellingAndMarketingExpenses": 0,
    "sellingGeneralAndAdministrativeExpenses": 1696000000,
    "otherExpenses": 0,
    "operatingExpenses": 1696000000,
    "costAndExpenses": 3625000000,
    "interestIncome": 5000000,
    "interestExpense": 237000000,
    "depreciationAndAmortization": 800000000,
    "ebitda": 1910000000,
    "ebitdaratio": 0.4015979815,
    "operatingIncome": 1131000000,
    "operatingIncomeRatio": 0.237804878,
    "totalOtherIncomeExpensesNet": -255000000,
    "incomeBeforeTax": 876000000,
    "incomeBeforeTaxRatio": 0.1841883936,
    "incomeTaxExpense": 181000000,
    "netIncome": 683000000,
    "netIncomeRatio": 0.143608074,
    "eps": 1.11,
    "epsdiluted": 1.1,
    "weightedAverageShsOut": 615400000,
    "weightedAverageShsOutDil": 619200000,
    "link": null,
    "finalLink": null
  },
  {
    "date": "2023-03-31",
    "symbol": "FI",
    "reportedCurrency": "USD",
    "cik": "0000798354",
    "fillingDate": "2023-03-31",
    "acceptedDate": "2023-03-31 00:00:00",
    "calendarYear": "2023",
    "period": "Q1",
    "revenue": 4547000000,
    "costOfRevenue": 2000000000,
    "grossProfit": 2547000000,
    "grossProfitRatio": 0.5601495492,
    "researchAndDevelopmentExpenses": 0,
    "generalAndAdministrativeExpenses": 0,
    "sellingAndMarketingExpenses": 0,
    "sellingGeneralAndAdministrativeExpenses": 1604000000,
    "otherExpenses": 4000000,
    "operatingExpenses": 1608000000,
    "costAndExpenses": 3613000000,
    "interestIncome": 8000000,
    "interestExpense": 210000000,
    "depreciationAndAmortization": 785000000,
    "ebitda": 1707000000,
    "ebitdaratio": 0.3754123598,
    "operatingIncome": 934000000,
    "operatingIncomeRatio": 0.2054101605,
    "totalOtherIncomeExpensesNet": -234000000,
    "incomeBeforeTax": 700000000,
    "incomeBeforeTaxRatio": 0.1539476578,
    "incomeTaxExpense": 124000000,
    "netIncome": 563000000,
    "netIncomeRatio": 0.1238179019,
    "eps": 0.9,
    "epsdiluted": 0.89,
    "weightedAverageShsOut": 626900000,
    "weightedAverageShsOutDil": 631300000,
    "link": null,
    "finalLink": null
  },
  {
    "date": "2022-12-31",
    "symbol": "FI",
    "reportedCurrency": "USD",
    "cik": "0000798354",
    "fillingDate": "2022-12-31",
    "acceptedDate": "2022-12-31 00:00:00",
    "calendarYear": "2022",
    "period": "Q4",
    "revenue": 4631000000,
    "costOfRevenue": 1980000000,
    "grossProfit": 2651000000,
    "grossProfitRatio": 0.5724465558,
    "researchAndDevelopmentExpenses": 0,
    "generalAndAdministrativeExpenses": 0,
    "sellingAndMarketingExpenses": 0,
    "sellingGeneralAndAdministrativeExpenses": 1499000000,
    "otherExpenses": -27000000,
    "operatingExpenses": 1472000000,
    "costAndExpenses": 3452000000,
    "interestIncome": 5000000,
    "interestExpense": 204000000,
    "depreciationAndAmortization": 771000000,
    "ebitda": 1944000000,
    "ebitdaratio": 0.4197797452,
    "operatingIncome": 1179000000,
    "operatingIncomeRatio": 0.2545886418,
    "totalOtherIncomeExpensesNet": -212000000,
    "incomeBeforeTax": 967000000,
    "incomeBeforeTaxRatio": 0.2088101922,
    "incomeTaxExpense": 169000000,
    "netIncome": 782000000,
    "netIncomeRatio": 0.1688620168,
    "eps": 1.23,
    "epsdiluted": 1.22,
    "weightedAverageShsOut": 635910974,
    "weightedAverageShsOutDil": 638600000,
    "link": null,
    "finalLink": null
  },
  {
    "date": "2022-09-30",
    "symbol": "FI",
    "reportedCurrency": "USD",
    "cik": "0000798354",
    "fillingDate": "2022-09-30",
    "acceptedDate": "2022-09-30 00:00:00",
    "calendarYear": "2022",
    "period": "Q3",
    "revenue": 4518000000,
    "costOfRevenue": 1996000000,
    "grossProfit": 2522000000,
    "grossProfitRatio": 0.5582115981,
    "researchAndDevelopmentExpenses": 0,
    "generalAndAdministrativeExpenses": 0,
    "sellingAndMarketingExpenses": 0,
    "sellingGeneralAndAdministrativeExpenses": 1547000000,
    "otherExpenses": 120000000,
    "operatingExpenses": 1667000000,
    "costAndExpenses": 3663000000,
    "interestIncome": 3000000,
    "interestExpense": 193000000,
    "depreciationAndAmortization": 790000000,
    "ebitda": 1635000000,
    "ebitdaratio": 0.3618857902,
    "operatingIncome": 855000000,
    "operatingIncomeRatio": 0.1892430279,
    "totalOtherIncomeExpensesNet": -215000000,
    "incomeBeforeTax": 640000000,
    "incomeBeforeTaxRatio": 0.1416555998,
    "incomeTaxExpense": 147000000,
    "netIncome": 481000000,
    "netIncomeRatio": 0.1064630367,
    "eps": 0.76,
    "epsdiluted": 0.75,
    "weightedAverageShsOut": 636000000,
    "weightedAverageShsOutDil": 645000000,
    "link": null,
    "finalLink": null
  },
  {
    "date": "2022-06-30",
    "symbol": "FI",
    "reportedCurrency": "USD",
    "cik": "0000798354",
    "fillingDate": "2022-06-30",
    "acceptedDate": "2022-06-30 00:00:00",
    "calendarYear": "2022",
    "period": "Q2",
    "revenue": 4450000000,
    "costOfRevenue": 2044000000,
    "grossProfit": 2406000000,
    "grossProfitRatio": 0.5406741573,
    "researchAndDevelopmentExpenses": 0,
    "generalAndAdministrativeExpenses": 0,
    "sellingAndMarketingExpenses": 0,
    "sellingGeneralAndAdministrativeExpenses": 1546000000,
    "otherExpenses": 0,
    "operatingExpenses": 1546000000,
    "costAndExpenses": 3590000000,
    "interestIncome": 2000000,
    "interestExpense": 176000000,
    "depreciationAndAmortization": 809000000,
    "ebitda": 1603000000,
    "ebitdaratio": 0.3602247191,
    "operatingIncome": 860000000,
    "operatingIncomeRatio": 0.193258427,
    "totalOtherIncomeExpensesNet": -114000000,
    "incomeBeforeTax": 746000000,
    "incomeBeforeTaxRatio": 0.1676404494,
    "incomeTaxExpense": 137000000,
    "netIncome": 598000000,
    "netIncomeRatio": 0.1343820225,
    "eps": 0.93,
    "epsdiluted": 0.92,
    "weightedAverageShsOut": 643000000,
    "weightedAverageShsOutDil": 650800000,
    "link": null,
    "finalLink": null
  },
  {
    "date": "2022-03-31",
    "symbol": "FI",
    "reportedCurrency": "USD",
    "cik": "0000798354",
    "fillingDate": "2022-03-31",
    "acceptedDate": "2022-03-31 00:00:00",
    "calendarYear": "2022",
    "period": "Q1",
    "revenue": 4138000000,
    "costOfRevenue": 1972000000,
    "grossProfit": 2166000000,
    "grossProfitRatio": 0.523441276,
    "researchAndDevelopmentExpenses": 0,
    "generalAndAdministrativeExpenses": 0,
    "sellingAndMarketingExpenses": 0,
    "sellingGeneralAndAdministrativeExpenses": 1467000000,
    "otherExpenses": -147000000,
    "operatingExpenses": 1320000000,
    "costAndExpenses": 3292000000,
    "interestIncome": 3000000,
    "interestExpense": 171000000,
    "depreciationAndAmortization": 799000000,
    "ebitda": 1644000000,
    "ebitdaratio": 0.3972933784,
    "operatingIncome": 846000000,
    "operatingIncomeRatio": 0.2044465926,
    "totalOtherIncomeExpensesNet": -66000000,
    "incomeBeforeTax": 780000000,
    "incomeBeforeTaxRatio": 0.1884968584,
    "incomeTaxExpense": 98000000,
    "netIncome": 669000000,
    "netIncomeRatio": 0.1616723055,
    "eps": 1.03,
    "epsdiluted": 1.02,
    "weightedAverageShsOut": 647000000,
    "weightedAverageShsOutDil": 657200000,
    "link": null,
    "finalLink": null
  },
  {
    "date": "2021-12-31",
    "symbol": "FI",
    "reportedCurrency": "USD",
    "cik": "0000798354",
    "fillingDate": "2021-12-31",
    "acceptedDate": "2021-12-31 00:00:00",
    "calendarYear": "2021",
    "period": "Q4",
    "revenue": 4257000000,
    "costOfRevenue": 2203000000,
    "grossProfit": 2054000000,
    "grossProfitRatio": 0.4824994127,
    "researchAndDevelopmentExpenses": 0,
    "generalAndAdministrativeExpenses": 0,
    "sellingAndMarketingExpenses": 0,
    "sellingGeneralAndAdministrativeExpenses": 1521000000,
    "otherExpenses": 0,
    "operatingExpenses": 1521000000,
    "costAndExpenses": 3724000000,
    "interestIncome": 0,
    "interestExpense": 170000000,
    "depreciationAndAmortization": 781000000,
    "ebitda": 1349000000,
    "ebitdaratio": 0.3168898285,
    "operatingIncome": 533000000,
    "operatingIncomeRatio": 0.1252055438,
    "totalOtherIncomeExpensesNet": -115000000,
    "incomeBeforeTax": 418000000,
    "incomeBeforeTaxRatio": 0.0981912145,
    "incomeTaxExpense": 63000000,
    "netIncome": 333000000,
    "netIncomeRatio": 0.0782241015,
    "eps": 0.51,
    "epsdiluted": 0.5,
    "weightedAverageShsOut": 650000000,
    "weightedAverageShsOutDil": 663900000,
    "link": null,
    "finalLink": null
  },
  {
    "date": "2021-09-30",
    "symbol": "FI",
    "reportedCurrency": "USD",
    "cik": "0000798354",
    "fillingDate": "2021-09-30",
    "acceptedDate": "2021-09-30 00:00:00",
    "calendarYear": "2021",
    "period": "Q3",
    "revenue": 4163000000,
    "costOfRevenue": 2053000000,
    "grossProfit": 2110000000,
    "grossProfitRatio": 0.5068460245,
    "researchAndDevelopmentExpenses": 0,
    "generalAndAdministrativeExpenses": 0,
    "sellingAndMarketingExpenses": 0,
    "sellingGeneralAndAdministrativeExpenses": 1476000000,
    "otherExpenses": 0,
    "operatingExpenses": 1476000000,
    "costAndExpenses": 3527000000,
    "interestIncome": 1000000,
    "interestExpense": 173000000,
    "depreciationAndAmortization": 805000000,
    "ebitda": 1456000000,
    "ebitdaratio": 0.349747778,
    "operatingIncome": 636000000,
    "operatingIncomeRatio": 0.1527744415,
    "totalOtherIncomeExpensesNet": -136000000,
    "incomeBeforeTax": 500000000,
    "incomeBeforeTaxRatio": 0.120105693,
    "incomeTaxExpense": 54000000,
    "netIncome": 428000000,
    "netIncomeRatio": 0.1028104732,
    "eps": 0.65,
    "epsdiluted": 0.64,
    "weightedAverageShsOut": 661400000,
    "weightedAverageShsOutDil": 669700000,
    "link": null,
    "finalLink": null
  },
  {
    "date": "2021-06-30",
    "symbol": "FI",
    "reportedCurrency": "USD",
    "cik": "0000798354",
    "fillingDate": "2021-08-06",
    "acceptedDate": "2021-08-05 17:46:54",
    "calendarYear": "2021",
    "period": "Q2",
    "revenue": 4051000000,
    "costOfRevenue": 1967000000,
    "grossProfit": 2084000000,
    "grossProfitRatio": 0.5144408788,
    "researchAndDevelopmentExpenses": 0,
    "generalAndAdministrativeExpenses": 16427000,
    "sellingAndMarketingExpenses": 1423573000,
    "sellingGeneralAndAdministrativeExpenses": 1440000000,
    "otherExpenses": 0,
    "operatingExpenses": 1440000000,
    "costAndExpenses": 3407000000,
    "interestIncome": 1000000,
    "interestExpense": 176000000,
    "depreciationAndAmortization": 813000000,
    "ebitda": 1459000000,
    "ebitdaratio": 0.3601579857,
    "operatingIncome": 644000000,
    "operatingIncomeRatio": 0.1589730931,
    "totalOtherIncomeExpensesNet": -132000000,
    "incomeBeforeTax": 512000000,
    "incomeBeforeTaxRatio": 0.126388546,
    "incomeTaxExpense": 228000000,
    "netIncome": 269000000,
    "netIncomeRatio": 0.0664033572,
    "eps": 0.41,
    "epsdiluted": 0.4,
    "weightedAverageShsOut": 663700000,
    "weightedAverageShsOutDil": 672700000,
    "link": "https://www.sec.gov/Archives/edgar/data/1575828/000143774921018804/0001437749-21-018804-index.htm",
    "finalLink": "https://www.sec.gov/Archives/edgar/data/1575828/000143774921018804/fi20210630_10q.htm"
  },
  {
    "date": "2021-03-31",
    "symbol": "FI",
    "reportedCurrency": "USD",
    "cik": "0000798354",
    "fillingDate": "2021-05-04",
    "acceptedDate": "2021-05-04 16:07:12",
    "calendarYear": "2021",
    "period": "Q1",
    "revenue": 3755000000,
    "costOfRevenue": 1907000000,
    "grossProfit": 1848000000,
    "grossProfitRatio": 0.4921438083,
    "researchAndDevelopmentExpenses": 0,
    "generalAndAdministrativeExpenses": 16447000,
    "sellingAndMarketingExpenses": 1356553000,
    "sellingGeneralAndAdministrativeExpenses": 1373000000,
    "otherExpenses": 0,
    "operatingExpenses": 1373000000,
    "costAndExpenses": 3280000000,
    "interestIncome": 1000000,
    "interestExpense": 177000000,
    "depreciationAndAmortization": 797000000,
    "ebitda": 1294000000,
    "ebitdaratio": 0.3446071904,
    "operatingIncome": 475000000,
    "operatingIncomeRatio": 0.1264980027,
    "totalOtherIncomeExpensesNet": -139000000,
    "incomeBeforeTax": 336000000,
    "incomeBeforeTaxRatio": 0.0894806924,
    "incomeTaxExpense": 18000000,
    "netIncome": 304000000,
    "netIncomeRatio": 0.0809587217,
    "eps": 0.45,
    "epsdiluted": 0.45,
    "weightedAverageShsOut": 668600000,
    "weightedAverageShsOutDil": 679900000,
    "link": "https://www.sec.gov/Archives/edgar/data/1575828/000157582821000020/0001575828-21-000020-index.htm",
    "finalLink": "https://www.sec.gov/Archives/edgar/data/1575828/000157582821000020/fi-20210331.htm"
  },
  {
    "date": "2020-12-31",
    "symbol": "FI",
    "reportedCurrency": "USD",
    "cik": "0000798354",
    "fillingDate": "2021-03-01",
    "acceptedDate": "2021-03-01 12:52:25",
    "calendarYear": "2020",
    "period": "Q4",
    "revenue": 3832000000,
    "costOfRevenue": 1857000000,
    "grossProfit": 1975000000,
    "grossProfitRatio": 0.5153966597,
    "researchAndDevelopmentExpenses": 0,
    "generalAndAdministrativeExpenses": 14623000,
    "sellingAndMarketingExpenses": 1444377000,
    "sellingGeneralAndAdministrativeExpenses": 1459000000,
    "otherExpenses": 0,
    "operatingExpenses": 1459000000,
    "costAndExpenses": 3316000000,
    "interestIncome": 0,
    "interestExpense": 174000000,
    "depreciationAndAmortization": 774000000,
    "ebitda": 1284000000,
    "ebitdaratio": 0.3350730689,
    "operatingIncome": 516000000,
    "operatingIncomeRatio": 0.1346555324,
    "totalOtherIncomeExpensesNet": -183000000,
    "incomeBeforeTax": 333000000,
    "incomeBeforeTaxRatio": 0.0868997912,
    "incomeTaxExpense": 20000000,
    "netIncome": 300000000,
    "netIncomeRatio": 0.0782881002,
    "eps": 0.45,
    "epsdiluted": 0.44,
    "weightedAverageShsOut": 669100000,
    "weightedAverageShsOutDil": 681200000,
    "link": "https://www.sec.gov/Archives/edgar/data/1575828/000157582821000009/0001575828-21-000009-index.htm",
    "finalLink": "https://www.sec.gov/Archives/edgar/data/1575828/000157582821000009/fi-20201231.htm"
  },
  {
    "date": "2020-09-30",
    "symbol": "FI",
    "reportedCurrency": "USD",
    "cik": "0000798354",
    "fillingDate": "2020-11-03",
    "acceptedDate": "2020-11-03 16:34:02",
    "calendarYear": "2020",
    "period": "Q3",
    "revenue": 3786000000,
    "costOfRevenue": 1868000000,
    "grossProfit": 1918000000,
    "grossProfitRatio": 0.5066032752,
    "researchAndDevelopmentExpenses": 0,
    "generalAndAdministrativeExpenses": 0,
    "sellingAndMarketingExpenses": 0,
    "sellingGeneralAndAdministrativeExpenses": 1412000000,
    "otherExpenses": -36000000,
    "operatingExpenses": 1376000000,
    "costAndExpenses": 3244000000,
    "interestIncome": 2000000,
    "interestExpense": 176000000,
    "depreciationAndAmortization": 787000000,
    "ebitda": 1344000000,
    "ebitdaratio": 0.3549920761,
    "operatingIncome": 542000000,
    "operatingIncomeRatio": 0.1431590069,
    "totalOtherIncomeExpensesNet": -142000000,
    "incomeBeforeTax": 400000000,
    "incomeBeforeTaxRatio": 0.1056524036,
    "incomeTaxExpense": 124000000,
    "netIncome": 264000000,
    "netIncomeRatio": 0.0697305864,
    "eps": 0.39,
    "epsdiluted": 0.39,
    "weightedAverageShsOut": 669800000,
    "weightedAverageShsOutDil": 680300000,
    "link": "https://www.sec.gov/Archives/edgar/data/1575828/000157582820000034/0001575828-20-000034-index.htm",
    "finalLink": "https://www.sec.gov/Archives/edgar/data/1575828/000157582820000034/fi-20200930.htm"
  },
  {
    "date": "2020-06-30",
    "symbol": "FI",
    "reportedCurrency": "USD",
    "cik": "0000798354",
    "fillingDate": "2020-08-04",
    "acceptedDate": "2020-08-04 16:50:35",
    "calendarYear": "2020",
    "period": "Q2",
    "revenue": 3465000000,
    "costOfRevenue": 1920000000,
    "grossProfit": 1545000000,
    "grossProfitRatio": 0.4458874459,
    "researchAndDevelopmentExpenses": 0,
    "generalAndAdministrativeExpenses": 22286000,
    "sellingAndMarketingExpenses": 1354714000,
    "sellingGeneralAndAdministrativeExpenses": 1377000000,
    "otherExpenses": 3000000,
    "operatingExpenses": 1380000000,
    "costAndExpenses": 3300000000,
    "interestIncome": 2000000,
    "interestExpense": 176000000,
    "depreciationAndAmortization": 817000000,
    "ebitda": 985000000,
    "ebitdaratio": 0.2842712843,
    "operatingIncome": 165000000,
    "operatingIncomeRatio": 0.0476190476,
    "totalOtherIncomeExpensesNet": -183000000,
    "incomeBeforeTax": -18000000,
    "incomeBeforeTaxRatio": -0.0051948052,
    "incomeTaxExpense": -27000000,
    "netIncome": 2000000,
    "netIncomeRatio": 0.0005772006,
    "eps": 0.003,
    "epsdiluted": 0.0029,
    "weightedAverageShsOut": 670000000,
    "weightedAverageShsOutDil": 680800000,
    "link": "https://www.sec.gov/Archives/edgar/data/1575828/000157582820000023/0001575828-20-000023-index.htm",
    "finalLink": "https://www.sec.gov/Archives/edgar/data/1575828/000157582820000023/fi-20200630.htm"
  },
  {
    "date": "2020-03-31",
    "symbol": "FI",
    "reportedCurrency": "USD",
    "cik": "0000798354",
    "fillingDate": "2020-05-11",
    "acceptedDate": "2020-05-11 16:41:01",
    "calendarYear": "2020",
    "period": "Q1",
    "revenue": 3769000000,
    "costOfRevenue": 2167000000,
    "grossProfit": 1602000000,
    "grossProfitRatio": 0.4250464314,
    "researchAndDevelopmentExpenses": 0,
    "generalAndAdministrativeExpenses": 0,
    "sellingAndMarketingExpenses": 0,
    "sellingGeneralAndAdministrativeExpenses": 1404000000,
    "otherExpenses": -431000000,
    "operatingExpenses": 973000000,
    "costAndExpenses": 3140000000,
    "interestIncome": 2000000,
    "interestExpense": 189000000,
    "depreciationAndAmortization": 832000000,
    "ebitda": 1483000000,
    "ebitdaratio": 0.3934730698,
    "operatingIncome": 629000000,
    "operatingIncomeRatio": 0.1668877686,
    "totalOtherIncomeExpensesNet": -173000000,
    "incomeBeforeTax": 456000000,
    "incomeBeforeTaxRatio": 0.1209869992,
    "incomeTaxExpense": 79000000,
    "netIncome": 392000000,
    "netIncomeRatio": 0.1040063677,
    "eps": 0.58,
    "epsdiluted": 0.57,
    "weightedAverageShsOut": 678100000,
    "weightedAverageShsOutDil": 691200000,
    "link": "https://www.sec.gov/Archives/edgar/data/1575828/000157582820000015/0001575828-20-000015-index.htm",
    "finalLink": "https://www.sec.gov/Archives/edgar/data/1575828/000157582820000015/a3312020-documentfy20q.htm"
  },
  {
    "date": "2019-12-31",
    "symbol": "FI",
    "reportedCurrency": "USD",
    "cik": "0000798354",
    "fillingDate": "2020-02-25",
    "acceptedDate": "2020-02-25 16:12:04",
    "calendarYear": "2019",
    "period": "Q4",
    "revenue": 4045000000,
    "costOfRevenue": 2109000000,
    "grossProfit": 1936000000,
    "grossProfitRatio": 0.4786155748,
    "researchAndDevelopmentExpenses": 0,
    "generalAndAdministrativeExpenses": 24086000,
    "sellingAndMarketingExpenses": 1438914000,
    "sellingGeneralAndAdministrativeExpenses": 1463000000,
    "otherExpenses": -5000000,
    "operatingExpenses": 1458000000,
    "costAndExpenses": 3567000000,
    "interestIncome": 0,
    "interestExpense": 194000000,
    "depreciationAndAmortization": 789000000,
    "ebitda": 1261000000,
    "ebitdaratio": 0.3117428925,
    "operatingIncome": 478000000,
    "operatingIncomeRatio": 0.118170581,
    "totalOtherIncomeExpensesNet": -183000000,
    "incomeBeforeTax": 295000000,
    "incomeBeforeTaxRatio": 0.0729295426,
    "incomeTaxExpense": 54000000,
    "netIncome": 247000000,
    "netIncomeRatio": 0.0610630408,
    "eps": 0.36,
    "epsdiluted": 0.36,
    "weightedAverageShsOut": 679900000,
    "weightedAverageShsOutDil": 694700000,
    "link": "https://www.sec.gov/Archives/edgar/data/1575828/000157582820000007/0001575828-20-000007-index.html",
    "finalLink": "https://www.sec.gov/Archives/edgar/data/1575828/000157582820000007/a12312019-documentfy19.htm"
  },
  {
    "date": "2019-09-30",
    "symbol": "FI",
    "reportedCurrency": "USD",
    "cik": "0000798354",
    "fillingDate": "2019-11-05",
    "acceptedDate": "2019-11-05 16:40:49",
    "calendarYear": "2019",
    "period": "Q3",
    "revenue": 3128000000,
    "costOfRevenue": 1617000000,
    "grossProfit": 1511000000,
    "grossProfitRatio": 0.483056266,
    "researchAndDevelopmentExpenses": 0,
    "generalAndAdministrativeExpenses": 0,
    "sellingAndMarketingExpenses": 0,
    "sellingGeneralAndAdministrativeExpenses": 1137000000,
    "otherExpenses": 0,
    "operatingExpenses": 1137000000,
    "costAndExpenses": 2754000000,
    "interestIncome": 0,
    "interestExpense": 164000000,
    "depreciationAndAmortization": 571000000,
    "ebitda": 991000000,
    "ebitdaratio": 0.3168158568,
    "operatingIncome": 374000000,
    "operatingIncomeRatio": 0.1195652174,
    "totalOtherIncomeExpensesNet": -96000000,
    "incomeBeforeTax": 278000000,
    "incomeBeforeTaxRatio": 0.0888746803,
    "incomeTaxExpense": 53000000,
    "netIncome": 198000000,
    "netIncomeRatio": 0.0632992327,
    "eps": 0.34,
    "epsdiluted": 0.33,
    "weightedAverageShsOut": 584800000,
    "weightedAverageShsOutDil": 596900000,
    "link": "https://www.sec.gov/Archives/edgar/data/1575828/000157582819000030/0001575828-19-000030-index.html",
    "finalLink": "https://www.sec.gov/Archives/edgar/data/1575828/000157582819000030/a9302019-documentfy19q3.htm"
  },
  {
    "date": "2019-06-30",
    "symbol": "FI",
    "reportedCurrency": "USD",
    "cik": "0000798354",
    "fillingDate": "2019-08-06",
    "acceptedDate": "2019-08-06 16:18:10",
    "calendarYear": "2019",
    "period": "Q2",
    "revenue": 1512000000,
    "costOfRevenue": 785000000,
    "grossProfit": 727000000,
    "grossProfitRatio": 0.4808201058,
    "researchAndDevelopmentExpenses": 0,
    "generalAndAdministrativeExpenses": 34026000,
    "sellingAndMarketingExpenses": 308974000,
    "sellingGeneralAndAdministrativeExpenses": 343000000,
    "otherExpenses": 0,
    "operatingExpenses": 343000000,
    "costAndExpenses": 1128000000,
    "interestIncome": 0,
    "interestExpense": 58000000,
    "depreciationAndAmortization": 146000000,
    "ebitda": 495000000,
    "ebitdaratio": 0.3273809524,
    "operatingIncome": 384000000,
    "operatingIncomeRatio": 0.253968254,
    "totalOtherIncomeExpensesNet": -101000000,
    "incomeBeforeTax": 283000000,
    "incomeBeforeTaxRatio": 0.1871693122,
    "incomeTaxExpense": 60000000,
    "netIncome": 223000000,
    "netIncomeRatio": 0.1474867725,
    "eps": 0.57,
    "epsdiluted": 0.56,
    "weightedAverageShsOut": 392500000,
    "weightedAverageShsOutDil": 399600000,
    "link": "https://www.sec.gov/Archives/edgar/data/1575828/000157582819000024/0001575828-19-000024-index.html",
    "finalLink": "https://www.sec.gov/Archives/edgar/data/1575828/000157582819000024/a6302019-documentfy19q2.htm"
  },
  {
    "date": "2019-03-31",
    "symbol": "FI",
    "reportedCurrency": "USD",
    "cik": "0000798354",
    "fillingDate": "2019-05-07",
    "acceptedDate": "2019-05-07 16:29:27",
    "calendarYear": "2019",
    "period": "Q1",
    "revenue": 1502000000,
    "costOfRevenue": 798000000,
    "grossProfit": 704000000,
    "grossProfitRatio": 0.4687083888,
    "researchAndDevelopmentExpenses": 0,
    "generalAndAdministrativeExpenses": 0,
    "sellingAndMarketingExpenses": 0,
    "sellingGeneralAndAdministrativeExpenses": 341000000,
    "otherExpenses": -10000000,
    "operatingExpenses": 331000000,
    "costAndExpenses": 1129000000,
    "interestIncome": 0,
    "interestExpense": 57000000,
    "depreciationAndAmortization": 145000000,
    "ebitda": 460000000,
    "ebitdaratio": 0.3062583222,
    "operatingIncome": 373000000,
    "operatingIncomeRatio": 0.2483355526,
    "totalOtherIncomeExpensesNet": -117000000,
    "incomeBeforeTax": 256000000,
    "incomeBeforeTaxRatio": 0.1704394141,
    "incomeTaxExpense": 31000000,
    "netIncome": 225000000,
    "netIncomeRatio": 0.1498002663,
    "eps": 0.58,
    "epsdiluted": 0.56,
    "weightedAverageShsOut": 391700000,
    "weightedAverageShsOutDil": 399100000,
    "link": "https://www.sec.gov/Archives/edgar/data/1575828/000157582819000017/0001575828-19-000017-index.html",
    "finalLink": "https://www.sec.gov/Archives/edgar/data/1575828/000157582819000017/a3312019-documentfy19q1.htm"
  },
  {
    "date": "2018-12-31",
    "symbol": "FI",
    "reportedCurrency": "USD",
    "cik": "0000798354",
    "fillingDate": "2019-02-25",
    "acceptedDate": "2019-02-25 17:19:53",
    "calendarYear": "2018",
    "period": "Q4",
    "revenue": 1551000000,
    "costOfRevenue": 822000000,
    "grossProfit": 729000000,
    "grossProfitRatio": 0.4700193424,
    "researchAndDevelopmentExpenses": 0,
    "generalAndAdministrativeExpenses": 38976000,
    "sellingAndMarketingExpenses": 259024000,
    "sellingGeneralAndAdministrativeExpenses": 298000000,
    "otherExpenses": 0,
    "operatingExpenses": 298000000,
    "costAndExpenses": 1120000000,
    "interestIncome": 0,
    "interestExpense": 56000000,
    "depreciationAndAmortization": 150000000,
    "ebitda": 578000000,
    "ebitdaratio": 0.3726627982,
    "operatingIncome": 431000000,
    "operatingIncomeRatio": 0.2778852353,
    "totalOtherIncomeExpensesNet": -57000000,
    "incomeBeforeTax": 374000000,
    "incomeBeforeTaxRatio": 0.2411347518,
    "incomeTaxExpense": 88000000,
    "netIncome": 286000000,
    "netIncomeRatio": 0.1843971631,
    "eps": 0.73,
    "epsdiluted": 0.71,
    "weightedAverageShsOut": 392500000,
    "weightedAverageShsOutDil": 404700000,
    "link": "https://www.sec.gov/Archives/edgar/data/1575828/000157582819000007/0001575828-19-000007-index.html",
    "finalLink": "https://www.sec.gov/Archives/edgar/data/1575828/000157582819000007/a12312018-documentfy1810xk.htm"
  },
  {
    "date": "2018-09-30",
    "symbol": "FI",
    "reportedCurrency": "USD",
    "cik": "0000798354",
    "fillingDate": "2018-11-06",
    "acceptedDate": "2018-11-06 16:30:53",
    "calendarYear": "2018",
    "period": "Q3",
    "revenue": 1412000000,
    "costOfRevenue": 749000000,
    "grossProfit": 663000000,
    "grossProfitRatio": 0.4695467422,
    "researchAndDevelopmentExpenses": 0,
    "generalAndAdministrativeExpenses": 37526000,
    "sellingAndMarketingExpenses": 267474000,
    "sellingGeneralAndAdministrativeExpenses": 305000000,
    "otherExpenses": 2000000,
    "operatingExpenses": 307000000,
    "costAndExpenses": 1056000000,
    "interestIncome": 0,
    "interestExpense": 45000000,
    "depreciationAndAmortization": 134000000,
    "ebitda": 483000000,
    "ebitdaratio": 0.3420679887,
    "operatingIncome": 356000000,
    "operatingIncomeRatio": 0.2521246459,
    "totalOtherIncomeExpensesNet": -51000000,
    "incomeBeforeTax": 305000000,
    "incomeBeforeTaxRatio": 0.2160056657,
    "incomeTaxExpense": 78000000,
    "netIncome": 227000000,
    "netIncomeRatio": 0.1607648725,
    "eps": 0.57,
    "epsdiluted": 0.55,
    "weightedAverageShsOut": 401000000,
    "weightedAverageShsOutDil": 412000000,
    "link": "https://www.sec.gov/Archives/edgar/data/1575828/000157582818000026/0001575828-18-000026-index.html",
    "finalLink": "https://www.sec.gov/Archives/edgar/data/1575828/000157582818000026/a09302018-documentfy18q3.htm"
  },
  {
    "date": "2018-06-30",
    "symbol": "FI",
    "reportedCurrency": "USD",
    "cik": "0000798354",
    "fillingDate": "2018-08-08",
    "acceptedDate": "2018-08-08 16:09:20",
    "calendarYear": "2018",
    "period": "Q2",
    "revenue": 1420000000,
    "costOfRevenue": 739000000,
    "grossProfit": 681000000,
    "grossProfitRatio": 0.4795774648,
    "researchAndDevelopmentExpenses": 0,
    "generalAndAdministrativeExpenses": 40400000,
    "sellingAndMarketingExpenses": 279600000,
    "sellingGeneralAndAdministrativeExpenses": 320000000,
    "otherExpenses": 3000000,
    "operatingExpenses": 323000000,
    "costAndExpenses": 1062000000,
    "interestIncome": 0,
    "interestExpense": 45000000,
    "depreciationAndAmortization": 131000000,
    "ebitda": 492000000,
    "ebitdaratio": 0.3464788732,
    "operatingIncome": 358000000,
    "operatingIncomeRatio": 0.2521126761,
    "totalOtherIncomeExpensesNet": -35000000,
    "incomeBeforeTax": 323000000,
    "incomeBeforeTaxRatio": 0.2274647887,
    "incomeTaxExpense": 72000000,
    "netIncome": 251000000,
    "netIncomeRatio": 0.1767605634,
    "eps": 0.62,
    "epsdiluted": 0.6,
    "weightedAverageShsOut": 406100000,
    "weightedAverageShsOutDil": 416400000,
    "link": "https://www.sec.gov/Archives/edgar/data/1575828/000157582818000019/0001575828-18-000019-index.html",
    "finalLink": "https://www.sec.gov/Archives/edgar/data/1575828/000157582818000019/a06302018-documentfy18q2.htm"
  },
  {
    "date": "2018-03-31",
    "symbol": "FI",
    "reportedCurrency": "USD",
    "cik": "0000798354",
    "fillingDate": "2018-05-08",
    "acceptedDate": "2018-05-08 16:57:27",
    "calendarYear": "2018",
    "period": "Q1",
    "revenue": 1440000000,
    "costOfRevenue": 759000000,
    "grossProfit": 681000000,
    "grossProfitRatio": 0.4729166667,
    "researchAndDevelopmentExpenses": 0,
    "generalAndAdministrativeExpenses": 38700000,
    "sellingAndMarketingExpenses": 266300000,
    "sellingGeneralAndAdministrativeExpenses": 305000000,
    "otherExpenses": -232000000,
    "operatingExpenses": 73000000,
    "costAndExpenses": 832000000,
    "interestIncome": 0,
    "interestExpense": 45000000,
    "depreciationAndAmortization": 133000000,
    "ebitda": 741000000,
    "ebitdaratio": 0.5145833333,
    "operatingIncome": 608000000,
    "operatingIncomeRatio": 0.4222222222,
    "totalOtherIncomeExpensesNet": -45000000,
    "incomeBeforeTax": 563000000,
    "incomeBeforeTaxRatio": 0.3909722222,
    "incomeTaxExpense": 140000000,
    "netIncome": 423000000,
    "netIncomeRatio": 0.29375,
    "eps": 1.03,
    "epsdiluted": 1,
    "weightedAverageShsOut": 411000000,
    "weightedAverageShsOutDil": 421600000,
    "link": "https://www.sec.gov/Archives/edgar/data/1575828/000157582818000014/0001575828-18-000014-index.html",
    "finalLink": "https://www.sec.gov/Archives/edgar/data/1575828/000157582818000014/a03312018-documentfy18q1.htm"
  },
  {
    "date": "2017-12-31",
    "symbol": "FI",
    "reportedCurrency": "USD",
    "cik": "0000798354",
    "fillingDate": "2018-02-27",
    "acceptedDate": "2018-02-27 16:54:32",
    "calendarYear": "2017",
    "period": "Q4",
    "revenue": 1516000000,
    "costOfRevenue": 778000000,
    "grossProfit": 738000000,
    "grossProfitRatio": 0.4868073879,
    "researchAndDevelopmentExpenses": 0,
    "generalAndAdministrativeExpenses": 38600000,
    "sellingAndMarketingExpenses": 274400000,
    "sellingGeneralAndAdministrativeExpenses": 313000000,
    "otherExpenses": 0,
    "operatingExpenses": 313000000,
    "costAndExpenses": 1091000000,
    "interestIncome": 0,
    "interestExpense": 45000000,
    "depreciationAndAmortization": 111000000,
    "ebitda": 536000000,
    "ebitdaratio": 0.3535620053,
    "operatingIncome": 425000000,
    "operatingIncomeRatio": 0.2803430079,
    "totalOtherIncomeExpensesNet": -44000000,
    "incomeBeforeTax": 380000000,
    "incomeBeforeTaxRatio": 0.2506596306,
    "incomeTaxExpense": -151000000,
    "netIncome": 546000000,
    "netIncomeRatio": 0.3601583113,
    "eps": 1.32,
    "epsdiluted": 1.29,
    "weightedAverageShsOut": 415200000,
    "weightedAverageShsOutDil": 425000000,
    "link": "https://www.sec.gov/Archives/edgar/data/1575828/000157582818000007/0001575828-18-000007-index.html",
    "finalLink": "https://www.sec.gov/Archives/edgar/data/1575828/000157582818000007/a12312017-documentfy1710xk.htm"
  },
  {
    "date": "2017-09-30",
    "symbol": "FI",
    "reportedCurrency": "USD",
    "cik": "0000798354",
    "fillingDate": "2017-11-02",
    "acceptedDate": "2017-11-02 16:26:23",
    "calendarYear": "2017",
    "period": "Q3",
    "revenue": 1400000000,
    "costOfRevenue": 746000000,
    "grossProfit": 654000000,
    "grossProfitRatio": 0.4671428571,
    "researchAndDevelopmentExpenses": 0,
    "generalAndAdministrativeExpenses": 40000000,
    "sellingAndMarketingExpenses": 244000000,
    "sellingGeneralAndAdministrativeExpenses": 284000000,
    "otherExpenses": 0,
    "operatingExpenses": 284000000,
    "costAndExpenses": 1030000000,
    "interestIncome": 0,
    "interestExpense": 45000000,
    "depreciationAndAmortization": 111000000,
    "ebitda": 481000000,
    "ebitdaratio": 0.3435714286,
    "operatingIncome": 370000000,
    "operatingIncomeRatio": 0.2642857143,
    "totalOtherIncomeExpensesNet": -40000000,
    "incomeBeforeTax": 330000000,
    "incomeBeforeTaxRatio": 0.2357142857,
    "incomeTaxExpense": 98000000,
    "netIncome": 232000000,
    "netIncomeRatio": 0.1657142857,
    "eps": 0.56,
    "epsdiluted": 0.54,
    "weightedAverageShsOut": 417600000,
    "weightedAverageShsOutDil": 429000000,
    "link": "https://www.sec.gov/Archives/edgar/data/1575828/000157582817000030/0001575828-17-000030-index.html",
    "finalLink": "https://www.sec.gov/Archives/edgar/data/1575828/000157582817000030/a09302017-documentfy17q3.htm"
  },
  {
    "date": "2017-06-30",
    "symbol": "FI",
    "reportedCurrency": "USD",
    "cik": "0000798354",
    "fillingDate": "2017-08-07",
    "acceptedDate": "2017-08-07 16:38:25",
    "calendarYear": "2017",
    "period": "Q2",
    "revenue": 1386000000,
    "costOfRevenue": 748000000,
    "grossProfit": 638000000,
    "grossProfitRatio": 0.4603174603,
    "researchAndDevelopmentExpenses": 0,
    "generalAndAdministrativeExpenses": 42400000,
    "sellingAndMarketingExpenses": 233600000,
    "sellingGeneralAndAdministrativeExpenses": 276000000,
    "otherExpenses": -10000000,
    "operatingExpenses": 266000000,
    "costAndExpenses": 1014000000,
    "interestIncome": 2000000,
    "interestExpense": 44000000,
    "depreciationAndAmortization": 111000000,
    "ebitda": 485000000,
    "ebitdaratio": 0.3499278499,
    "operatingIncome": 372000000,
    "operatingIncomeRatio": 0.2683982684,
    "totalOtherIncomeExpensesNet": -42000000,
    "incomeBeforeTax": 330000000,
    "incomeBeforeTaxRatio": 0.2380952381,
    "incomeTaxExpense": 109000000,
    "netIncome": 221000000,
    "netIncomeRatio": 0.1594516595,
    "eps": 0.52,
    "epsdiluted": 0.51,
    "weightedAverageShsOut": 421600000,
    "weightedAverageShsOutDil": 432600000,
    "link": "https://www.sec.gov/Archives/edgar/data/1575828/000157582817000023/0001575828-17-000023-index.html",
    "finalLink": "https://www.sec.gov/Archives/edgar/data/1575828/000157582817000023/a06302017-documentfy17q2.htm"
  },
  {
    "date": "2017-03-31",
    "symbol": "FI",
    "reportedCurrency": "USD",
    "cik": "0000798354",
    "fillingDate": "2017-05-02",
    "acceptedDate": "2017-05-02 16:20:07",
    "calendarYear": "2017",
    "period": "Q1",
    "revenue": 1394000000,
    "costOfRevenue": 752000000,
    "grossProfit": 642000000,
    "grossProfitRatio": 0.4605451937,
    "researchAndDevelopmentExpenses": 0,
    "generalAndAdministrativeExpenses": 42700000,
    "sellingAndMarketingExpenses": 234300000,
    "sellingGeneralAndAdministrativeExpenses": 277000000,
    "otherExpenses": 0,
    "operatingExpenses": 277000000,
    "costAndExpenses": 1029000000,
    "interestIncome": 0,
    "interestExpense": 42000000,
    "depreciationAndAmortization": 108000000,
    "ebitda": 473000000,
    "ebitdaratio": 0.3393113343,
    "operatingIncome": 365000000,
    "operatingIncomeRatio": 0.2618364419,
    "totalOtherIncomeExpensesNet": -16000000,
    "incomeBeforeTax": 349000000,
    "incomeBeforeTaxRatio": 0.2503586801,
    "incomeTaxExpense": 102000000,
    "netIncome": 247000000,
    "netIncomeRatio": 0.1771879484,
    "eps": 0.58,
    "epsdiluted": 0.56,
    "weightedAverageShsOut": 425800000,
    "weightedAverageShsOutDil": 438400000,
    "link": "https://www.sec.gov/Archives/edgar/data/1575828/000157582817000015/0001575828-17-000015-index.html",
    "finalLink": "https://www.sec.gov/Archives/edgar/data/1575828/000157582817000015/a03312017-documentfy17q1.htm"
  },
  {
    "date": "2016-12-31",
    "symbol": "FI",
    "reportedCurrency": "USD",
    "cik": "0000798354",
    "fillingDate": "2017-02-24",
    "acceptedDate": "2017-02-24 16:02:08",
    "calendarYear": "2016",
    "period": "Q4",
    "revenue": 1431000000,
    "costOfRevenue": 761000000,
    "grossProfit": 670000000,
    "grossProfitRatio": 0.4682040531,
    "researchAndDevelopmentExpenses": 0,
    "generalAndAdministrativeExpenses": 46800000,
    "sellingAndMarketingExpenses": 248200000,
    "sellingGeneralAndAdministrativeExpenses": 295000000,
    "otherExpenses": 0,
    "operatingExpenses": 295000000,
    "costAndExpenses": 1056000000,
    "interestIncome": 0,
    "interestExpense": 42000000,
    "depreciationAndAmortization": 105000000,
    "ebitda": 480000000,
    "ebitdaratio": 0.3354297694,
    "operatingIncome": 375000000,
    "operatingIncomeRatio": 0.2620545073,
    "totalOtherIncomeExpensesNet": -42000000,
    "incomeBeforeTax": 333000000,
    "incomeBeforeTaxRatio": 0.2327044025,
    "incomeTaxExpense": 119000000,
    "netIncome": 215000000,
    "netIncomeRatio": 0.1502445842,
    "eps": 0.5,
    "epsdiluted": 0.49,
    "weightedAverageShsOut": 431000000,
    "weightedAverageShsOutDil": 439800000,
    "link": "https://www.sec.gov/Archives/edgar/data/1575828/000157582817000007/0001575828-17-000007-index.htm",
    "finalLink": "https://www.sec.gov/Archives/edgar/data/1575828/000157582817000007/a12312016-documentfy1610xk.htm"
  },
  {
    "date": "2016-09-30",
    "symbol": "FI",
    "reportedCurrency": "USD",
    "cik": "0000798354",
    "fillingDate": "2016-11-03",
    "acceptedDate": "2016-11-03 17:24:42",
    "calendarYear": "2016",
    "period": "Q3",
    "revenue": 1380000000,
    "costOfRevenue": 737000000,
    "grossProfit": 643000000,
    "grossProfitRatio": 0.465942029,
    "researchAndDevelopmentExpenses": 0,
    "generalAndAdministrativeExpenses": 52800000,
    "sellingAndMarketingExpenses": 221200000,
    "sellingGeneralAndAdministrativeExpenses": 274000000,
    "otherExpenses": 0,
    "operatingExpenses": 274000000,
    "costAndExpenses": 1011000000,
    "interestIncome": 0,
    "interestExpense": 41000000,
    "depreciationAndAmortization": 104000000,
    "ebitda": 473000000,
    "ebitdaratio": 0.3427536232,
    "operatingIncome": 369000000,
    "operatingIncomeRatio": 0.2673913043,
    "totalOtherIncomeExpensesNet": -41000000,
    "incomeBeforeTax": 328000000,
    "incomeBeforeTaxRatio": 0.2376811594,
    "incomeTaxExpense": 114000000,
    "netIncome": 214000000,
    "netIncomeRatio": 0.1550724638,
    "eps": 0.49,
    "epsdiluted": 0.48,
    "weightedAverageShsOut": 438400000,
    "weightedAverageShsOutDil": 445400000,
    "link": "https://www.sec.gov/Archives/edgar/data/1575828/000157582816000064/0001575828-16-000064-index.html",
    "finalLink": "https://www.sec.gov/Archives/edgar/data/1575828/000157582816000064/a09302016-documentfy16q3.htm"
  },
  {
    "date": "2016-06-30",
    "symbol": "FI",
    "reportedCurrency": "USD",
    "cik": "0000798354",
    "fillingDate": "2016-07-28",
    "acceptedDate": "2016-07-28 16:56:16",
    "calendarYear": "2016",
    "period": "Q2",
    "revenue": 1363000000,
    "costOfRevenue": 727000000,
    "grossProfit": 636000000,
    "grossProfitRatio": 0.466617755,
    "researchAndDevelopmentExpenses": 0,
    "generalAndAdministrativeExpenses": 70300000,
    "sellingAndMarketingExpenses": 203700000,
    "sellingGeneralAndAdministrativeExpenses": 274000000,
    "otherExpenses": 0,
    "operatingExpenses": 274000000,
    "costAndExpenses": 1001000000,
    "interestIncome": 0,
    "interestExpense": 40000000,
    "depreciationAndAmortization": 102000000,
    "ebitda": 464000000,
    "ebitdaratio": 0.3404255319,
    "operatingIncome": 362000000,
    "operatingIncomeRatio": 0.265590609,
    "totalOtherIncomeExpensesNet": -40000000,
    "incomeBeforeTax": 322000000,
    "incomeBeforeTaxRatio": 0.2362435803,
    "incomeTaxExpense": 110000000,
    "netIncome": 212000000,
    "netIncomeRatio": 0.1555392517,
    "eps": 0.48,
    "epsdiluted": 0.47,
    "weightedAverageShsOut": 441200000,
    "weightedAverageShsOutDil": 451200000,
    "link": "https://www.sec.gov/Archives/edgar/data/1575828/000157582816000059/0001575828-16-000059-index.html",
    "finalLink": "https://www.sec.gov/Archives/edgar/data/1575828/000157582816000059/fi_06302016-documentfy16q2.htm"
  },
  {
    "date": "2016-03-31",
    "symbol": "FI",
    "reportedCurrency": "USD",
    "cik": "0000798354",
    "fillingDate": "2016-04-29",
    "acceptedDate": "2016-04-29 11:43:57",
    "calendarYear": "2016",
    "period": "Q1",
    "revenue": 1331000000,
    "costOfRevenue": 734000000,
    "grossProfit": 597000000,
    "grossProfitRatio": 0.4485349361,
    "researchAndDevelopmentExpenses": 0,
    "generalAndAdministrativeExpenses": 59000000,
    "sellingAndMarketingExpenses": 199000000,
    "sellingGeneralAndAdministrativeExpenses": 258000000,
    "otherExpenses": 0,
    "operatingExpenses": 258000000,
    "costAndExpenses": 992000000,
    "interestIncome": 0,
    "interestExpense": 47000000,
    "depreciationAndAmortization": 100000000,
    "ebitda": 439000000,
    "ebitdaratio": 0.3298271976,
    "operatingIncome": 339000000,
    "operatingIncomeRatio": 0.2546957175,
    "totalOtherIncomeExpensesNet": 99000000,
    "incomeBeforeTax": 292000000,
    "incomeBeforeTaxRatio": 0.2193839219,
    "incomeTaxExpense": 149000000,
    "netIncome": 289000000,
    "netIncomeRatio": 0.2171299775,
    "eps": 0.65,
    "epsdiluted": 0.64,
    "weightedAverageShsOut": 446000000,
    "weightedAverageShsOutDil": 454600000,
    "link": "https://www.sec.gov/Archives/edgar/data/1575828/000157582816000051/0001575828-16-000051-index.html",
    "finalLink": "https://www.sec.gov/Archives/edgar/data/1575828/000157582816000051/a03312016-documentfy16q1.htm"
  },
  {
    "date": "2015-12-31",
    "symbol": "FI",
    "reportedCurrency": "USD",
    "cik": "0000798354",
    "fillingDate": "2016-02-29",
    "acceptedDate": "2016-02-29 17:45:44",
    "calendarYear": "2015",
    "period": "Q4",
    "revenue": 1368000000,
    "costOfRevenue": 763000000,
    "grossProfit": 605000000,
    "grossProfitRatio": 0.442251462,
    "researchAndDevelopmentExpenses": 0,
    "generalAndAdministrativeExpenses": 60200000,
    "sellingAndMarketingExpenses": 215800000,
    "sellingGeneralAndAdministrativeExpenses": 276000000,
    "otherExpenses": 0,
    "operatingExpenses": 276000000,
    "costAndExpenses": 1039000000,
    "interestIncome": 0,
    "interestExpense": 38000000,
    "depreciationAndAmortization": 105000000,
    "ebitda": 433000000,
    "ebitdaratio": 0.3165204678,
    "operatingIncome": 329000000,
    "operatingIncomeRatio": 0.240497076,
    "totalOtherIncomeExpensesNet": -42000000,
    "incomeBeforeTax": 290000000,
    "incomeBeforeTaxRatio": 0.2119883041,
    "incomeTaxExpense": 98000000,
    "netIncome": 189000000,
    "netIncomeRatio": 0.1381578947,
    "eps": 0.42,
    "epsdiluted": 0.41,
    "weightedAverageShsOut": 450600000,
    "weightedAverageShsOutDil": 463200000,
    "link": "https://www.sec.gov/Archives/edgar/data/1575828/000157582816000041/0001575828-16-000041-index.html",
    "finalLink": "https://www.sec.gov/Archives/edgar/data/1575828/000157582816000041/a12312015-documentfy1510xk.htm"
  },
  {
    "date": "2015-09-30",
    "symbol": "FI",
    "reportedCurrency": "USD",
    "cik": "0000798354",
    "fillingDate": "2015-11-04",
    "acceptedDate": "2015-11-04 16:19:21",
    "calendarYear": "2015",
    "period": "Q3",
    "revenue": 1313000000,
    "costOfRevenue": 713000000,
    "grossProfit": 600000000,
    "grossProfitRatio": 0.4569687738,
    "researchAndDevelopmentExpenses": 0,
    "generalAndAdministrativeExpenses": 66900000,
    "sellingAndMarketingExpenses": 191100000,
    "sellingGeneralAndAdministrativeExpenses": 258000000,
    "otherExpenses": 0,
    "operatingExpenses": 258000000,
    "costAndExpenses": 971000000,
    "interestIncome": 0,
    "interestExpense": 41000000,
    "depreciationAndAmortization": 106000000,
    "ebitda": 448000000,
    "ebitdaratio": 0.3412033511,
    "operatingIncome": 342000000,
    "operatingIncomeRatio": 0.2604722011,
    "totalOtherIncomeExpensesNet": -7000000,
    "incomeBeforeTax": 301000000,
    "incomeBeforeTaxRatio": 0.2292460015,
    "incomeTaxExpense": 117000000,
    "netIncome": 218000000,
    "netIncomeRatio": 0.1660319878,
    "eps": 0.47,
    "epsdiluted": 0.46,
    "weightedAverageShsOut": 459000000,
    "weightedAverageShsOutDil": 474000000,
    "link": "https://www.sec.gov/Archives/edgar/data/1575828/000157582815000034/0001575828-15-000034-index.html",
    "finalLink": "https://www.sec.gov/Archives/edgar/data/1575828/000157582815000034/a09302015-documentfy15q3.htm"
  },
  {
    "date": "2015-06-30",
    "symbol": "FI",
    "reportedCurrency": "USD",
    "cik": "0000798354",
    "fillingDate": "2015-08-05",
    "acceptedDate": "2015-08-05 16:26:24",
    "calendarYear": "2015",
    "period": "Q2",
    "revenue": 1298000000,
    "costOfRevenue": 710000000,
    "grossProfit": 588000000,
    "grossProfitRatio": 0.4530046225,
    "researchAndDevelopmentExpenses": 0,
    "generalAndAdministrativeExpenses": 73800000,
    "sellingAndMarketingExpenses": 188200000,
    "sellingGeneralAndAdministrativeExpenses": 262000000,
    "otherExpenses": 0,
    "operatingExpenses": 262000000,
    "costAndExpenses": 972000000,
    "interestIncome": 0,
    "interestExpense": 49000000,
    "depreciationAndAmortization": 104000000,
    "ebitda": 345000000,
    "ebitdaratio": 0.2657935285,
    "operatingIncome": 326000000,
    "operatingIncomeRatio": 0.251155624,
    "totalOtherIncomeExpensesNet": -133000000,
    "incomeBeforeTax": 192000000,
    "incomeBeforeTaxRatio": 0.1479198767,
    "incomeTaxExpense": 66000000,
    "netIncome": 127000000,
    "netIncomeRatio": 0.0978428351,
    "eps": 0.27,
    "epsdiluted": 0.27,
    "weightedAverageShsOut": 470400000,
    "weightedAverageShsOutDil": 480800000,
    "link": "https://www.sec.gov/Archives/edgar/data/1575828/000157582815000028/0001575828-15-000028-index.html",
    "finalLink": "https://www.sec.gov/Archives/edgar/data/1575828/000157582815000028/a06302015-documentfy15q2.htm"
  },
  {
    "date": "2015-03-31",
    "symbol": "FI",
    "reportedCurrency": "USD",
    "cik": "0000798354",
    "fillingDate": "2015-05-01",
    "acceptedDate": "2015-05-01 13:08:55",
    "calendarYear": "2015",
    "period": "Q1",
    "revenue": 1275000000,
    "costOfRevenue": 723000000,
    "grossProfit": 552000000,
    "grossProfitRatio": 0.4329411765,
    "researchAndDevelopmentExpenses": 0,
    "generalAndAdministrativeExpenses": 69800000,
    "sellingAndMarketingExpenses": 168200000,
    "sellingGeneralAndAdministrativeExpenses": 238000000,
    "otherExpenses": 0,
    "operatingExpenses": 238000000,
    "costAndExpenses": 961000000,
    "interestIncome": 1000000,
    "interestExpense": 41000000,
    "depreciationAndAmortization": 102000000,
    "ebitda": 417000000,
    "ebitdaratio": 0.3270588235,
    "operatingIncome": 314000000,
    "operatingIncomeRatio": 0.2462745098,
    "totalOtherIncomeExpensesNet": -40000000,
    "incomeBeforeTax": 274000000,
    "incomeBeforeTaxRatio": 0.2149019608,
    "incomeTaxExpense": 96000000,
    "netIncome": 178000000,
    "netIncomeRatio": 0.1396078431,
    "eps": 0.37,
    "epsdiluted": 0.37,
    "weightedAverageShsOut": 475400000,
    "weightedAverageShsOutDil": 486000000,
    "link": "https://www.sec.gov/Archives/edgar/data/1575828/000157582815000021/0001575828-15-000021-index.html",
    "finalLink": "https://www.sec.gov/Archives/edgar/data/1575828/000157582815000021/a03312015-documentfy15q1.htm"
  },
  {
    "date": "2014-12-31",
    "symbol": "FI",
    "reportedCurrency": "USD",
    "cik": "0000798354",
    "fillingDate": "2015-03-06",
    "acceptedDate": "2015-03-06 17:16:23",
    "calendarYear": "2014",
    "period": "Q4",
    "revenue": 1316000000,
    "costOfRevenue": 752000000,
    "grossProfit": 564000000,
    "grossProfitRatio": 0.4285714286,
    "researchAndDevelopmentExpenses": 82000000,
    "generalAndAdministrativeExpenses": 70900000,
    "sellingAndMarketingExpenses": 176100000,
    "sellingGeneralAndAdministrativeExpenses": 247000000,
    "otherExpenses": -82000000,
    "operatingExpenses": 247000000,
    "costAndExpenses": 999000000,
    "interestIncome": 0,
    "interestExpense": 41000000,
    "depreciationAndAmortization": 104000000,
    "ebitda": 421000000,
    "ebitdaratio": 0.3199088146,
    "operatingIncome": 317000000,
    "operatingIncomeRatio": 0.240881459,
    "totalOtherIncomeExpensesNet": -39000000,
    "incomeBeforeTax": 276000000,
    "incomeBeforeTaxRatio": 0.2097264438,
    "incomeTaxExpense": 97000000,
    "netIncome": 181000000,
    "netIncomeRatio": 0.1375379939,
    "eps": 0.38,
    "epsdiluted": 0.37,
    "weightedAverageShsOut": 480600000,
    "weightedAverageShsOutDil": 494400000,
    "link": "https://www.sec.gov/Archives/edgar/data/1575828/000157582815000013/0001575828-15-000013-index.htm",
    "finalLink": "https://www.sec.gov/Archives/edgar/data/1575828/000157582815000013/a12312014-documentfy1410xk.htm"
  },
  {
    "date": "2014-09-30",
    "symbol": "FI",
    "reportedCurrency": "USD",
    "cik": "0000798354",
    "fillingDate": "2014-11-07",
    "acceptedDate": "2014-11-07 13:49:51",
    "calendarYear": "2014",
    "period": "Q3",
    "revenue": 1263000000,
    "costOfRevenue": 705000000,
    "grossProfit": 558000000,
    "grossProfitRatio": 0.4418052257,
    "researchAndDevelopmentExpenses": 0,
    "generalAndAdministrativeExpenses": 65200000,
    "sellingAndMarketingExpenses": 177800000,
    "sellingGeneralAndAdministrativeExpenses": 243000000,
    "otherExpenses": 0,
    "operatingExpenses": 243000000,
    "costAndExpenses": 948000000,
    "interestIncome": 0,
    "interestExpense": 41000000,
    "depreciationAndAmortization": 101000000,
    "ebitda": 416000000,
    "ebitdaratio": 0.3293745051,
    "operatingIncome": 315000000,
    "operatingIncomeRatio": 0.2494061758,
    "totalOtherIncomeExpensesNet": 44000000,
    "incomeBeforeTax": 274000000,
    "incomeBeforeTaxRatio": 0.2169437846,
    "incomeTaxExpense": 120000000,
    "netIncome": 239000000,
    "netIncomeRatio": 0.1892319873,
    "eps": 0.49,
    "epsdiluted": 0.48,
    "weightedAverageShsOut": 490600000,
    "weightedAverageShsOutDil": 503600000,
    "link": "https://www.sec.gov/Archives/edgar/data/1575828/000157582814000029/0001575828-14-000029-index.html",
    "finalLink": "https://www.sec.gov/Archives/edgar/data/1575828/000157582814000029/a09302014-documentfy14q3.htm"
  },
  {
    "date": "2014-06-30",
    "symbol": "FI",
    "reportedCurrency": "USD",
    "cik": "0000798354",
    "fillingDate": "2014-08-08",
    "acceptedDate": "2014-08-08 16:20:22",
    "calendarYear": "2014",
    "period": "Q2",
    "revenue": 1253000000,
    "costOfRevenue": 703000000,
    "grossProfit": 550000000,
    "grossProfitRatio": 0.4389465283,
    "researchAndDevelopmentExpenses": 0,
    "generalAndAdministrativeExpenses": 71800000,
    "sellingAndMarketingExpenses": 171200000,
    "sellingGeneralAndAdministrativeExpenses": 243000000,
    "otherExpenses": 0,
    "operatingExpenses": 243000000,
    "costAndExpenses": 946000000,
    "interestIncome": 1000000,
    "interestExpense": 41000000,
    "depreciationAndAmortization": 99000000,
    "ebitda": 407000000,
    "ebitdaratio": 0.324820431,
    "operatingIncome": 307000000,
    "operatingIncomeRatio": 0.2450119713,
    "totalOtherIncomeExpensesNet": -40000000,
    "incomeBeforeTax": 267000000,
    "incomeBeforeTaxRatio": 0.2130885874,
    "incomeTaxExpense": 101000000,
    "netIncome": 166000000,
    "netIncomeRatio": 0.1324820431,
    "eps": 0.33,
    "epsdiluted": 0.33,
    "weightedAverageShsOut": 498200000,
    "weightedAverageShsOutDil": 506800000,
    "link": "https://www.sec.gov/Archives/edgar/data/1575828/000157582814000024/0001575828-14-000024-index.html",
    "finalLink": "https://www.sec.gov/Archives/edgar/data/1575828/000157582814000024/a06302014-documentfy14q2.htm"
  },
  {
    "date": "2014-03-31",
    "symbol": "FI",
    "reportedCurrency": "USD",
    "cik": "0000798354",
    "fillingDate": "2014-05-06",
    "acceptedDate": "2014-05-06 12:25:02",
    "calendarYear": "2014",
    "period": "Q1",
    "revenue": 1234000000,
    "costOfRevenue": 721000000,
    "grossProfit": 513000000,
    "grossProfitRatio": 0.4157212318,
    "researchAndDevelopmentExpenses": 0,
    "generalAndAdministrativeExpenses": 59500000,
    "sellingAndMarketingExpenses": 182500000,
    "sellingGeneralAndAdministrativeExpenses": 242000000,
    "otherExpenses": 0,
    "operatingExpenses": 242000000,
    "costAndExpenses": 963000000,
    "interestIncome": 0,
    "interestExpense": 41000000,
    "depreciationAndAmortization": 100000000,
    "ebitda": 371000000,
    "ebitdaratio": 0.3006482982,
    "operatingIncome": 271000000,
    "operatingIncomeRatio": 0.2196110211,
    "totalOtherIncomeExpensesNet": -37000000,
    "incomeBeforeTax": 230000000,
    "incomeBeforeTaxRatio": 0.1863857374,
    "incomeTaxExpense": 66000000,
    "netIncome": 168000000,
    "netIncomeRatio": 0.1361426256,
    "eps": 0.33,
    "epsdiluted": 0.33,
    "weightedAverageShsOut": 503200000,
    "weightedAverageShsOutDil": 517200000,
    "link": "https://www.sec.gov/Archives/edgar/data/1575828/000157582814000014/0001575828-14-000014-index.html",
    "finalLink": "https://www.sec.gov/Archives/edgar/data/1575828/000157582814000014/a03312014-documentfy14q1.htm"
  },
  {
    "date": "2013-12-31",
    "symbol": "FI",
    "reportedCurrency": "USD",
    "cik": "0000798354",
    "fillingDate": "2014-03-04",
    "acceptedDate": "2014-03-04 13:08:22",
    "calendarYear": "2013",
    "period": "Q4",
    "revenue": 1263000000,
    "costOfRevenue": 700000000,
    "grossProfit": 563000000,
    "grossProfitRatio": 0.4457640538,
    "researchAndDevelopmentExpenses": 102000000,
    "generalAndAdministrativeExpenses": 64700000,
    "sellingAndMarketingExpenses": 201300000,
    "sellingGeneralAndAdministrativeExpenses": 266000000,
    "otherExpenses": -102000000,
    "operatingExpenses": 266000000,
    "costAndExpenses": 966000000,
    "interestIncome": 1000000,
    "interestExpense": 41000000,
    "depreciationAndAmortization": 102000000,
    "ebitda": 400000000,
    "ebitdaratio": 0.3167062549,
    "operatingIncome": 297000000,
    "operatingIncomeRatio": 0.2351543943,
    "totalOtherIncomeExpensesNet": 33000000,
    "incomeBeforeTax": 257000000,
    "incomeBeforeTaxRatio": 0.2034837688,
    "incomeTaxExpense": 110000000,
    "netIncome": 221000000,
    "netIncomeRatio": 0.1749802059,
    "eps": 0.43,
    "epsdiluted": 0.43,
    "weightedAverageShsOut": 513400000,
    "weightedAverageShsOutDil": 513400000,
    "link": "https://www.sec.gov/Archives/edgar/data/1575828/000157582814000007/0001575828-14-000007-index.htm",
    "finalLink": "https://www.sec.gov/Archives/edgar/data/1575828/000157582814000007/a12312013-documentfy1310xk.htm"
  },
  {
    "date": "2013-09-30",
    "symbol": "FI",
    "reportedCurrency": "USD",
    "cik": "0000798354",
    "fillingDate": "2013-11-13",
    "acceptedDate": "2013-11-13 17:03:31",
    "calendarYear": "2013",
    "period": "Q3",
    "revenue": 1201000000,
    "costOfRevenue": 684000000,
    "grossProfit": 517000000,
    "grossProfitRatio": 0.4304746045,
    "researchAndDevelopmentExpenses": 0,
    "generalAndAdministrativeExpenses": 64100000,
    "sellingAndMarketingExpenses": 172900000,
    "sellingGeneralAndAdministrativeExpenses": 237000000,
    "otherExpenses": 0,
    "operatingExpenses": 237000000,
    "costAndExpenses": 921000000,
    "interestIncome": 0,
    "interestExpense": 41000000,
    "depreciationAndAmortization": 101000000,
    "ebitda": 381000000,
    "ebitdaratio": 0.317235637,
    "operatingIncome": 280000000,
    "operatingIncomeRatio": 0.2331390508,
    "totalOtherIncomeExpensesNet": -40000000,
    "incomeBeforeTax": 239000000,
    "incomeBeforeTaxRatio": 0.1990008326,
    "incomeTaxExpense": 79000000,
    "netIncome": 159000000,
    "netIncomeRatio": 0.1323896753,
    "eps": 0.31,
    "epsdiluted": 0.3,
    "weightedAverageShsOut": 517200000,
    "weightedAverageShsOutDil": 527600000,
    "link": "https://www.sec.gov/Archives/edgar/data/1575828/000157582813000015/0001575828-13-000015-index.html",
    "finalLink": "https://www.sec.gov/Archives/edgar/data/1575828/000157582813000015/a09302013-documentfy13q3.htm"
  },
  {
    "date": "2013-06-30",
    "symbol": "FI",
    "reportedCurrency": "USD",
    "cik": "0000798354",
    "fillingDate": "2013-06-30",
    "acceptedDate": "2013-06-29 20:00:00",
    "calendarYear": "2013",
    "period": "Q2",
    "revenue": 1198000000,
    "costOfRevenue": 680000000,
    "grossProfit": 518000000,
    "grossProfitRatio": 0.4323873122,
    "researchAndDevelopmentExpenses": 0,
    "generalAndAdministrativeExpenses": 51987000,
    "sellingAndMarketingExpenses": 193013000,
    "sellingGeneralAndAdministrativeExpenses": 245000000,
    "otherExpenses": 0,
    "operatingExpenses": 245000000,
    "costAndExpenses": 925000000,
    "interestIncome": 0,
    "interestExpense": 41000000,
    "depreciationAndAmortization": 103000000,
    "ebitda": 376000000,
    "ebitdaratio": 0.3138564274,
    "operatingIncome": 273000000,
    "operatingIncomeRatio": 0.2278797997,
    "totalOtherIncomeExpensesNet": -40000000,
    "incomeBeforeTax": 232000000,
    "incomeBeforeTaxRatio": 0.1936560935,
    "incomeTaxExpense": 81000000,
    "netIncome": 151000000,
    "netIncomeRatio": 0.1260434057,
    "eps": 0.29,
    "epsdiluted": 0.28,
    "weightedAverageShsOut": 524400000,
    "weightedAverageShsOutDil": 537200000,
    "link": "",
    "finalLink": ""
  },
  {
    "date": "2013-03-31",
    "symbol": "FI",
    "reportedCurrency": "USD",
    "cik": "0000798354",
    "fillingDate": "2013-03-31",
    "acceptedDate": "2013-03-30 20:00:00",
    "calendarYear": "2013",
    "period": "Q1",
    "revenue": 1152000000,
    "costOfRevenue": 712000000,
    "grossProfit": 440000000,
    "grossProfitRatio": 0.3819444444,
    "researchAndDevelopmentExpenses": 0,
    "generalAndAdministrativeExpenses": 44145000,
    "sellingAndMarketingExpenses": 184855000,
    "sellingGeneralAndAdministrativeExpenses": 229000000,
    "otherExpenses": 0,
    "operatingExpenses": 229000000,
    "costAndExpenses": 941000000,
    "interestIncome": 0,
    "interestExpense": 41000000,
    "depreciationAndAmortization": 97000000,
    "ebitda": 308000000,
    "ebitdaratio": 0.2673611111,
    "operatingIncome": 211000000,
    "operatingIncomeRatio": 0.1831597222,
    "totalOtherIncomeExpensesNet": -66000000,
    "incomeBeforeTax": 170000000,
    "incomeBeforeTaxRatio": 0.1475694444,
    "incomeTaxExpense": 58000000,
    "netIncome": 117000000,
    "netIncomeRatio": 0.1015625,
    "eps": 0.22,
    "epsdiluted": 0.22,
    "weightedAverageShsOut": 532799996,
    "weightedAverageShsOutDil": 540400000,
    "link": "",
    "finalLink": ""
  },
  {
    "date": "2012-12-31",
    "symbol": "FI",
    "reportedCurrency": "USD",
    "cik": "0000798354",
    "fillingDate": "2012-12-31",
    "acceptedDate": "2012-12-30 19:00:00",
    "calendarYear": "2012",
    "period": "Q4",
    "revenue": 1156000000,
    "costOfRevenue": 657000000,
    "grossProfit": 499000000,
    "grossProfitRatio": 0.4316608997,
    "researchAndDevelopmentExpenses": 0,
    "generalAndAdministrativeExpenses": 53028000,
    "sellingAndMarketingExpenses": 156972000,
    "sellingGeneralAndAdministrativeExpenses": 210000000,
    "otherExpenses": 0,
    "operatingExpenses": 210000000,
    "costAndExpenses": 867000000,
    "interestIncome": 1000000,
    "interestExpense": 39000000,
    "depreciationAndAmortization": 89000000,
    "ebitda": 379000000,
    "ebitdaratio": 0.3278546713,
    "operatingIncome": 289000000,
    "operatingIncomeRatio": 0.25,
    "totalOtherIncomeExpensesNet": -36000000,
    "incomeBeforeTax": 251000000,
    "incomeBeforeTaxRatio": 0.2171280277,
    "incomeTaxExpense": 94000000,
    "netIncome": 179000000,
    "netIncomeRatio": 0.1548442907,
    "eps": 0.34,
    "epsdiluted": 0.33,
    "weightedAverageShsOut": 533600000,
    "weightedAverageShsOutDil": 540400000,
    "link": "",
    "finalLink": ""
  },
  {
    "date": "2012-09-30",
    "symbol": "FI",
    "reportedCurrency": "USD",
    "cik": "0000798354",
    "fillingDate": "2012-09-30",
    "acceptedDate": "2012-09-30 00:00:00",
    "calendarYear": "2012",
    "period": "Q3",
    "revenue": 1118000000,
    "costOfRevenue": 644000000,
    "grossProfit": 474000000,
    "grossProfitRatio": 0.4239713775,
    "researchAndDevelopmentExpenses": 0,
    "generalAndAdministrativeExpenses": 46524000,
    "sellingAndMarketingExpenses": 160476000,
    "sellingGeneralAndAdministrativeExpenses": 207000000,
    "otherExpenses": -1000000,
    "operatingExpenses": 206000000,
    "costAndExpenses": 842000000,
    "interestIncome": 0,
    "interestExpense": 48000000,
    "depreciationAndAmortization": 89000000,
    "ebitda": 354000000,
    "ebitdaratio": 0.3166368515,
    "operatingIncome": 265000000,
    "operatingIncomeRatio": 0.2370304114,
    "totalOtherIncomeExpensesNet": -45000000,
    "incomeBeforeTax": 219000000,
    "incomeBeforeTaxRatio": 0.1958855098,
    "incomeTaxExpense": 80000000,
    "netIncome": 139000000,
    "netIncomeRatio": 0.1243291592,
    "eps": 0.26,
    "epsdiluted": 0.26,
    "weightedAverageShsOut": 535200000,
    "weightedAverageShsOutDil": 546400000,
    "link": null,
    "finalLink": null
  },
  {
    "date": "2012-06-30",
    "symbol": "FI",
    "reportedCurrency": "USD",
    "cik": "0000798354",
    "fillingDate": "2012-06-30",
    "acceptedDate": "2012-06-30 00:00:00",
    "calendarYear": "2012",
    "period": "Q2",
    "revenue": 1100000000,
    "costOfRevenue": 635000000,
    "grossProfit": 465000000,
    "grossProfitRatio": 0.4227272727,
    "researchAndDevelopmentExpenses": 0,
    "generalAndAdministrativeExpenses": 46115000,
    "sellingAndMarketingExpenses": 159885000,
    "sellingGeneralAndAdministrativeExpenses": 206000000,
    "otherExpenses": -2000000,
    "operatingExpenses": 204000000,
    "costAndExpenses": 830000000,
    "interestIncome": 6000000,
    "interestExpense": 44000000,
    "depreciationAndAmortization": 86000000,
    "ebitda": 349000000,
    "ebitdaratio": 0.3172727273,
    "operatingIncome": 257000000,
    "operatingIncomeRatio": 0.2336363636,
    "totalOtherIncomeExpensesNet": -35000000,
    "incomeBeforeTax": 221000000,
    "incomeBeforeTaxRatio": 0.2009090909,
    "incomeTaxExpense": 60000000,
    "netIncome": 161000000,
    "netIncomeRatio": 0.1463636364,
    "eps": 0.3,
    "epsdiluted": 0.29,
    "weightedAverageShsOut": 542400000,
    "weightedAverageShsOutDil": 551200000,
    "link": null,
    "finalLink": null
  },
  {
    "date": "2012-03-31",
    "symbol": "FI",
    "reportedCurrency": "USD",
    "cik": "0000798354",
    "fillingDate": "2012-03-31",
    "acceptedDate": "2012-03-31 00:00:00",
    "calendarYear": "2012",
    "period": "Q1",
    "revenue": 1108000000,
    "costOfRevenue": 661000000,
    "grossProfit": 447000000,
    "grossProfitRatio": 0.4034296029,
    "researchAndDevelopmentExpenses": 0,
    "generalAndAdministrativeExpenses": 41608000,
    "sellingAndMarketingExpenses": 164392000,
    "sellingGeneralAndAdministrativeExpenses": 206000000,
    "otherExpenses": -1000000,
    "operatingExpenses": 205000000,
    "costAndExpenses": 858000000,
    "interestIncome": 0,
    "interestExpense": 43000000,
    "depreciationAndAmortization": 87000000,
    "ebitda": 326000000,
    "ebitdaratio": 0.2942238267,
    "operatingIncome": 239000000,
    "operatingIncomeRatio": 0.2157039711,
    "totalOtherIncomeExpensesNet": -40000000,
    "incomeBeforeTax": 198000000,
    "incomeBeforeTaxRatio": 0.178700361,
    "incomeTaxExpense": 67000000,
    "netIncome": 132000000,
    "netIncomeRatio": 0.119133574,
    "eps": 0.24,
    "epsdiluted": 0.24,
    "weightedAverageShsOut": 549200000,
    "weightedAverageShsOutDil": 562000000,
    "link": null,
    "finalLink": null
  },
  {
    "date": "2011-12-31",
    "symbol": "FI",
    "reportedCurrency": "USD",
    "cik": "0000798354",
    "fillingDate": "2011-12-31",
    "acceptedDate": "2011-12-31 00:00:00",
    "calendarYear": "2011",
    "period": "Q4",
    "revenue": 1161000000,
    "costOfRevenue": 663000000,
    "grossProfit": 498000000,
    "grossProfitRatio": 0.4289405685,
    "researchAndDevelopmentExpenses": 0,
    "generalAndAdministrativeExpenses": 0,
    "sellingAndMarketingExpenses": 0,
    "sellingGeneralAndAdministrativeExpenses": 217000000,
    "otherExpenses": 0,
    "operatingExpenses": 217000000,
    "costAndExpenses": 880000000,
    "interestIncome": 0,
    "interestExpense": 50000000,
    "depreciationAndAmortization": 90000000,
    "ebitda": 377000000,
    "ebitdaratio": 0.3247200689,
    "operatingIncome": 281000000,
    "operatingIncomeRatio": 0.2420327304,
    "totalOtherIncomeExpensesNet": -44000000,
    "incomeBeforeTax": 237000000,
    "incomeBeforeTaxRatio": 0.2041343669,
    "incomeTaxExpense": 88000000,
    "netIncome": 143000000,
    "netIncomeRatio": 0.1231696813,
    "eps": 0.26,
    "epsdiluted": 0.26,
    "weightedAverageShsOut": 560400000,
    "weightedAverageShsOutDil": 560400000,
    "link": null,
    "finalLink": null
  },
  {
    "date": "2011-09-30",
    "symbol": "FI",
    "reportedCurrency": "USD",
    "cik": "0000798354",
    "fillingDate": "2011-09-30",
    "acceptedDate": "2011-09-30 00:00:00",
    "calendarYear": "2011",
    "period": "Q3",
    "revenue": 1063000000,
    "costOfRevenue": 631000000,
    "grossProfit": 432000000,
    "grossProfitRatio": 0.4063969897,
    "researchAndDevelopmentExpenses": 0,
    "generalAndAdministrativeExpenses": 0,
    "sellingAndMarketingExpenses": 0,
    "sellingGeneralAndAdministrativeExpenses": 189000000,
    "otherExpenses": 0,
    "operatingExpenses": 189000000,
    "costAndExpenses": 820000000,
    "interestIncome": 0,
    "interestExpense": 45000000,
    "depreciationAndAmortization": 86000000,
    "ebitda": 305000000,
    "ebitdaratio": 0.2869238006,
    "operatingIncome": 243000000,
    "operatingIncomeRatio": 0.2285983067,
    "totalOtherIncomeExpensesNet": -69000000,
    "incomeBeforeTax": 174000000,
    "incomeBeforeTaxRatio": 0.1636876764,
    "incomeTaxExpense": 55000000,
    "netIncome": 127000000,
    "netIncomeRatio": 0.1194731891,
    "eps": 0.23,
    "epsdiluted": 0.22,
    "weightedAverageShsOut": 563200000,
    "weightedAverageShsOutDil": 570400000,
    "link": null,
    "finalLink": null
  },
  {
    "date": "2011-06-30",
    "symbol": "FI",
    "reportedCurrency": "USD",
    "cik": "0000798354",
    "fillingDate": "2011-06-30",
    "acceptedDate": "2011-06-30 00:00:00",
    "calendarYear": "2011",
    "period": "Q2",
    "revenue": 1065000000,
    "costOfRevenue": 624000000,
    "grossProfit": 441000000,
    "grossProfitRatio": 0.414084507,
    "researchAndDevelopmentExpenses": 0,
    "generalAndAdministrativeExpenses": 0,
    "sellingAndMarketingExpenses": 0,
    "sellingGeneralAndAdministrativeExpenses": 190000000,
    "otherExpenses": 0,
    "operatingExpenses": 190000000,
    "costAndExpenses": 814000000,
    "interestIncome": 0,
    "interestExpense": 49000000,
    "depreciationAndAmortization": 88000000,
    "ebitda": 279000000,
    "ebitdaratio": 0.261971831,
    "operatingIncome": 251000000,
    "operatingIncomeRatio": 0.2356807512,
    "totalOtherIncomeExpensesNet": -109000000,
    "incomeBeforeTax": 142000000,
    "incomeBeforeTaxRatio": 0.1333333333,
    "incomeTaxExpense": 49000000,
    "netIncome": 90000000,
    "netIncomeRatio": 0.0845070423,
    "eps": 0.16,
    "epsdiluted": 0.16,
    "weightedAverageShsOut": 566000000,
    "weightedAverageShsOutDil": 576800000,
    "link": null,
    "finalLink": null
  },
  {
    "date": "2011-03-31",
    "symbol": "FI",
    "reportedCurrency": "USD",
    "cik": "0000798354",
    "fillingDate": "2011-03-31",
    "acceptedDate": "2011-03-31 00:00:00",
    "calendarYear": "2011",
    "period": "Q1",
    "revenue": 1048000000,
    "costOfRevenue": 624000000,
    "grossProfit": 424000000,
    "grossProfitRatio": 0.4045801527,
    "researchAndDevelopmentExpenses": 0,
    "generalAndAdministrativeExpenses": 0,
    "sellingAndMarketingExpenses": 0,
    "sellingGeneralAndAdministrativeExpenses": 203000000,
    "otherExpenses": 0,
    "operatingExpenses": 203000000,
    "costAndExpenses": 827000000,
    "interestIncome": 0,
    "interestExpense": 45000000,
    "depreciationAndAmortization": 85000000,
    "ebitda": 306000000,
    "ebitdaratio": 0.2919847328,
    "operatingIncome": 221000000,
    "operatingIncomeRatio": 0.2108778626,
    "totalOtherIncomeExpensesNet": -45000000,
    "incomeBeforeTax": 176000000,
    "incomeBeforeTaxRatio": 0.1679389313,
    "incomeTaxExpense": 64000000,
    "netIncome": 112000000,
    "netIncomeRatio": 0.106870229,
    "eps": 0.19,
    "epsdiluted": 0.19,
    "weightedAverageShsOut": 574800000,
    "weightedAverageShsOutDil": 590800000,
    "link": null,
    "finalLink": null
  },
  {
    "date": "2010-12-31",
    "symbol": "FI",
    "reportedCurrency": "USD",
    "cik": "0000798354",
    "fillingDate": "2010-12-31",
    "acceptedDate": "2010-12-31 00:00:00",
    "calendarYear": "2010",
    "period": "Q4",
    "revenue": 1078000000,
    "costOfRevenue": 613000000,
    "grossProfit": 465000000,
    "grossProfitRatio": 0.4313543599,
    "researchAndDevelopmentExpenses": 0,
    "generalAndAdministrativeExpenses": 0,
    "sellingAndMarketingExpenses": 0,
    "sellingGeneralAndAdministrativeExpenses": 198000000,
    "otherExpenses": 0,
    "operatingExpenses": 198000000,
    "costAndExpenses": 811000000,
    "interestIncome": 0,
    "interestExpense": 58000000,
    "depreciationAndAmortization": 87000000,
    "ebitda": 338000000,
    "ebitdaratio": 0.3135435993,
    "operatingIncome": 267000000,
    "operatingIncomeRatio": 0.2476808905,
    "totalOtherIncomeExpensesNet": -74000000,
    "incomeBeforeTax": 193000000,
    "incomeBeforeTaxRatio": 0.1790352505,
    "incomeTaxExpense": 77000000,
    "netIncome": 116000000,
    "netIncomeRatio": 0.107606679,
    "eps": 0.2,
    "epsdiluted": 0.2,
    "weightedAverageShsOut": 592000000,
    "weightedAverageShsOutDil": 598400000,
    "link": null,
    "finalLink": null
  },
  {
    "date": "2010-09-30",
    "symbol": "FI",
    "reportedCurrency": "USD",
    "cik": "0000798354",
    "fillingDate": "2010-09-30",
    "acceptedDate": "2010-09-30 00:00:00",
    "calendarYear": "2010",
    "period": "Q3",
    "revenue": 1025000000,
    "costOfRevenue": 589000000,
    "grossProfit": 436000000,
    "grossProfitRatio": 0.4253658537,
    "researchAndDevelopmentExpenses": 0,
    "generalAndAdministrativeExpenses": 0,
    "sellingAndMarketingExpenses": 0,
    "sellingGeneralAndAdministrativeExpenses": 185000000,
    "otherExpenses": 0,
    "operatingExpenses": 185000000,
    "costAndExpenses": 774000000,
    "interestIncome": 0,
    "interestExpense": 49000000,
    "depreciationAndAmortization": 85000000,
    "ebitda": 336000000,
    "ebitdaratio": 0.327804878,
    "operatingIncome": 251000000,
    "operatingIncomeRatio": 0.2448780488,
    "totalOtherIncomeExpensesNet": -49000000,
    "incomeBeforeTax": 202000000,
    "incomeBeforeTaxRatio": 0.1970731707,
    "incomeTaxExpense": 73000000,
    "netIncome": 132000000,
    "netIncomeRatio": 0.1287804878,
    "eps": 0.22,
    "epsdiluted": 0.22,
    "weightedAverageShsOut": 597600000,
    "weightedAverageShsOutDil": 603600000,
    "link": null,
    "finalLink": null
  },
  {
    "date": "2010-06-30",
    "symbol": "FI",
    "reportedCurrency": "USD",
    "cik": "0000798354",
    "fillingDate": "2010-06-30",
    "acceptedDate": "2010-06-30 00:00:00",
    "calendarYear": "2010",
    "period": "Q2",
    "revenue": 1022000000,
    "costOfRevenue": 586000000,
    "grossProfit": 436000000,
    "grossProfitRatio": 0.4266144814,
    "researchAndDevelopmentExpenses": 0,
    "generalAndAdministrativeExpenses": 0,
    "sellingAndMarketingExpenses": 0,
    "sellingGeneralAndAdministrativeExpenses": 185000000,
    "otherExpenses": 0,
    "operatingExpenses": 185000000,
    "costAndExpenses": 771000000,
    "interestIncome": 0,
    "interestExpense": 46000000,
    "depreciationAndAmortization": 83000000,
    "ebitda": 334000000,
    "ebitdaratio": 0.3268101761,
    "operatingIncome": 251000000,
    "operatingIncomeRatio": 0.2455968689,
    "totalOtherIncomeExpensesNet": -46000000,
    "incomeBeforeTax": 205000000,
    "incomeBeforeTaxRatio": 0.2005870841,
    "incomeTaxExpense": 78000000,
    "netIncome": 127000000,
    "netIncomeRatio": 0.1242661448,
    "eps": 0.21,
    "epsdiluted": 0.21,
    "weightedAverageShsOut": 610000000,
    "weightedAverageShsOutDil": 610400000,
    "link": null,
    "finalLink": null
  },
  {
    "date": "2010-03-31",
    "symbol": "FI",
    "reportedCurrency": "USD",
    "cik": "0000798354",
    "fillingDate": "2010-03-31",
    "acceptedDate": "2010-03-31 00:00:00",
    "calendarYear": "2010",
    "period": "Q1",
    "revenue": 1008000000,
    "costOfRevenue": 598000000,
    "grossProfit": 410000000,
    "grossProfitRatio": 0.4067460317,
    "researchAndDevelopmentExpenses": 0,
    "generalAndAdministrativeExpenses": 0,
    "sellingAndMarketingExpenses": 0,
    "sellingGeneralAndAdministrativeExpenses": 172000000,
    "otherExpenses": 0,
    "operatingExpenses": 172000000,
    "costAndExpenses": 770000000,
    "interestIncome": 0,
    "interestExpense": 45000000,
    "depreciationAndAmortization": 84000000,
    "ebitda": 322000000,
    "ebitdaratio": 0.3194444444,
    "operatingIncome": 238000000,
    "operatingIncomeRatio": 0.2361111111,
    "totalOtherIncomeExpensesNet": -45000000,
    "incomeBeforeTax": 193000000,
    "incomeBeforeTaxRatio": 0.191468254,
    "incomeTaxExpense": 73000000,
    "netIncome": 121000000,
    "netIncomeRatio": 0.1200396825,
    "eps": 0.2,
    "epsdiluted": 0.2,
    "weightedAverageShsOut": 610400000,
    "weightedAverageShsOutDil": 614800000,
    "link": null,
    "finalLink": null
  },
  {
    "date": "2009-12-31",
    "symbol": "FI",
    "reportedCurrency": "USD",
    "cik": "0000798354",
    "fillingDate": "2009-12-31",
    "acceptedDate": "2009-12-31 00:00:00",
    "calendarYear": "2009",
    "period": "Q4",
    "revenue": 1062000000,
    "costOfRevenue": 611000000,
    "grossProfit": 451000000,
    "grossProfitRatio": 0.4246704331,
    "researchAndDevelopmentExpenses": 0,
    "generalAndAdministrativeExpenses": 0,
    "sellingAndMarketingExpenses": 0,
    "sellingGeneralAndAdministrativeExpenses": 195000000,
    "otherExpenses": 0,
    "operatingExpenses": 195000000,
    "costAndExpenses": 806000000,
    "interestIncome": 0,
    "interestExpense": 59000000,
    "depreciationAndAmortization": 85000000,
    "ebitda": 349000000,
    "ebitdaratio": 0.3286252354,
    "operatingIncome": 256000000,
    "operatingIncomeRatio": 0.2410546139,
    "totalOtherIncomeExpensesNet": -49000000,
    "incomeBeforeTax": 205000000,
    "incomeBeforeTaxRatio": 0.1930320151,
    "incomeTaxExpense": 79000000,
    "netIncome": 118000000,
    "netIncomeRatio": 0.1111111111,
    "eps": 0.19,
    "epsdiluted": 0.19,
    "weightedAverageShsOut": 614400000,
    "weightedAverageShsOutDil": 618000000,
    "link": null,
    "finalLink": null
  },
  {
    "date": "2009-09-30",
    "symbol": "FI",
    "reportedCurrency": "USD",
    "cik": "0000798354",
    "fillingDate": "2009-09-30",
    "acceptedDate": "2009-09-30 00:00:00",
    "calendarYear": "2009",
    "period": "Q3",
    "revenue": 992000000,
    "costOfRevenue": 579000000,
    "grossProfit": 413000000,
    "grossProfitRatio": 0.4163306452,
    "researchAndDevelopmentExpenses": 0,
    "generalAndAdministrativeExpenses": 0,
    "sellingAndMarketingExpenses": 0,
    "sellingGeneralAndAdministrativeExpenses": 182000000,
    "otherExpenses": 0,
    "operatingExpenses": 182000000,
    "costAndExpenses": 761000000,
    "interestIncome": 0,
    "interestExpense": 52000000,
    "depreciationAndAmortization": 84000000,
    "ebitda": 315000000,
    "ebitdaratio": 0.3175403226,
    "operatingIncome": 231000000,
    "operatingIncomeRatio": 0.2328629032,
    "totalOtherIncomeExpensesNet": -47000000,
    "incomeBeforeTax": 179000000,
    "incomeBeforeTaxRatio": 0.1804435484,
    "incomeTaxExpense": 60000000,
    "netIncome": 115000000,
    "netIncomeRatio": 0.1159274194,
    "eps": 0.19,
    "epsdiluted": 0.19,
    "weightedAverageShsOut": 621200000,
    "weightedAverageShsOutDil": 621200000,
    "link": null,
    "finalLink": null
  },
  {
    "date": "2009-06-30",
    "symbol": "FI",
    "reportedCurrency": "USD",
    "cik": "0000798354",
    "fillingDate": "2009-06-30",
    "acceptedDate": "2009-06-30 00:00:00",
    "calendarYear": "2009",
    "period": "Q2",
    "revenue": 1032000000,
    "costOfRevenue": 619000000,
    "grossProfit": 413000000,
    "grossProfitRatio": 0.4001937984,
    "researchAndDevelopmentExpenses": 0,
    "generalAndAdministrativeExpenses": 0,
    "sellingAndMarketingExpenses": 0,
    "sellingGeneralAndAdministrativeExpenses": 181000000,
    "otherExpenses": 0,
    "operatingExpenses": 176000000,
    "costAndExpenses": 766000000,
    "interestIncome": 0,
    "interestExpense": 55000000,
    "depreciationAndAmortization": 83000000,
    "ebitda": 317000000,
    "ebitdaratio": 0.3071705426,
    "operatingIncome": 234000000,
    "operatingIncomeRatio": 0.226744186,
    "totalOtherIncomeExpensesNet": -51000000,
    "incomeBeforeTax": 177000000,
    "incomeBeforeTaxRatio": 0.1715116279,
    "incomeTaxExpense": 68000000,
    "netIncome": 140000000,
    "netIncomeRatio": 0.1356589147,
    "eps": 0.23,
    "epsdiluted": 0.22,
    "weightedAverageShsOut": 622222222,
    "weightedAverageShsOutDil": 623200000,
    "link": null,
    "finalLink": null
  },
  {
    "date": "2009-03-31",
    "symbol": "FI",
    "reportedCurrency": "USD",
    "cik": "0000798354",
    "fillingDate": "2009-03-31",
    "acceptedDate": "2009-03-31 00:00:00",
    "calendarYear": "2009",
    "period": "Q1",
    "revenue": 1044000000,
    "costOfRevenue": 625000000,
    "grossProfit": 419000000,
    "grossProfitRatio": 0.4013409962,
    "researchAndDevelopmentExpenses": 0,
    "generalAndAdministrativeExpenses": 0,
    "sellingAndMarketingExpenses": 0,
    "sellingGeneralAndAdministrativeExpenses": 201000000,
    "otherExpenses": 0,
    "operatingExpenses": 198000000,
    "costAndExpenses": 798000000,
    "interestIncome": 0,
    "interestExpense": 54000000,
    "depreciationAndAmortization": 81000000,
    "ebitda": 306000000,
    "ebitdaratio": 0.2931034483,
    "operatingIncome": 225000000,
    "operatingIncomeRatio": 0.2155172414,
    "totalOtherIncomeExpensesNet": -53000000,
    "incomeBeforeTax": 164000000,
    "incomeBeforeTaxRatio": 0.1570881226,
    "incomeTaxExpense": 66000000,
    "netIncome": 103000000,
    "netIncomeRatio": 0.0986590038,
    "eps": 0.17,
    "epsdiluted": 0.17,
    "weightedAverageShsOut": 622000000,
    "weightedAverageShsOutDil": 624000000,
    "link": null,
    "finalLink": null
  },
  {
    "date": "2008-12-31",
    "symbol": "FI",
    "reportedCurrency": "USD",
    "cik": "0000798354",
    "fillingDate": "2008-12-31",
    "acceptedDate": "2008-12-31 00:00:00",
    "calendarYear": "2008",
    "period": "Q4",
    "revenue": 1061000000,
    "costOfRevenue": 640000000,
    "grossProfit": 421000000,
    "grossProfitRatio": 0.396795476,
    "researchAndDevelopmentExpenses": 0,
    "generalAndAdministrativeExpenses": 0,
    "sellingAndMarketingExpenses": 0,
    "sellingGeneralAndAdministrativeExpenses": 202000000,
    "otherExpenses": 0,
    "operatingExpenses": 202000000,
    "costAndExpenses": 842000000,
    "interestIncome": 0,
    "interestExpense": 0,
    "depreciationAndAmortization": 86000000,
    "ebitda": 313000000,
    "ebitdaratio": 0.2950047125,
    "operatingIncome": 219000000,
    "operatingIncomeRatio": 0.2064090481,
    "totalOtherIncomeExpensesNet": -103000000,
    "incomeBeforeTax": 116000000,
    "incomeBeforeTaxRatio": 0.10933082,
    "incomeTaxExpense": 48000000,
    "netIncome": 62000000,
    "netIncomeRatio": 0.0584354383,
    "eps": 0.1,
    "epsdiluted": 0.1,
    "weightedAverageShsOut": 632400000,
    "weightedAverageShsOutDil": 633200000,
    "link": null,
    "finalLink": null
  },
  {
    "date": "2008-09-30",
    "symbol": "FI",
    "reportedCurrency": "USD",
    "cik": "0000798354",
    "fillingDate": "2008-09-30",
    "acceptedDate": "2008-09-30 00:00:00",
    "calendarYear": "2008",
    "period": "Q3",
    "revenue": 1080000000,
    "costOfRevenue": 662000000,
    "grossProfit": 418000000,
    "grossProfitRatio": 0.387037037,
    "researchAndDevelopmentExpenses": 0,
    "generalAndAdministrativeExpenses": 0,
    "sellingAndMarketingExpenses": 0,
    "sellingGeneralAndAdministrativeExpenses": 204000000,
    "otherExpenses": 0,
    "operatingExpenses": 204000000,
    "costAndExpenses": 866000000,
    "interestIncome": 0,
    "interestExpense": 0,
    "depreciationAndAmortization": 90000000,
    "ebitda": 285000000,
    "ebitdaratio": 0.2638888889,
    "operatingIncome": 214000000,
    "operatingIncomeRatio": 0.1981481481,
    "totalOtherIncomeExpensesNet": -38000000,
    "incomeBeforeTax": 176000000,
    "incomeBeforeTaxRatio": 0.162962963,
    "incomeTaxExpense": 105000000,
    "netIncome": 78000000,
    "netIncomeRatio": 0.0722222222,
    "eps": 0.12,
    "epsdiluted": 0.12,
    "weightedAverageShsOut": 650000000,
    "weightedAverageShsOutDil": 655200000,
    "link": null,
    "finalLink": null
  },
  {
    "date": "2008-06-30",
    "symbol": "FI",
    "reportedCurrency": "USD",
    "cik": "0000798354",
    "fillingDate": "2008-06-30",
    "acceptedDate": "2008-06-30 00:00:00",
    "calendarYear": "2008",
    "period": "Q2",
    "revenue": 1295000000,
    "costOfRevenue": 852000000,
    "grossProfit": 443000000,
    "grossProfitRatio": 0.3420849421,
    "researchAndDevelopmentExpenses": 0,
    "generalAndAdministrativeExpenses": 0,
    "sellingAndMarketingExpenses": 0,
    "sellingGeneralAndAdministrativeExpenses": 219000000,
    "otherExpenses": 0,
    "operatingExpenses": 216000000,
    "costAndExpenses": 1065000000,
    "interestIncome": 0,
    "interestExpense": 61000000,
    "depreciationAndAmortization": 96000000,
    "ebitda": 323000000,
    "ebitdaratio": 0.2494208494,
    "operatingIncome": 227000000,
    "operatingIncomeRatio": 0.1752895753,
    "totalOtherIncomeExpensesNet": -61000000,
    "incomeBeforeTax": 162000000,
    "incomeBeforeTaxRatio": 0.1250965251,
    "incomeTaxExpense": 64000000,
    "netIncome": 100000000,
    "netIncomeRatio": 0.0772200772,
    "eps": 0.15,
    "epsdiluted": 0.15,
    "weightedAverageShsOut": 653600000,
    "weightedAverageShsOutDil": 659200000,
    "link": null,
    "finalLink": null
  },
  {
    "date": "2008-03-31",
    "symbol": "FI",
    "reportedCurrency": "USD",
    "cik": "0000798354",
    "fillingDate": "2008-03-31",
    "acceptedDate": "2008-03-31 00:00:00",
    "calendarYear": "2008",
    "period": "Q1",
    "revenue": 1310000000,
    "costOfRevenue": 872000000,
    "grossProfit": 438000000,
    "grossProfitRatio": 0.334351145,
    "researchAndDevelopmentExpenses": 0,
    "generalAndAdministrativeExpenses": 0,
    "sellingAndMarketingExpenses": 0,
    "sellingGeneralAndAdministrativeExpenses": 212000000,
    "otherExpenses": 0,
    "operatingExpenses": 212000000,
    "costAndExpenses": 1084000000,
    "interestIncome": 0,
    "interestExpense": 0,
    "depreciationAndAmortization": 90000000,
    "ebitda": 316000000,
    "ebitdaratio": 0.241221374,
    "operatingIncome": 226000000,
    "operatingIncomeRatio": 0.172519084,
    "totalOtherIncomeExpensesNet": -68000000,
    "incomeBeforeTax": 158000000,
    "incomeBeforeTaxRatio": 0.120610687,
    "incomeTaxExpense": 61000000,
    "netIncome": 329000000,
    "netIncomeRatio": 0.2511450382,
    "eps": 0.5,
    "epsdiluted": 0.5,
    "weightedAverageShsOut": 656000000,
    "weightedAverageShsOutDil": 661600000,
    "link": null,
    "finalLink": null
  },
  {
    "date": "2007-12-31",
    "symbol": "FI",
    "reportedCurrency": "USD",
    "cik": "0000798354",
    "fillingDate": "2007-12-31",
    "acceptedDate": "2007-12-31 00:00:00",
    "calendarYear": "2007",
    "period": "Q4",
    "revenue": 383136000,
    "costOfRevenue": 131599000,
    "grossProfit": 251537000,
    "grossProfitRatio": 0.6565214441,
    "researchAndDevelopmentExpenses": 0,
    "generalAndAdministrativeExpenses": 0,
    "sellingAndMarketingExpenses": 0,
    "sellingGeneralAndAdministrativeExpenses": 96477000,
    "otherExpenses": 0,
    "operatingExpenses": 96477000,
    "costAndExpenses": 228076000,
    "interestIncome": 0,
    "interestExpense": 0,
    "depreciationAndAmortization": 41386000,
    "ebitda": 196446000,
    "ebitdaratio": 0.5127317715,
    "operatingIncome": 155060000,
    "operatingIncomeRatio": 0.4047126869,
    "totalOtherIncomeExpensesNet": -35791000,
    "incomeBeforeTax": 119269000,
    "incomeBeforeTaxRatio": 0.3112967719,
    "incomeTaxExpense": 44934000,
    "netIncome": 96326000,
    "netIncomeRatio": 0.2514146413,
    "eps": 0.15,
    "epsdiluted": 0.14,
    "weightedAverageShsOut": 656800000,
    "weightedAverageShsOutDil": 664400000,
    "link": null,
    "finalLink": null
  },
  {
    "date": "2007-09-30",
    "symbol": "FI",
    "reportedCurrency": "USD",
    "cik": "0000798354",
    "fillingDate": "2007-09-30",
    "acceptedDate": "2007-09-30 00:00:00",
    "calendarYear": "2007",
    "period": "Q3",
    "revenue": 1173747000,
    "costOfRevenue": 826289000,
    "grossProfit": 347458000,
    "grossProfitRatio": 0.2960246118,
    "researchAndDevelopmentExpenses": 0,
    "generalAndAdministrativeExpenses": 0,
    "sellingAndMarketingExpenses": 0,
    "sellingGeneralAndAdministrativeExpenses": 141483000,
    "otherExpenses": 0,
    "operatingExpenses": 120000000,
    "costAndExpenses": 732000000,
    "interestIncome": 0,
    "interestExpense": 0,
    "depreciationAndAmortization": 51000000,
    "ebitda": 243000000,
    "ebitdaratio": 0.2070292831,
    "operatingIncome": 192000000,
    "operatingIncomeRatio": 0.1635786929,
    "totalOtherIncomeExpensesNet": -12000000,
    "incomeBeforeTax": 193321000,
    "incomeBeforeTaxRatio": 0.1647041483,
    "incomeTaxExpense": 68000000,
    "netIncome": 121000000,
    "netIncomeRatio": 0.1030886554,
    "eps": 0.18,
    "epsdiluted": 0.18,
    "weightedAverageShsOut": 658800000,
    "weightedAverageShsOutDil": 666400000,
    "link": null,
    "finalLink": null
  },
  {
    "date": "2007-06-30",
    "symbol": "FI",
    "reportedCurrency": "USD",
    "cik": "0000798354",
    "fillingDate": "2007-06-30",
    "acceptedDate": "2007-06-30 00:00:00",
    "calendarYear": "2007",
    "period": "Q2",
    "revenue": 1180136000,
    "costOfRevenue": 834330000,
    "grossProfit": 345806000,
    "grossProfitRatio": 0.2930221602,
    "researchAndDevelopmentExpenses": 0,
    "generalAndAdministrativeExpenses": 0,
    "sellingAndMarketingExpenses": 0,
    "sellingGeneralAndAdministrativeExpenses": 164686000,
    "otherExpenses": 0,
    "operatingExpenses": 133000000,
    "costAndExpenses": 757000000,
    "interestIncome": 0,
    "interestExpense": 0,
    "depreciationAndAmortization": 58000000,
    "ebitda": 240000000,
    "ebitdaratio": 0.2033663917,
    "operatingIncome": 182000000,
    "operatingIncomeRatio": 0.1542195137,
    "totalOtherIncomeExpensesNet": -11000000,
    "incomeBeforeTax": 169675000,
    "incomeBeforeTaxRatio": 0.1437758021,
    "incomeTaxExpense": 66000000,
    "netIncome": 108000000,
    "netIncomeRatio": 0.0915148763,
    "eps": 0.16,
    "epsdiluted": 0.16,
    "weightedAverageShsOut": 669600000,
    "weightedAverageShsOutDil": 679600000,
    "link": null,
    "finalLink": null
  },
  {
    "date": "2007-03-31",
    "symbol": "FI",
    "reportedCurrency": "USD",
    "cik": "0000798354",
    "fillingDate": "2007-03-31",
    "acceptedDate": "2007-03-31 00:00:00",
    "calendarYear": "2007",
    "period": "Q1",
    "revenue": 1219419000,
    "costOfRevenue": 868625000,
    "grossProfit": 350794000,
    "grossProfitRatio": 0.287673064,
    "researchAndDevelopmentExpenses": 0,
    "generalAndAdministrativeExpenses": 0,
    "sellingAndMarketingExpenses": 0,
    "sellingGeneralAndAdministrativeExpenses": 157425000,
    "otherExpenses": 0,
    "operatingExpenses": 157000000,
    "costAndExpenses": 1026000000,
    "interestIncome": 0,
    "interestExpense": 0,
    "depreciationAndAmortization": 43000000,
    "ebitda": 236000000,
    "ebitdaratio": 0.1935347899,
    "operatingIncome": 193000000,
    "operatingIncomeRatio": 0.1582720952,
    "totalOtherIncomeExpensesNet": -8000000,
    "incomeBeforeTax": 184981000,
    "incomeBeforeTaxRatio": 0.1516960126,
    "incomeTaxExpense": 71000000,
    "netIncome": 114000000,
    "netIncomeRatio": 0.0934871443,
    "eps": 0.17,
    "epsdiluted": 0.17,
    "weightedAverageShsOut": 680000000,
    "weightedAverageShsOutDil": 690400000,
    "link": null,
    "finalLink": null
  },
  {
    "date": "2006-12-31",
    "symbol": "FI",
    "reportedCurrency": "USD",
    "cik": "0000798354",
    "fillingDate": "2006-12-31",
    "acceptedDate": "2006-12-31 00:00:00",
    "calendarYear": "2006",
    "period": "Q4",
    "revenue": 1197741000,
    "costOfRevenue": 861958000,
    "grossProfit": 335783000,
    "grossProfitRatio": 0.2803469197,
    "researchAndDevelopmentExpenses": 0,
    "generalAndAdministrativeExpenses": 0,
    "sellingAndMarketingExpenses": 0,
    "sellingGeneralAndAdministrativeExpenses": 154384000,
    "otherExpenses": 0,
    "operatingExpenses": 154384000,
    "costAndExpenses": 1016342000,
    "interestIncome": 0,
    "interestExpense": 0,
    "depreciationAndAmortization": 56158000,
    "ebitda": 237557000,
    "ebitdaratio": 0.1983375371,
    "operatingIncome": 181399000,
    "operatingIncomeRatio": 0.1514509397,
    "totalOtherIncomeExpensesNet": -9129000,
    "incomeBeforeTax": 172270000,
    "incomeBeforeTaxRatio": 0.1438290916,
    "incomeTaxExpense": 66324000,
    "netIncome": 105946000,
    "netIncomeRatio": 0.0884548496,
    "eps": 0.16,
    "epsdiluted": 0.15,
    "weightedAverageShsOut": 688444000,
    "weightedAverageShsOutDil": 699164000,
    "link": null,
    "finalLink": null
  },
  {
    "date": "2006-09-30",
    "symbol": "FI",
    "reportedCurrency": "USD",
    "cik": "0000798354",
    "fillingDate": "2006-09-30",
    "acceptedDate": "2006-09-30 00:00:00",
    "calendarYear": "2006",
    "period": "Q3",
    "revenue": 1156545000,
    "costOfRevenue": 824708000,
    "grossProfit": 331837000,
    "grossProfitRatio": 0.2869209585,
    "researchAndDevelopmentExpenses": 0,
    "generalAndAdministrativeExpenses": 0,
    "sellingAndMarketingExpenses": 0,
    "sellingGeneralAndAdministrativeExpenses": 146097000,
    "otherExpenses": 0,
    "operatingExpenses": 139905000,
    "costAndExpenses": 942138000,
    "interestIncome": 0,
    "interestExpense": 0,
    "depreciationAndAmortization": 47414000,
    "ebitda": 227793000,
    "ebitdaratio": 0.1969599108,
    "operatingIncome": 180379000,
    "operatingIncomeRatio": 0.1559636676,
    "totalOtherIncomeExpensesNet": -11582000,
    "incomeBeforeTax": 175753000,
    "incomeBeforeTaxRatio": 0.1519638233,
    "incomeTaxExpense": 63641000,
    "netIncome": 110088000,
    "netIncomeRatio": 0.0951869577,
    "eps": 0.16,
    "epsdiluted": 0.16,
    "weightedAverageShsOut": 693704000,
    "weightedAverageShsOutDil": 703500000,
    "link": null,
    "finalLink": null
  },
  {
    "date": "2006-06-30",
    "symbol": "FI",
    "reportedCurrency": "USD",
    "cik": "0000798354",
    "fillingDate": "2006-06-30",
    "acceptedDate": "2006-06-30 00:00:00",
    "calendarYear": "2006",
    "period": "Q2",
    "revenue": 1093197000,
    "costOfRevenue": 765788000,
    "grossProfit": 327409000,
    "grossProfitRatio": 0.299496797,
    "researchAndDevelopmentExpenses": 0,
    "generalAndAdministrativeExpenses": 0,
    "sellingAndMarketingExpenses": 0,
    "sellingGeneralAndAdministrativeExpenses": 143220000,
    "otherExpenses": 0,
    "operatingExpenses": 137569000,
    "costAndExpenses": 880926000,
    "interestIncome": 0,
    "interestExpense": 0,
    "depreciationAndAmortization": 40139000,
    "ebitda": 216707000,
    "ebitdaratio": 0.1982323406,
    "operatingIncome": 176568000,
    "operatingIncomeRatio": 0.1615152621,
    "totalOtherIncomeExpensesNet": -10351000,
    "incomeBeforeTax": 175415000,
    "incomeBeforeTaxRatio": 0.1604605574,
    "incomeTaxExpense": 61639000,
    "netIncome": 117669000,
    "netIncomeRatio": 0.1076375072,
    "eps": 0.17,
    "epsdiluted": 0.17,
    "weightedAverageShsOut": 700452000,
    "weightedAverageShsOutDil": 710204000,
    "link": null,
    "finalLink": null
  },
  {
    "date": "2006-03-31",
    "symbol": "FI",
    "reportedCurrency": "USD",
    "cik": "0000798354",
    "fillingDate": "2006-03-31",
    "acceptedDate": "2006-03-31 00:00:00",
    "calendarYear": "2006",
    "period": "Q1",
    "revenue": 1096668000,
    "costOfRevenue": 758062000,
    "grossProfit": 338606000,
    "grossProfitRatio": 0.3087588951,
    "researchAndDevelopmentExpenses": 0,
    "generalAndAdministrativeExpenses": 0,
    "sellingAndMarketingExpenses": 0,
    "sellingGeneralAndAdministrativeExpenses": 145653000,
    "otherExpenses": 0,
    "operatingExpenses": 145653000,
    "costAndExpenses": 903715000,
    "interestIncome": 0,
    "interestExpense": 0,
    "depreciationAndAmortization": 47366000,
    "ebitda": 240319000,
    "ebitdaratio": 0.2191355998,
    "operatingIncome": 192953000,
    "operatingIncomeRatio": 0.1759447709,
    "totalOtherIncomeExpensesNet": -6106000,
    "incomeBeforeTax": 186847000,
    "incomeBeforeTaxRatio": 0.1703769965,
    "incomeTaxExpense": 70636000,
    "netIncome": 116211000,
    "netIncomeRatio": 0.1059673484,
    "eps": 0.16,
    "epsdiluted": 0.16,
    "weightedAverageShsOut": 717404000,
    "weightedAverageShsOutDil": 727132000,
    "link": null,
    "finalLink": null
  },
  {
    "date": "2005-12-31",
    "symbol": "FI",
    "reportedCurrency": "USD",
    "cik": "0000798354",
    "fillingDate": "2005-12-31",
    "acceptedDate": "2005-12-31 00:00:00",
    "calendarYear": "2005",
    "period": "Q4",
    "revenue": 1078293000,
    "costOfRevenue": 1962363000,
    "grossProfit": -884070000,
    "grossProfitRatio": -0.819879198,
    "researchAndDevelopmentExpenses": 0,
    "generalAndAdministrativeExpenses": 0,
    "sellingAndMarketingExpenses": 0,
    "sellingGeneralAndAdministrativeExpenses": -950234000,
    "otherExpenses": -132452000,
    "operatingExpenses": -1082686000,
    "costAndExpenses": 879677000,
    "interestIncome": 0,
    "interestExpense": 0,
    "depreciationAndAmortization": 46727000,
    "ebitda": 245343000,
    "ebitdaratio": 0.2275290668,
    "operatingIncome": 198616000,
    "operatingIncomeRatio": 0.1841948339,
    "totalOtherIncomeExpensesNet": 37474000,
    "incomeBeforeTax": 236090000,
    "incomeBeforeTaxRatio": 0.2189479112,
    "incomeTaxExpense": 87714000,
    "netIncome": 150476000,
    "netIncomeRatio": 0.1395501965,
    "eps": 0.21,
    "epsdiluted": 0.2,
    "weightedAverageShsOut": 734128000,
    "weightedAverageShsOutDil": 742412000,
    "link": null,
    "finalLink": null
  },
  {
    "date": "2005-09-30",
    "symbol": "FI",
    "reportedCurrency": "USD",
    "cik": "0000798354",
    "fillingDate": "2005-09-30",
    "acceptedDate": "2005-09-30 00:00:00",
    "calendarYear": "2005",
    "period": "Q3",
    "revenue": 1011645000,
    "costOfRevenue": 301217000,
    "grossProfit": 710428000,
    "grossProfitRatio": 0.7022502953,
    "researchAndDevelopmentExpenses": 0,
    "generalAndAdministrativeExpenses": 0,
    "sellingAndMarketingExpenses": 0,
    "sellingGeneralAndAdministrativeExpenses": 494626000,
    "otherExpenses": 0,
    "operatingExpenses": 129659000,
    "costAndExpenses": 840126000,
    "interestIncome": 0,
    "interestExpense": 0,
    "depreciationAndAmortization": 44283000,
    "ebitda": 215802000,
    "ebitdaratio": 0.2133179129,
    "operatingIncome": 171519000,
    "operatingIncomeRatio": 0.1695446525,
    "totalOtherIncomeExpensesNet": -3429000,
    "incomeBeforeTax": 168090000,
    "incomeBeforeTaxRatio": 0.1661551236,
    "incomeTaxExpense": 58751000,
    "netIncome": 112939000,
    "netIncomeRatio": 0.1116389643,
    "eps": 0.15,
    "epsdiluted": 0.15,
    "weightedAverageShsOut": 749624000,
    "weightedAverageShsOutDil": 758704000,
    "link": null,
    "finalLink": null
  },
  {
    "date": "2005-06-30",
    "symbol": "FI",
    "reportedCurrency": "USD",
    "cik": "0000798354",
    "fillingDate": "2005-06-30",
    "acceptedDate": "2005-06-30 00:00:00",
    "calendarYear": "2005",
    "period": "Q2",
    "revenue": 996426000,
    "costOfRevenue": 277957000,
    "grossProfit": 718469000,
    "grossProfitRatio": 0.7210460185,
    "researchAndDevelopmentExpenses": 0,
    "generalAndAdministrativeExpenses": 0,
    "sellingAndMarketingExpenses": 0,
    "sellingGeneralAndAdministrativeExpenses": 486078000,
    "otherExpenses": 0,
    "operatingExpenses": 126310000,
    "costAndExpenses": 809181000,
    "interestIncome": 0,
    "interestExpense": 0,
    "depreciationAndAmortization": 45146000,
    "ebitda": 232391000,
    "ebitdaratio": 0.2332245445,
    "operatingIncome": 187245000,
    "operatingIncomeRatio": 0.187916614,
    "totalOtherIncomeExpensesNet": -1280000,
    "incomeBeforeTax": 185965000,
    "incomeBeforeTaxRatio": 0.1866320228,
    "incomeTaxExpense": 71968000,
    "netIncome": 113997000,
    "netIncomeRatio": 0.1144058866,
    "eps": 0.15,
    "epsdiluted": 0.15,
    "weightedAverageShsOut": 763516000,
    "weightedAverageShsOutDil": 772908000,
    "link": null,
    "finalLink": null
  },
  {
    "date": "2005-03-31",
    "symbol": "FI",
    "reportedCurrency": "USD",
    "cik": "0000798354",
    "fillingDate": "2005-03-31",
    "acceptedDate": "2005-03-31 00:00:00",
    "calendarYear": "2005",
    "period": "Q1",
    "revenue": 973114000,
    "costOfRevenue": 398591000,
    "grossProfit": 574523000,
    "grossProfitRatio": 0.5903963975,
    "researchAndDevelopmentExpenses": 0,
    "generalAndAdministrativeExpenses": 0,
    "sellingAndMarketingExpenses": 0,
    "sellingGeneralAndAdministrativeExpenses": 343484000,
    "otherExpenses": 0,
    "operatingExpenses": 123199000,
    "costAndExpenses": 785098000,
    "interestIncome": 0,
    "interestExpense": 0,
    "depreciationAndAmortization": 43023000,
    "ebitda": 231039000,
    "ebitdaratio": 0.237422337,
    "operatingIncome": 188016000,
    "operatingIncomeRatio": 0.1932106619,
    "totalOtherIncomeExpensesNet": 39790000,
    "incomeBeforeTax": 227806000,
    "incomeBeforeTaxRatio": 0.2341000129,
    "incomeTaxExpense": 88161000,
    "netIncome": 139026000,
    "netIncomeRatio": 0.1428671255,
    "eps": 0.18,
    "epsdiluted": 0.18,
    "weightedAverageShsOut": 773532000,
    "weightedAverageShsOutDil": 781980000,
    "link": null,
    "finalLink": null
  },
  {
    "date": "2004-12-31",
    "symbol": "FI",
    "reportedCurrency": "USD",
    "cik": "0000798354",
    "fillingDate": "2004-12-31",
    "acceptedDate": "2004-12-31 00:00:00",
    "calendarYear": "2004",
    "period": "Q4",
    "revenue": 888152000,
    "costOfRevenue": 0,
    "grossProfit": 888152000,
    "grossProfitRatio": 1,
    "researchAndDevelopmentExpenses": 0,
    "generalAndAdministrativeExpenses": 0,
    "sellingAndMarketingExpenses": 0,
    "sellingGeneralAndAdministrativeExpenses": -523505000,
    "otherExpenses": 1229954000,
    "operatingExpenses": 706449000,
    "costAndExpenses": 706449000,
    "interestIncome": 0,
    "interestExpense": 0,
    "depreciationAndAmortization": 45042000,
    "ebitda": 226745000,
    "ebitdaratio": 0.2552997685,
    "operatingIncome": 181703000,
    "operatingIncomeRatio": 0.2045854764,
    "totalOtherIncomeExpensesNet": -4581000,
    "incomeBeforeTax": 177122000,
    "incomeBeforeTaxRatio": 0.1994275755,
    "incomeTaxExpense": 62413000,
    "netIncome": 97453000,
    "netIncomeRatio": 0.1097255875,
    "eps": 0.13,
    "epsdiluted": 0.12,
    "weightedAverageShsOut": 779936000,
    "weightedAverageShsOutDil": 788932000,
    "link": null,
    "finalLink": null
  },
  {
    "date": "2004-09-30",
    "symbol": "FI",
    "reportedCurrency": "USD",
    "cik": "0000798354",
    "fillingDate": "2004-09-30",
    "acceptedDate": "2004-09-30 00:00:00",
    "calendarYear": "2004",
    "period": "Q3",
    "revenue": 958094000,
    "costOfRevenue": 247265000,
    "grossProfit": 710829000,
    "grossProfitRatio": 0.7419198951,
    "researchAndDevelopmentExpenses": 0,
    "generalAndAdministrativeExpenses": 0,
    "sellingAndMarketingExpenses": 0,
    "sellingGeneralAndAdministrativeExpenses": 751966000,
    "otherExpenses": 44439000,
    "operatingExpenses": 513729000,
    "costAndExpenses": 760994000,
    "interestIncome": 0,
    "interestExpense": 0,
    "depreciationAndAmortization": 44439000,
    "ebitda": 218137000,
    "ebitdaratio": 0.2276780775,
    "operatingIncome": 173698000,
    "operatingIncomeRatio": 0.1812953635,
    "totalOtherIncomeExpensesNet": -4395000,
    "incomeBeforeTax": 156322000,
    "incomeBeforeTaxRatio": 0.163159356,
    "incomeTaxExpense": 65008000,
    "netIncome": 92357000,
    "netIncomeRatio": 0.0963965957,
    "eps": 0.12,
    "epsdiluted": 0.12,
    "weightedAverageShsOut": 781336000,
    "weightedAverageShsOutDil": 789888000,
    "link": null,
    "finalLink": null
  },
  {
    "date": "2004-06-30",
    "symbol": "FI",
    "reportedCurrency": "USD",
    "cik": "0000798354",
    "fillingDate": "2004-06-30",
    "acceptedDate": "2004-06-30 00:00:00",
    "calendarYear": "2004",
    "period": "Q2",
    "revenue": 946020000,
    "costOfRevenue": 254620000,
    "grossProfit": 691400000,
    "grossProfitRatio": 0.7308513562,
    "researchAndDevelopmentExpenses": 0,
    "generalAndAdministrativeExpenses": 0,
    "sellingAndMarketingExpenses": 0,
    "sellingGeneralAndAdministrativeExpenses": 483168000,
    "otherExpenses": 46939000,
    "operatingExpenses": 515023000,
    "costAndExpenses": 757861000,
    "interestIncome": 0,
    "interestExpense": 0,
    "depreciationAndAmortization": 46939000,
    "ebitda": 208851000,
    "ebitdaratio": 0.2207680599,
    "operatingIncome": 161912000,
    "operatingIncomeRatio": 0.1711507156,
    "totalOtherIncomeExpensesNet": -4486000,
    "incomeBeforeTax": 155794000,
    "incomeBeforeTaxRatio": 0.1646836219,
    "incomeTaxExpense": 61331000,
    "netIncome": 95034000,
    "netIncomeRatio": 0.10045665,
    "eps": 0.12,
    "epsdiluted": 0.12,
    "weightedAverageShsOut": 780204000,
    "weightedAverageShsOutDil": 789516000,
    "link": null,
    "finalLink": null
  },
  {
    "date": "2004-03-31",
    "symbol": "FI",
    "reportedCurrency": "USD",
    "cik": "0000798354",
    "fillingDate": "2004-03-31",
    "acceptedDate": "2004-03-31 00:00:00",
    "calendarYear": "2004",
    "period": "Q1",
    "revenue": 937480000,
    "costOfRevenue": 392862000,
    "grossProfit": 544618000,
    "grossProfitRatio": 0.58093826,
    "researchAndDevelopmentExpenses": 0,
    "generalAndAdministrativeExpenses": 0,
    "sellingAndMarketingExpenses": 0,
    "sellingGeneralAndAdministrativeExpenses": 340800000,
    "otherExpenses": 45912000,
    "operatingExpenses": 375498000,
    "costAndExpenses": 747539000,
    "interestIncome": 0,
    "interestExpense": 0,
    "depreciationAndAmortization": 45912000,
    "ebitda": 207250000,
    "ebitdaratio": 0.2210713829,
    "operatingIncome": 161338000,
    "operatingIncomeRatio": 0.1720975381,
    "totalOtherIncomeExpensesNet": -4732000,
    "incomeBeforeTax": 152128000,
    "incomeBeforeTaxRatio": 0.1622733285,
    "incomeTaxExpense": 60897000,
    "netIncome": 92798000,
    "netIncomeRatio": 0.098986645,
    "eps": 0.12,
    "epsdiluted": 0.12,
    "weightedAverageShsOut": 778220000,
    "weightedAverageShsOutDil": 788252000,
    "link": null,
    "finalLink": null
  },
  {
    "date": "2003-12-31",
    "symbol": "FI",
    "reportedCurrency": "USD",
    "cik": "0000798354",
    "fillingDate": "2003-12-31",
    "acceptedDate": "2003-12-31 00:00:00",
    "calendarYear": "2003",
    "period": "Q4",
    "revenue": 791505000,
    "costOfRevenue": 460399000,
    "grossProfit": 331106000,
    "grossProfitRatio": 0.4183245842,
    "researchAndDevelopmentExpenses": 0,
    "generalAndAdministrativeExpenses": 0,
    "sellingAndMarketingExpenses": 0,
    "sellingGeneralAndAdministrativeExpenses": 141350000,
    "otherExpenses": 50740000,
    "operatingExpenses": 192090000,
    "costAndExpenses": 652489000,
    "interestIncome": 0,
    "interestExpense": 0,
    "depreciationAndAmortization": 50740000,
    "ebitda": 189756000,
    "ebitdaratio": 0.2397407471,
    "operatingIncome": 139016000,
    "operatingIncomeRatio": 0.1756350244,
    "totalOtherIncomeExpensesNet": -4632000,
    "incomeBeforeTax": 134384000,
    "incomeBeforeTaxRatio": 0.169782882,
    "incomeTaxExpense": 52410000,
    "netIncome": 81974000,
    "netIncomeRatio": 0.1035672548,
    "eps": 0.11,
    "epsdiluted": 0.11,
    "weightedAverageShsOut": 775914331,
    "weightedAverageShsOutDil": 782214037,
    "link": null,
    "finalLink": null
  },
  {
    "date": "2003-09-30",
    "symbol": "FI",
    "reportedCurrency": "USD",
    "cik": "0000798354",
    "fillingDate": "2003-09-30",
    "acceptedDate": "2003-09-30 00:00:00",
    "calendarYear": "2003",
    "period": "Q3",
    "revenue": 796052000,
    "costOfRevenue": 290866000,
    "grossProfit": 505186000,
    "grossProfitRatio": 0.6346143217,
    "researchAndDevelopmentExpenses": 0,
    "generalAndAdministrativeExpenses": 0,
    "sellingAndMarketingExpenses": 0,
    "sellingGeneralAndAdministrativeExpenses": 325222000,
    "otherExpenses": -247197000,
    "operatingExpenses": 358800000,
    "costAndExpenses": 649666000,
    "interestIncome": 0,
    "interestExpense": 0,
    "depreciationAndAmortization": 43669000,
    "ebitda": 179964000,
    "ebitdaratio": 0.2260706587,
    "operatingIncome": 136295000,
    "operatingIncomeRatio": 0.1712136896,
    "totalOtherIncomeExpensesNet": -4472000,
    "incomeBeforeTax": 131823000,
    "incomeBeforeTaxRatio": 0.1655959661,
    "incomeTaxExpense": 51411000,
    "netIncome": 80412000,
    "netIncomeRatio": 0.1010135016,
    "eps": 0.11,
    "epsdiluted": 0.1,
    "weightedAverageShsOut": 774504000,
    "weightedAverageShsOutDil": 786112000,
    "link": null,
    "finalLink": null
  },
  {
    "date": "2003-06-30",
    "symbol": "FI",
    "reportedCurrency": "USD",
    "cik": "0000798354",
    "fillingDate": "2003-06-30",
    "acceptedDate": "2003-06-30 00:00:00",
    "calendarYear": "2003",
    "period": "Q2",
    "revenue": 738615000,
    "costOfRevenue": 180768000,
    "grossProfit": 557847000,
    "grossProfitRatio": 0.7552608599,
    "researchAndDevelopmentExpenses": 0,
    "generalAndAdministrativeExpenses": 0,
    "sellingAndMarketingExpenses": 0,
    "sellingGeneralAndAdministrativeExpenses": 385804000,
    "otherExpenses": 39983000,
    "operatingExpenses": 425787000,
    "costAndExpenses": 606555000,
    "interestIncome": 0,
    "interestExpense": 0,
    "depreciationAndAmortization": 39983000,
    "ebitda": 172043000,
    "ebitdaratio": 0.2329264908,
    "operatingIncome": 132060000,
    "operatingIncomeRatio": 0.1787940944,
    "totalOtherIncomeExpensesNet": -3474000,
    "incomeBeforeTax": 128586000,
    "incomeBeforeTaxRatio": 0.1740906968,
    "incomeTaxExpense": 50148000,
    "netIncome": 78438000,
    "netIncomeRatio": 0.1061960561,
    "eps": 0.1,
    "epsdiluted": 0.1,
    "weightedAverageShsOut": 773180000,
    "weightedAverageShsOutDil": 783244000,
    "link": null,
    "finalLink": null
  },
  {
    "date": "2003-03-31",
    "symbol": "FI",
    "reportedCurrency": "USD",
    "cik": "0000798354",
    "fillingDate": "2003-03-31",
    "acceptedDate": "2003-03-31 00:00:00",
    "calendarYear": "2003",
    "period": "Q1",
    "revenue": 707498000,
    "costOfRevenue": 167942000,
    "grossProfit": 539556000,
    "grossProfitRatio": 0.7626254774,
    "researchAndDevelopmentExpenses": 0,
    "generalAndAdministrativeExpenses": 0,
    "sellingAndMarketingExpenses": 0,
    "sellingGeneralAndAdministrativeExpenses": 377560000,
    "otherExpenses": 37399000,
    "operatingExpenses": 414959000,
    "costAndExpenses": 582901000,
    "interestIncome": 0,
    "interestExpense": 0,
    "depreciationAndAmortization": 37399000,
    "ebitda": 161996000,
    "ebitdaratio": 0.2289702586,
    "operatingIncome": 124597000,
    "operatingIncomeRatio": 0.1761093318,
    "totalOtherIncomeExpensesNet": -2977000,
    "incomeBeforeTax": 121620000,
    "incomeBeforeTaxRatio": 0.171901546,
    "incomeTaxExpense": 47432000,
    "netIncome": 74188000,
    "netIncomeRatio": 0.1048596604,
    "eps": 0.0975,
    "epsdiluted": 0.095,
    "weightedAverageShsOut": 768548000,
    "weightedAverageShsOutDil": 778984000,
    "link": null,
    "finalLink": null
  },
  {
    "date": "2002-12-31",
    "symbol": "FI",
    "reportedCurrency": "USD",
    "cik": "0000798354",
    "fillingDate": "2002-12-31",
    "acceptedDate": "2002-12-31 00:00:00",
    "calendarYear": "2002",
    "period": "Q4",
    "revenue": 668861000,
    "costOfRevenue": -83578000,
    "grossProfit": 752439000,
    "grossProfitRatio": 1.1249557083,
    "researchAndDevelopmentExpenses": 0,
    "generalAndAdministrativeExpenses": 0,
    "sellingAndMarketingExpenses": 0,
    "sellingGeneralAndAdministrativeExpenses": 573083000,
    "otherExpenses": 65519000,
    "operatingExpenses": 638602000,
    "costAndExpenses": 555024000,
    "interestIncome": 0,
    "interestExpense": 0,
    "depreciationAndAmortization": 65519000,
    "ebitda": 179356000,
    "ebitdaratio": 0.2681513797,
    "operatingIncome": 113837000,
    "operatingIncomeRatio": 0.1701953022,
    "totalOtherIncomeExpensesNet": -1988000,
    "incomeBeforeTax": 111849000,
    "incomeBeforeTaxRatio": 0.1672230852,
    "incomeTaxExpense": 43621000,
    "netIncome": 68228000,
    "netIncomeRatio": 0.1020062464,
    "eps": 0.09,
    "epsdiluted": 0.09,
    "weightedAverageShsOut": 766899482,
    "weightedAverageShsOutDil": 766899482,
    "link": null,
    "finalLink": null
  },
  {
    "date": "2002-09-30",
    "symbol": "FI",
    "reportedCurrency": "USD",
    "cik": "0000798354",
    "fillingDate": "2002-09-30",
    "acceptedDate": "2002-09-30 00:00:00",
    "calendarYear": "2002",
    "period": "Q3",
    "revenue": 635672000,
    "costOfRevenue": 230455000,
    "grossProfit": 405217000,
    "grossProfitRatio": 0.637462402,
    "researchAndDevelopmentExpenses": 0,
    "generalAndAdministrativeExpenses": 0,
    "sellingAndMarketingExpenses": 0,
    "sellingGeneralAndAdministrativeExpenses": 269239000,
    "otherExpenses": 26155000,
    "operatingExpenses": 295394000,
    "costAndExpenses": 525849000,
    "interestIncome": 0,
    "interestExpense": 0,
    "depreciationAndAmortization": 35281000,
    "ebitda": 145104000,
    "ebitdaratio": 0.2282686669,
    "operatingIncome": 109823000,
    "operatingIncomeRatio": 0.1727667728,
    "totalOtherIncomeExpensesNet": -1378000,
    "incomeBeforeTax": 108445000,
    "incomeBeforeTaxRatio": 0.1705989882,
    "incomeTaxExpense": 42294000,
    "netIncome": 66151000,
    "netIncomeRatio": 0.1040646749,
    "eps": 0.085,
    "epsdiluted": 0.085,
    "weightedAverageShsOut": 768192000,
    "weightedAverageShsOutDil": 768192000,
    "link": null,
    "finalLink": null
  },
  {
    "date": "2002-06-30",
    "symbol": "FI",
    "reportedCurrency": "USD",
    "cik": "0000798354",
    "fillingDate": "2002-06-30",
    "acceptedDate": "2002-06-30 00:00:00",
    "calendarYear": "2002",
    "period": "Q2",
    "revenue": 632426000,
    "costOfRevenue": 187070000,
    "grossProfit": 445356000,
    "grossProfitRatio": 0.704202547,
    "researchAndDevelopmentExpenses": 0,
    "generalAndAdministrativeExpenses": 0,
    "sellingAndMarketingExpenses": 0,
    "sellingGeneralAndAdministrativeExpenses": 309271000,
    "otherExpenses": 25220000,
    "operatingExpenses": 334491000,
    "costAndExpenses": 521561000,
    "interestIncome": 0,
    "interestExpense": 0,
    "depreciationAndAmortization": 34476000,
    "ebitda": 145341000,
    "ebitdaratio": 0.2298150297,
    "operatingIncome": 110865000,
    "operatingIncomeRatio": 0.175301142,
    "totalOtherIncomeExpensesNet": -1611000,
    "incomeBeforeTax": 109254000,
    "incomeBeforeTaxRatio": 0.1727538084,
    "incomeTaxExpense": 42609000,
    "netIncome": 66645000,
    "netIncomeRatio": 0.105379918,
    "eps": 0.0875,
    "epsdiluted": 0.085,
    "weightedAverageShsOut": 765680000,
    "weightedAverageShsOutDil": 781896000,
    "link": null,
    "finalLink": null
  },
  {
    "date": "2002-03-31",
    "symbol": "FI",
    "reportedCurrency": "USD",
    "cik": "0000798354",
    "fillingDate": "2002-03-31",
    "acceptedDate": "2002-03-31 00:00:00",
    "calendarYear": "2002",
    "period": "Q1",
    "revenue": 631928000,
    "costOfRevenue": 188454000,
    "grossProfit": 443474000,
    "grossProfitRatio": 0.7017793166,
    "researchAndDevelopmentExpenses": 0,
    "generalAndAdministrativeExpenses": 0,
    "sellingAndMarketingExpenses": 0,
    "sellingGeneralAndAdministrativeExpenses": 310740000,
    "otherExpenses": 33638000,
    "operatingExpenses": 377374000,
    "costAndExpenses": 523414000,
    "interestIncome": 0,
    "interestExpense": 0,
    "depreciationAndAmortization": 33638000,
    "ebitda": 143067000,
    "ebitdaratio": 0.2263976276,
    "operatingIncome": 109429000,
    "operatingIncomeRatio": 0.1731668798,
    "totalOtherIncomeExpensesNet": 6966000,
    "incomeBeforeTax": 106742000,
    "incomeBeforeTaxRatio": 0.1689148131,
    "incomeTaxExpense": 41629000,
    "netIncome": 65113000,
    "netIncomeRatio": 0.1030386373,
    "eps": 0.085,
    "epsdiluted": 0.0825,
    "weightedAverageShsOut": 762676000,
    "weightedAverageShsOutDil": 780608000,
    "link": null,
    "finalLink": null
  },
  {
    "date": "2001-12-31",
    "symbol": "FI",
    "reportedCurrency": "USD",
    "cik": "0000798354",
    "fillingDate": "2001-12-31",
    "acceptedDate": "2001-12-31 00:00:00",
    "calendarYear": "2001",
    "period": "Q4",
    "revenue": 496736000,
    "costOfRevenue": 131189000,
    "grossProfit": 365547000,
    "grossProfitRatio": 0.7358979418,
    "researchAndDevelopmentExpenses": 0,
    "generalAndAdministrativeExpenses": 0,
    "sellingAndMarketingExpenses": 0,
    "sellingGeneralAndAdministrativeExpenses": 247941000,
    "otherExpenses": 28108000,
    "operatingExpenses": 276049000,
    "costAndExpenses": 407238000,
    "interestIncome": 0,
    "interestExpense": 0,
    "depreciationAndAmortization": 39648000,
    "ebitda": 129146000,
    "ebitdaratio": 0.2599892096,
    "operatingIncome": 89498000,
    "operatingIncomeRatio": 0.1801721639,
    "totalOtherIncomeExpensesNet": -1441000,
    "incomeBeforeTax": 88057000,
    "incomeBeforeTaxRatio": 0.1772712266,
    "incomeTaxExpense": 35223000,
    "netIncome": 52834000,
    "netIncomeRatio": 0.1063623333,
    "eps": 0.07,
    "epsdiluted": 0.07,
    "weightedAverageShsOut": 762666126,
    "weightedAverageShsOutDil": 762666126,
    "link": null,
    "finalLink": null
  },
  {
    "date": "2001-09-30",
    "symbol": "FI",
    "reportedCurrency": "USD",
    "cik": "0000798354",
    "fillingDate": "2001-09-30",
    "acceptedDate": "2001-09-30 00:00:00",
    "calendarYear": "2001",
    "period": "Q3",
    "revenue": 467173000,
    "costOfRevenue": 121898000,
    "grossProfit": 345275000,
    "grossProfitRatio": 0.7390731057,
    "researchAndDevelopmentExpenses": 0,
    "generalAndAdministrativeExpenses": 0,
    "sellingAndMarketingExpenses": 0,
    "sellingGeneralAndAdministrativeExpenses": 227949000,
    "otherExpenses": 28437000,
    "operatingExpenses": 259778000,
    "costAndExpenses": 450016000,
    "interestIncome": 0,
    "interestExpense": 0,
    "depreciationAndAmortization": 36660000,
    "ebitda": 125875000,
    "ebitdaratio": 0.2694398007,
    "operatingIncome": 89215000,
    "operatingIncomeRatio": 0.1909677999,
    "totalOtherIncomeExpensesNet": -6905000,
    "incomeBeforeTax": 87714000,
    "incomeBeforeTaxRatio": 0.1877548574,
    "incomeTaxExpense": 35085000,
    "netIncome": 52629000,
    "netIncomeRatio": 0.1126541988,
    "eps": 0.07,
    "epsdiluted": 0.0675,
    "weightedAverageShsOut": 747776000,
    "weightedAverageShsOutDil": 779688889,
    "link": null,
    "finalLink": null
  },
  {
    "date": "2001-06-30",
    "symbol": "FI",
    "reportedCurrency": "USD",
    "cik": "0000798354",
    "fillingDate": "2001-06-30",
    "acceptedDate": "2001-06-30 00:00:00",
    "calendarYear": "2001",
    "period": "Q2",
    "revenue": 472646000,
    "costOfRevenue": 128846000,
    "grossProfit": 343800000,
    "grossProfitRatio": 0.7273942866,
    "researchAndDevelopmentExpenses": 0,
    "generalAndAdministrativeExpenses": 0,
    "sellingAndMarketingExpenses": 0,
    "sellingGeneralAndAdministrativeExpenses": 227194000,
    "otherExpenses": 27635000,
    "operatingExpenses": 294486000,
    "costAndExpenses": 455245000,
    "interestIncome": 0,
    "interestExpense": 0,
    "depreciationAndAmortization": 35679000,
    "ebitda": 124058000,
    "ebitdaratio": 0.2624755102,
    "operatingIncome": 88379000,
    "operatingIncomeRatio": 0.1869877244,
    "totalOtherIncomeExpensesNet": -7135000,
    "incomeBeforeTax": 86648000,
    "incomeBeforeTaxRatio": 0.183325364,
    "incomeTaxExpense": 34659000,
    "netIncome": 51989000,
    "netIncomeRatio": 0.1099956416,
    "eps": 0.07,
    "epsdiluted": 0.0684,
    "weightedAverageShsOut": 745859072,
    "weightedAverageShsOutDil": 764623688,
    "link": null,
    "finalLink": null
  },
  {
    "date": "2001-03-31",
    "symbol": "FI",
    "reportedCurrency": "USD",
    "cik": "0000798354",
    "fillingDate": "2001-03-31",
    "acceptedDate": "2001-03-31 00:00:00",
    "calendarYear": "2001",
    "period": "Q1",
    "revenue": 453912000,
    "costOfRevenue": 121997000,
    "grossProfit": 331915000,
    "grossProfitRatio": 0.731232045,
    "researchAndDevelopmentExpenses": 0,
    "generalAndAdministrativeExpenses": 0,
    "sellingAndMarketingExpenses": 0,
    "sellingGeneralAndAdministrativeExpenses": 218695000,
    "otherExpenses": 27097000,
    "operatingExpenses": 283648000,
    "costAndExpenses": 441046000,
    "interestIncome": 0,
    "interestExpense": 0,
    "depreciationAndAmortization": 35709000,
    "ebitda": 122314000,
    "ebitdaratio": 0.2694663283,
    "operatingIncome": 86605000,
    "operatingIncomeRatio": 0.1907968946,
    "totalOtherIncomeExpensesNet": -7400000,
    "incomeBeforeTax": 84609000,
    "incomeBeforeTaxRatio": 0.1863995664,
    "incomeTaxExpense": 33844000,
    "netIncome": 50765000,
    "netIncomeRatio": 0.1118388586,
    "eps": 0.0684,
    "epsdiluted": 0.0667,
    "weightedAverageShsOut": 744275864,
    "weightedAverageShsOutDil": 763016492,
    "link": null,
    "finalLink": null
  },
  {
    "date": "2000-12-31",
    "symbol": "FI",
    "reportedCurrency": "USD",
    "cik": "0000798354",
    "fillingDate": "2000-12-31",
    "acceptedDate": "2000-12-31 00:00:00",
    "calendarYear": "2000",
    "period": "Q4",
    "revenue": 434581000,
    "costOfRevenue": 111530000,
    "grossProfit": 323051000,
    "grossProfitRatio": 0.743361997,
    "researchAndDevelopmentExpenses": 0,
    "generalAndAdministrativeExpenses": 0,
    "sellingAndMarketingExpenses": 0,
    "sellingGeneralAndAdministrativeExpenses": 206581000,
    "otherExpenses": 38729000,
    "operatingExpenses": 245310000,
    "costAndExpenses": 356840000,
    "interestIncome": 0,
    "interestExpense": 0,
    "depreciationAndAmortization": 38729000,
    "ebitda": 116470000,
    "ebitdaratio": 0.268005274,
    "operatingIncome": 77741000,
    "operatingIncomeRatio": 0.17888725,
    "totalOtherIncomeExpensesNet": -3005000,
    "incomeBeforeTax": 74736000,
    "incomeBeforeTaxRatio": 0.1719725437,
    "incomeTaxExpense": 30641000,
    "netIncome": 44095000,
    "netIncomeRatio": 0.1014655496,
    "eps": 0.06,
    "epsdiluted": 0.0583,
    "weightedAverageShsOut": 742320000,
    "weightedAverageShsOutDil": 762924000,
    "link": null,
    "finalLink": null
  },
  {
    "date": "2000-09-30",
    "symbol": "FI",
    "reportedCurrency": "USD",
    "cik": "0000798354",
    "fillingDate": "2000-09-30",
    "acceptedDate": "2000-09-30 00:00:00",
    "calendarYear": "2000",
    "period": "Q3",
    "revenue": 406189000,
    "costOfRevenue": 95291000,
    "grossProfit": 310898000,
    "grossProfitRatio": 0.7654023127,
    "researchAndDevelopmentExpenses": 0,
    "generalAndAdministrativeExpenses": 0,
    "sellingAndMarketingExpenses": 0,
    "sellingGeneralAndAdministrativeExpenses": 198617000,
    "otherExpenses": 34058000,
    "operatingExpenses": 232675000,
    "costAndExpenses": 327966000,
    "interestIncome": 0,
    "interestExpense": 0,
    "depreciationAndAmortization": 34058000,
    "ebitda": 112281000,
    "ebitdaratio": 0.2764255064,
    "operatingIncome": 78223000,
    "operatingIncomeRatio": 0.1925778394,
    "totalOtherIncomeExpensesNet": -2388000,
    "incomeBeforeTax": 75835000,
    "incomeBeforeTaxRatio": 0.1866988028,
    "incomeTaxExpense": 31093000,
    "netIncome": 44742000,
    "netIncomeRatio": 0.1101506934,
    "eps": 0.06,
    "epsdiluted": 0.0583,
    "weightedAverageShsOut": 740604000,
    "weightedAverageShsOutDil": 762270000,
    "link": null,
    "finalLink": null
  },
  {
    "date": "2000-06-30",
    "symbol": "FI",
    "reportedCurrency": "USD",
    "cik": "0000798354",
    "fillingDate": "2000-06-30",
    "acceptedDate": "2000-06-30 00:00:00",
    "calendarYear": "2000",
    "period": "Q2",
    "revenue": 416434000,
    "costOfRevenue": 97140000,
    "grossProfit": 319294000,
    "grossProfitRatio": 0.7667337441,
    "researchAndDevelopmentExpenses": 0,
    "generalAndAdministrativeExpenses": 0,
    "sellingAndMarketingExpenses": 0,
    "sellingGeneralAndAdministrativeExpenses": 198029000,
    "otherExpenses": 41877000,
    "operatingExpenses": 239906000,
    "costAndExpenses": 337046000,
    "interestIncome": 0,
    "interestExpense": 0,
    "depreciationAndAmortization": 41877000,
    "ebitda": 121265000,
    "ebitdaratio": 0.2911986053,
    "operatingIncome": 79388000,
    "operatingIncomeRatio": 0.1906376521,
    "totalOtherIncomeExpensesNet": -3072000,
    "incomeBeforeTax": 76316000,
    "incomeBeforeTaxRatio": 0.1832607328,
    "incomeTaxExpense": 31289000,
    "netIncome": 45027000,
    "netIncomeRatio": 0.1081251771,
    "eps": 0.0617,
    "epsdiluted": 0.06,
    "weightedAverageShsOut": 737946000,
    "weightedAverageShsOutDil": 758406000,
    "link": null,
    "finalLink": null
  },
  {
    "date": "2000-03-31",
    "symbol": "FI",
    "reportedCurrency": "USD",
    "cik": "0000798354",
    "fillingDate": "2000-03-31",
    "acceptedDate": "2000-03-31 00:00:00",
    "calendarYear": "2000",
    "period": "Q1",
    "revenue": 396402000,
    "costOfRevenue": 93698000,
    "grossProfit": 302704000,
    "grossProfitRatio": 0.7636288414,
    "researchAndDevelopmentExpenses": 0,
    "generalAndAdministrativeExpenses": 0,
    "sellingAndMarketingExpenses": 0,
    "sellingGeneralAndAdministrativeExpenses": 189572000,
    "otherExpenses": 34178000,
    "operatingExpenses": 223750000,
    "costAndExpenses": 317448000,
    "interestIncome": 0,
    "interestExpense": 0,
    "depreciationAndAmortization": 34178000,
    "ebitda": 113132000,
    "ebitdaratio": 0.2853971473,
    "operatingIncome": 78954000,
    "operatingIncomeRatio": 0.1991765935,
    "totalOtherIncomeExpensesNet": -5806000,
    "incomeBeforeTax": 73148000,
    "incomeBeforeTaxRatio": 0.184529846,
    "incomeTaxExpense": 29991000,
    "netIncome": 43157000,
    "netIncomeRatio": 0.1088718019,
    "eps": 0.0584,
    "epsdiluted": 0.0567,
    "weightedAverageShsOut": 735364316,
    "weightedAverageShsOutDil": 752881560,
    "link": null,
    "finalLink": null
  },
  {
    "date": "1999-12-31",
    "symbol": "FI",
    "reportedCurrency": "USD",
    "cik": "0000798354",
    "fillingDate": "1999-12-31",
    "acceptedDate": "1999-12-31 00:00:00",
    "calendarYear": "1999",
    "period": "Q4",
    "revenue": 374545000,
    "costOfRevenue": 72327000,
    "grossProfit": 302218000,
    "grossProfitRatio": 0.8068936977,
    "researchAndDevelopmentExpenses": 0,
    "generalAndAdministrativeExpenses": 0,
    "sellingAndMarketingExpenses": 0,
    "sellingGeneralAndAdministrativeExpenses": 182926000,
    "otherExpenses": 53907000,
    "operatingExpenses": 236833000,
    "costAndExpenses": 309160000,
    "interestIncome": 0,
    "interestExpense": 0,
    "depreciationAndAmortization": 53907000,
    "ebitda": 119292000,
    "ebitdaratio": 0.3184984448,
    "operatingIncome": 65385000,
    "operatingIncomeRatio": 0.1745718138,
    "totalOtherIncomeExpensesNet": -6210000,
    "incomeBeforeTax": 59175000,
    "incomeBeforeTaxRatio": 0.1579916966,
    "incomeTaxExpense": 24307000,
    "netIncome": 34868000,
    "netIncomeRatio": 0.0930942877,
    "eps": 0.0483,
    "epsdiluted": 0.0466,
    "weightedAverageShsOut": 722813370,
    "weightedAverageShsOutDil": 752550984,
    "link": null,
    "finalLink": null
  },
  {
    "date": "1999-09-30",
    "symbol": "FI",
    "reportedCurrency": "USD",
    "cik": "0000798354",
    "fillingDate": "1999-09-30",
    "acceptedDate": "1999-09-30 00:00:00",
    "calendarYear": "1999",
    "period": "Q3",
    "revenue": 352700000,
    "costOfRevenue": 94300000,
    "grossProfit": 258400000,
    "grossProfitRatio": 0.7326339665,
    "researchAndDevelopmentExpenses": 0,
    "generalAndAdministrativeExpenses": 0,
    "sellingAndMarketingExpenses": 0,
    "sellingGeneralAndAdministrativeExpenses": 171200000,
    "otherExpenses": 22500000,
    "operatingExpenses": 193700000,
    "costAndExpenses": 288000000,
    "interestIncome": 0,
    "interestExpense": 0,
    "depreciationAndAmortization": 22500000,
    "ebitda": 87200000,
    "ebitdaratio": 0.247235611,
    "operatingIncome": 64700000,
    "operatingIncomeRatio": 0.1834420187,
    "totalOtherIncomeExpensesNet": -5000000,
    "incomeBeforeTax": 59700000,
    "incomeBeforeTaxRatio": 0.1692656649,
    "incomeTaxExpense": 24500000,
    "netIncome": 35200000,
    "netIncomeRatio": 0.099801531,
    "eps": 0.0484,
    "epsdiluted": 0.0467,
    "weightedAverageShsOut": 727911906,
    "weightedAverageShsOutDil": 753908760,
    "link": null,
    "finalLink": null
  },
  {
    "date": "1999-06-30",
    "symbol": "FI",
    "reportedCurrency": "USD",
    "cik": "0000798354",
    "fillingDate": "1999-06-30",
    "acceptedDate": "1999-06-30 00:00:00",
    "calendarYear": "1999",
    "period": "Q2",
    "revenue": 343300000,
    "costOfRevenue": 96400000,
    "grossProfit": 246900000,
    "grossProfitRatio": 0.7191960385,
    "researchAndDevelopmentExpenses": 0,
    "generalAndAdministrativeExpenses": 0,
    "sellingAndMarketingExpenses": 0,
    "sellingGeneralAndAdministrativeExpenses": 163600000,
    "otherExpenses": 20700000,
    "operatingExpenses": 184300000,
    "costAndExpenses": 280700000,
    "interestIncome": 0,
    "interestExpense": 0,
    "depreciationAndAmortization": 20700000,
    "ebitda": 83300000,
    "ebitdaratio": 0.242644917,
    "operatingIncome": 62600000,
    "operatingIncomeRatio": 0.1823478008,
    "totalOtherIncomeExpensesNet": -4400000,
    "incomeBeforeTax": 58200000,
    "incomeBeforeTaxRatio": 0.1695310224,
    "incomeTaxExpense": 23900000,
    "netIncome": 34300000,
    "netIncomeRatio": 0.0999126129,
    "eps": 0.0467,
    "epsdiluted": 0.045,
    "weightedAverageShsOut": 734632684,
    "weightedAverageShsOutDil": 761841302,
    "link": null,
    "finalLink": null
  },
  {
    "date": "1999-03-31",
    "symbol": "FI",
    "reportedCurrency": "USD",
    "cik": "0000798354",
    "fillingDate": "1999-03-31",
    "acceptedDate": "1999-03-31 00:00:00",
    "calendarYear": "1999",
    "period": "Q1",
    "revenue": 337100000,
    "costOfRevenue": 94600000,
    "grossProfit": 242500000,
    "grossProfitRatio": 0.7193711065,
    "researchAndDevelopmentExpenses": 0,
    "generalAndAdministrativeExpenses": 0,
    "sellingAndMarketingExpenses": 0,
    "sellingGeneralAndAdministrativeExpenses": 159500000,
    "otherExpenses": 22400000,
    "operatingExpenses": 181900000,
    "costAndExpenses": 276500000,
    "interestIncome": 0,
    "interestExpense": 0,
    "depreciationAndAmortization": 22400000,
    "ebitda": 83029000,
    "ebitdaratio": 0.2463037674,
    "operatingIncome": 60629000,
    "operatingIncomeRatio": 0.1798546425,
    "totalOtherIncomeExpensesNet": -4029000,
    "incomeBeforeTax": 56600000,
    "incomeBeforeTaxRatio": 0.1679026995,
    "incomeTaxExpense": 23200000,
    "netIncome": 33400000,
    "netIncomeRatio": 0.0990803916,
    "eps": 0.045,
    "epsdiluted": 0.0434,
    "weightedAverageShsOut": 741851297,
    "weightedAverageShsOutDil": 770384039,
    "link": null,
    "finalLink": null
  },
  {
    "date": "1998-12-31",
    "symbol": "FI",
    "reportedCurrency": "USD",
    "cik": "0000798354",
    "fillingDate": "1998-12-31",
    "acceptedDate": "1998-12-31 00:00:00",
    "calendarYear": "1998",
    "period": "Q4",
    "revenue": 339100000,
    "costOfRevenue": 189200000,
    "grossProfit": 149900000,
    "grossProfitRatio": 0.4420524919,
    "researchAndDevelopmentExpenses": 0,
    "generalAndAdministrativeExpenses": 0,
    "sellingAndMarketingExpenses": 0,
    "sellingGeneralAndAdministrativeExpenses": 73000000,
    "otherExpenses": 17300000,
    "operatingExpenses": 90300000,
    "costAndExpenses": 279500000,
    "interestIncome": 0,
    "interestExpense": 0,
    "depreciationAndAmortization": 17300000,
    "ebitda": 76900000,
    "ebitdaratio": 0.226776762,
    "operatingIncome": 59600000,
    "operatingIncomeRatio": 0.175759363,
    "totalOtherIncomeExpensesNet": -9500000,
    "incomeBeforeTax": 50100000,
    "incomeBeforeTaxRatio": 0.1477440283,
    "incomeTaxExpense": 20500000,
    "netIncome": 29600000,
    "netIncomeRatio": 0.087289885,
    "eps": 0.0399,
    "epsdiluted": 0.0383,
    "weightedAverageShsOut": 740491013,
    "weightedAverageShsOutDil": 777310805,
    "link": null,
    "finalLink": null
  },
  {
    "date": "1998-09-30",
    "symbol": "FI",
    "reportedCurrency": "USD",
    "cik": "0000798354",
    "fillingDate": "1998-09-30",
    "acceptedDate": "1998-09-30 00:00:00",
    "calendarYear": "1998",
    "period": "Q3",
    "revenue": 309500000,
    "costOfRevenue": 67800000,
    "grossProfit": 241700000,
    "grossProfitRatio": 0.7809369952,
    "researchAndDevelopmentExpenses": 0,
    "generalAndAdministrativeExpenses": 0,
    "sellingAndMarketingExpenses": 0,
    "sellingGeneralAndAdministrativeExpenses": 171700000,
    "otherExpenses": 19100000,
    "operatingExpenses": 162100000,
    "costAndExpenses": 258700000,
    "interestIncome": 0,
    "interestExpense": 0,
    "depreciationAndAmortization": 22100000,
    "ebitda": 72900000,
    "ebitdaratio": 0.2355411955,
    "operatingIncome": 50800000,
    "operatingIncomeRatio": 0.1641357027,
    "totalOtherIncomeExpensesNet": 1000000,
    "incomeBeforeTax": 49000000,
    "incomeBeforeTaxRatio": 0.1583198708,
    "incomeTaxExpense": 20100000,
    "netIncome": 28900000,
    "netIncomeRatio": 0.0933764136,
    "eps": 0.0384,
    "epsdiluted": 0.0384,
    "weightedAverageShsOut": 753536275,
    "weightedAverageShsOutDil": 753536275,
    "link": null,
    "finalLink": null
  },
  {
    "date": "1998-06-30",
    "symbol": "FI",
    "reportedCurrency": "USD",
    "cik": "0000798354",
    "fillingDate": "1998-06-30",
    "acceptedDate": "1998-06-30 00:00:00",
    "calendarYear": "1998",
    "period": "Q2",
    "revenue": 311200000,
    "costOfRevenue": 95700000,
    "grossProfit": 215500000,
    "grossProfitRatio": 0.6924807198,
    "researchAndDevelopmentExpenses": 0,
    "generalAndAdministrativeExpenses": 0,
    "sellingAndMarketingExpenses": 0,
    "sellingGeneralAndAdministrativeExpenses": 144300000,
    "otherExpenses": 16600000,
    "operatingExpenses": 160900000,
    "costAndExpenses": 258400000,
    "interestIncome": 0,
    "interestExpense": 0,
    "depreciationAndAmortization": 16600000,
    "ebitda": 69400000,
    "ebitdaratio": 0.2230077121,
    "operatingIncome": 52800000,
    "operatingIncomeRatio": 0.1696658098,
    "totalOtherIncomeExpensesNet": -1400000,
    "incomeBeforeTax": 48600000,
    "incomeBeforeTaxRatio": 0.1561696658,
    "incomeTaxExpense": 19900000,
    "netIncome": 28700000,
    "netIncomeRatio": 0.0922236504,
    "eps": 0.0384,
    "epsdiluted": 0.0367,
    "weightedAverageShsOut": 748321491,
    "weightedAverageShsOutDil": 782336105,
    "link": null,
    "finalLink": null
  },
  {
    "date": "1998-03-31",
    "symbol": "FI",
    "reportedCurrency": "USD",
    "cik": "0000798354",
    "fillingDate": "1998-03-31",
    "acceptedDate": "1998-03-31 00:00:00",
    "calendarYear": "1998",
    "period": "Q1",
    "revenue": 273800000,
    "costOfRevenue": 78500000,
    "grossProfit": 195300000,
    "grossProfitRatio": 0.7132943755,
    "researchAndDevelopmentExpenses": 0,
    "generalAndAdministrativeExpenses": 0,
    "sellingAndMarketingExpenses": 0,
    "sellingGeneralAndAdministrativeExpenses": 128200000,
    "otherExpenses": 17700000,
    "operatingExpenses": 145900000,
    "costAndExpenses": 224400000,
    "interestIncome": 0,
    "interestExpense": 0,
    "depreciationAndAmortization": 17700000,
    "ebitda": 67100000,
    "ebitdaratio": 0.2450693937,
    "operatingIncome": 49400000,
    "operatingIncomeRatio": 0.1804236669,
    "totalOtherIncomeExpensesNet": -3300000,
    "incomeBeforeTax": 46100000,
    "incomeBeforeTaxRatio": 0.1683710738,
    "incomeTaxExpense": 18900000,
    "netIncome": 27200000,
    "netIncomeRatio": 0.0993425858,
    "eps": 0.0384,
    "epsdiluted": 0.0367,
    "weightedAverageShsOut": 709210612,
    "weightedAverageShsOutDil": 741447458,
    "link": null,
    "finalLink": null
  },
  {
    "date": "1997-12-31",
    "symbol": "FI",
    "reportedCurrency": "USD",
    "cik": "0000798354",
    "fillingDate": "1997-12-31",
    "acceptedDate": "1997-12-31 00:00:00",
    "calendarYear": "1997",
    "period": "Q4",
    "revenue": 269400000,
    "costOfRevenue": 155500000,
    "grossProfit": 113900000,
    "grossProfitRatio": 0.4227913883,
    "researchAndDevelopmentExpenses": 0,
    "generalAndAdministrativeExpenses": 0,
    "sellingAndMarketingExpenses": 0,
    "sellingGeneralAndAdministrativeExpenses": 52100000,
    "otherExpenses": 16600000,
    "operatingExpenses": 68700000,
    "costAndExpenses": 224200000,
    "interestIncome": 0,
    "interestExpense": 0,
    "depreciationAndAmortization": 16600000,
    "ebitda": 61800000,
    "ebitdaratio": 0.2293986637,
    "operatingIncome": 45200000,
    "operatingIncomeRatio": 0.1677802524,
    "totalOtherIncomeExpensesNet": -4200000,
    "incomeBeforeTax": 41000000,
    "incomeBeforeTaxRatio": 0.152190052,
    "incomeTaxExpense": 16800000,
    "netIncome": 24200000,
    "netIncomeRatio": 0.0898292502,
    "eps": 0.0346,
    "epsdiluted": 0.0342,
    "weightedAverageShsOut": 706379159,
    "weightedAverageShsOutDil": 711964910,
    "link": null,
    "finalLink": null
  },
  {
    "date": "1997-09-30",
    "symbol": "FI",
    "reportedCurrency": "USD",
    "cik": "0000798354",
    "fillingDate": "1997-09-30",
    "acceptedDate": "1997-09-30 00:00:00",
    "calendarYear": "1997",
    "period": "Q3",
    "revenue": 238300000,
    "costOfRevenue": 46600000,
    "grossProfit": 191700000,
    "grossProfitRatio": 0.8044481746,
    "researchAndDevelopmentExpenses": 0,
    "generalAndAdministrativeExpenses": 0,
    "sellingAndMarketingExpenses": 0,
    "sellingGeneralAndAdministrativeExpenses": 134500000,
    "otherExpenses": 15700000,
    "operatingExpenses": 150200000,
    "costAndExpenses": 196800000,
    "interestIncome": 0,
    "interestExpense": 0,
    "depreciationAndAmortization": 15700000,
    "ebitda": 57200000,
    "ebitdaratio": 0.2400335711,
    "operatingIncome": 41500000,
    "operatingIncomeRatio": 0.1741502308,
    "totalOtherIncomeExpensesNet": -2200000,
    "incomeBeforeTax": 39300000,
    "incomeBeforeTaxRatio": 0.1649181704,
    "incomeTaxExpense": 16100000,
    "netIncome": 23200000,
    "netIncomeRatio": 0.0973562736,
    "eps": 0.0334,
    "epsdiluted": 0.0317,
    "weightedAverageShsOut": 695652174,
    "weightedAverageShsOutDil": 732265446,
    "link": null,
    "finalLink": null
  },
  {
    "date": "1997-06-30",
    "symbol": "FI",
    "reportedCurrency": "USD",
    "cik": "0000798354",
    "fillingDate": "1997-06-30",
    "acceptedDate": "1997-06-30 00:00:00",
    "calendarYear": "1997",
    "period": "Q2",
    "revenue": 238400000,
    "costOfRevenue": 47100000,
    "grossProfit": 191300000,
    "grossProfitRatio": 0.8024328859,
    "researchAndDevelopmentExpenses": 0,
    "generalAndAdministrativeExpenses": 0,
    "sellingAndMarketingExpenses": 0,
    "sellingGeneralAndAdministrativeExpenses": 137800000,
    "otherExpenses": 15700000,
    "operatingExpenses": 153500000,
    "costAndExpenses": 200600000,
    "interestIncome": 0,
    "interestExpense": 0,
    "depreciationAndAmortization": 16300000,
    "ebitda": 54100000,
    "ebitdaratio": 0.2269295302,
    "operatingIncome": 37800000,
    "operatingIncomeRatio": 0.158557047,
    "totalOtherIncomeExpensesNet": -2500000,
    "incomeBeforeTax": 35300000,
    "incomeBeforeTaxRatio": 0.1480704698,
    "incomeTaxExpense": 14500000,
    "netIncome": 20800000,
    "netIncomeRatio": 0.0872483221,
    "eps": 0.03,
    "epsdiluted": 0.0283,
    "weightedAverageShsOut": 692986840,
    "weightedAverageShsOutDil": 733750772,
    "link": null,
    "finalLink": null
  },
  {
    "date": "1997-03-31",
    "symbol": "FI",
    "reportedCurrency": "USD",
    "cik": "0000798354",
    "fillingDate": "1997-03-31",
    "acceptedDate": "1997-03-31 00:00:00",
    "calendarYear": "1997",
    "period": "Q1",
    "revenue": 206500000,
    "costOfRevenue": 58600000,
    "grossProfit": 147900000,
    "grossProfitRatio": 0.7162227603,
    "researchAndDevelopmentExpenses": 0,
    "generalAndAdministrativeExpenses": 0,
    "sellingAndMarketingExpenses": 0,
    "sellingGeneralAndAdministrativeExpenses": 99500000,
    "otherExpenses": 14600000,
    "operatingExpenses": 114100000,
    "costAndExpenses": 172700000,
    "interestIncome": 0,
    "interestExpense": 0,
    "depreciationAndAmortization": 14600000,
    "ebitda": 48400000,
    "ebitdaratio": 0.2343825666,
    "operatingIncome": 33800000,
    "operatingIncomeRatio": 0.1636803874,
    "totalOtherIncomeExpensesNet": -3100000,
    "incomeBeforeTax": 30700000,
    "incomeBeforeTaxRatio": 0.1486682809,
    "incomeTaxExpense": 12600000,
    "netIncome": 18100000,
    "netIncomeRatio": 0.0876513317,
    "eps": 0.0317,
    "epsdiluted": 0.0317,
    "weightedAverageShsOut": 571293301,
    "weightedAverageShsOutDil": 571293301,
    "link": null,
    "finalLink": null
  },
  {
    "date": "1996-12-31",
    "symbol": "FI",
    "reportedCurrency": "USD",
    "cik": "0000798354",
    "fillingDate": "1996-12-31",
    "acceptedDate": "1996-12-31 00:00:00",
    "calendarYear": "1996",
    "period": "Q4",
    "revenue": 210500000,
    "costOfRevenue": 130000000,
    "grossProfit": 80500000,
    "grossProfitRatio": 0.3824228029,
    "researchAndDevelopmentExpenses": 0,
    "generalAndAdministrativeExpenses": 0,
    "sellingAndMarketingExpenses": 0,
    "sellingGeneralAndAdministrativeExpenses": 27500000,
    "otherExpenses": 19900000,
    "operatingExpenses": 47400000,
    "costAndExpenses": 177400000,
    "interestIncome": 0,
    "interestExpense": 0,
    "depreciationAndAmortization": 19900000,
    "ebitda": 53000000,
    "ebitdaratio": 0.2517814727,
    "operatingIncome": 33100000,
    "operatingIncomeRatio": 0.1572446556,
    "totalOtherIncomeExpensesNet": -5800000,
    "incomeBeforeTax": 27300000,
    "incomeBeforeTaxRatio": 0.1296912114,
    "incomeTaxExpense": 11200000,
    "netIncome": 16100000,
    "netIncomeRatio": 0.0764845606,
    "eps": 0.0557,
    "epsdiluted": 0.0557,
    "weightedAverageShsOut": 612197743,
    "weightedAverageShsOutDil": 612197743,
    "link": null,
    "finalLink": null
  },
  {
    "date": "1996-09-30",
    "symbol": "FI",
    "reportedCurrency": "USD",
    "cik": "0000798354",
    "fillingDate": "1996-09-30",
    "acceptedDate": "1996-09-30 00:00:00",
    "calendarYear": "1996",
    "period": "Q3",
    "revenue": 196600000,
    "costOfRevenue": 36500000,
    "grossProfit": 160100000,
    "grossProfitRatio": 0.8143438454,
    "researchAndDevelopmentExpenses": 0,
    "generalAndAdministrativeExpenses": 0,
    "sellingAndMarketingExpenses": 0,
    "sellingGeneralAndAdministrativeExpenses": 113500000,
    "otherExpenses": 15900000,
    "operatingExpenses": 129400000,
    "costAndExpenses": 165900000,
    "interestIncome": 0,
    "interestExpense": 0,
    "depreciationAndAmortization": 15900000,
    "ebitda": 46600000,
    "ebitdaratio": 0.2370295015,
    "operatingIncome": 30700000,
    "operatingIncomeRatio": 0.1561546287,
    "totalOtherIncomeExpensesNet": -4100000,
    "incomeBeforeTax": 26600000,
    "incomeBeforeTaxRatio": 0.1353001017,
    "incomeTaxExpense": 10900000,
    "netIncome": 15700000,
    "netIncomeRatio": 0.0798575788,
    "eps": 0.0283,
    "epsdiluted": 0.0283,
    "weightedAverageShsOut": 553840727,
    "weightedAverageShsOutDil": 553840727,
    "link": null,
    "finalLink": null
  },
  {
    "date": "1996-06-30",
    "symbol": "FI",
    "reportedCurrency": "USD",
    "cik": "0000798354",
    "fillingDate": "1996-06-30",
    "acceptedDate": "1996-06-30 00:00:00",
    "calendarYear": "1996",
    "period": "Q2",
    "revenue": 196500000,
    "costOfRevenue": 35200000,
    "grossProfit": 161300000,
    "grossProfitRatio": 0.8208651399,
    "researchAndDevelopmentExpenses": 0,
    "generalAndAdministrativeExpenses": 0,
    "sellingAndMarketingExpenses": 0,
    "sellingGeneralAndAdministrativeExpenses": 115500000,
    "otherExpenses": 16100000,
    "operatingExpenses": 139100000,
    "costAndExpenses": 179000000,
    "interestIncome": 0,
    "interestExpense": 0,
    "depreciationAndAmortization": 16600000,
    "ebitda": 55100000,
    "ebitdaratio": 0.2804071247,
    "operatingIncome": 38500000,
    "operatingIncomeRatio": 0.1959287532,
    "totalOtherIncomeExpensesNet": -4300000,
    "incomeBeforeTax": 25800000,
    "incomeBeforeTaxRatio": 0.1312977099,
    "incomeTaxExpense": 14000000,
    "netIncome": 15200000,
    "netIncomeRatio": 0.0773536896,
    "eps": 0.0213,
    "epsdiluted": 0.0213,
    "weightedAverageShsOut": 712584884,
    "weightedAverageShsOutDil": 712584884,
    "link": null,
    "finalLink": null
  },
  {
    "date": "1996-03-31",
    "symbol": "FI",
    "reportedCurrency": "USD",
    "cik": "0000798354",
    "fillingDate": "1996-03-31",
    "acceptedDate": "1996-03-31 00:00:00",
    "calendarYear": "1996",
    "period": "Q1",
    "revenue": 194700000,
    "costOfRevenue": 34400000,
    "grossProfit": 160300000,
    "grossProfitRatio": 0.823317925,
    "researchAndDevelopmentExpenses": 0,
    "generalAndAdministrativeExpenses": 0,
    "sellingAndMarketingExpenses": 0,
    "sellingGeneralAndAdministrativeExpenses": 115000000,
    "otherExpenses": 15600000,
    "operatingExpenses": 130600000,
    "costAndExpenses": 165000000,
    "interestIncome": 0,
    "interestExpense": 0,
    "depreciationAndAmortization": 15600000,
    "ebitda": 45300000,
    "ebitdaratio": 0.2326656394,
    "operatingIncome": 29700000,
    "operatingIncomeRatio": 0.1525423729,
    "totalOtherIncomeExpensesNet": -4800000,
    "incomeBeforeTax": 24900000,
    "incomeBeforeTaxRatio": 0.1278890601,
    "incomeTaxExpense": 10200000,
    "netIncome": 14700000,
    "netIncomeRatio": 0.0755007704,
    "eps": 0.0283,
    "epsdiluted": 0.0283,
    "weightedAverageShsOut": 518564247,
    "weightedAverageShsOutDil": 518564247,
    "link": null,
    "finalLink": null
  },
  {
    "date": "1995-12-31",
    "symbol": "FI",
    "reportedCurrency": "USD",
    "cik": "0000798354",
    "fillingDate": "1995-12-31",
    "acceptedDate": "1995-12-31 00:00:00",
    "calendarYear": "1995",
    "period": "Q4",
    "revenue": 195800000,
    "costOfRevenue": 235400000,
    "grossProfit": -39600000,
    "grossProfitRatio": -0.202247191,
    "researchAndDevelopmentExpenses": 0,
    "generalAndAdministrativeExpenses": 0,
    "sellingAndMarketingExpenses": 0,
    "sellingGeneralAndAdministrativeExpenses": 90700000,
    "otherExpenses": 24700000,
    "operatingExpenses": 115400000,
    "costAndExpenses": 350800000,
    "interestIncome": 0,
    "interestExpense": 0,
    "depreciationAndAmortization": 24700000,
    "ebitda": -130300000,
    "ebitdaratio": -0.6654749745,
    "operatingIncome": -155000000,
    "operatingIncomeRatio": -0.7916241062,
    "totalOtherIncomeExpensesNet": -5200000,
    "incomeBeforeTax": -160200000,
    "incomeBeforeTaxRatio": -0.8181818182,
    "incomeTaxExpense": -64000000,
    "netIncome": -96200000,
    "netIncomeRatio": -0.4913176711,
    "eps": -0.16,
    "epsdiluted": -0.16,
    "weightedAverageShsOut": 611368586,
    "weightedAverageShsOutDil": 611368586,
    "link": null,
    "finalLink": null
  },
  {
    "date": "1995-09-30",
    "symbol": "FI",
    "reportedCurrency": "USD",
    "cik": "0000798354",
    "fillingDate": "1995-09-30",
    "acceptedDate": "1995-09-30 00:00:00",
    "calendarYear": "1995",
    "period": "Q3",
    "revenue": 176900000,
    "costOfRevenue": 51500000,
    "grossProfit": 125400000,
    "grossProfitRatio": 0.7088750707,
    "researchAndDevelopmentExpenses": 0,
    "generalAndAdministrativeExpenses": 0,
    "sellingAndMarketingExpenses": 0,
    "sellingGeneralAndAdministrativeExpenses": 84100000,
    "otherExpenses": 14500000,
    "operatingExpenses": 98600000,
    "costAndExpenses": 150100000,
    "interestIncome": 0,
    "interestExpense": 0,
    "depreciationAndAmortization": 14500000,
    "ebitda": 41300000,
    "ebitdaratio": 0.2334652346,
    "operatingIncome": 26800000,
    "operatingIncomeRatio": 0.1514980215,
    "totalOtherIncomeExpensesNet": -4600000,
    "incomeBeforeTax": 22200000,
    "incomeBeforeTaxRatio": 0.1254946297,
    "incomeTaxExpense": 9100000,
    "netIncome": 13100000,
    "netIncomeRatio": 0.0740531374,
    "eps": 0.0217,
    "epsdiluted": 0.0217,
    "weightedAverageShsOut": 604313228,
    "weightedAverageShsOutDil": 604313228,
    "link": null,
    "finalLink": null
  }
]