[
  {
    "date": "2024-09-30",
    "symbol": "FICO",
    "reportedCurrency": "USD",
    "cik": "0000814547",
    "fillingDate": "2024-11-06",
    "acceptedDate": "2024-11-06 16:16:04",
    "calendarYear": "2024",
    "period": "FY",
    "revenue": 1717526000,
    "costOfRevenue": 348206000,
    "grossProfit": 1369320000,
    "grossProfitRatio": 0.79726304,
    "researchAndDevelopmentExpenses": 171940000,
    "generalAndAdministrativeExpenses": 0,
    "sellingAndMarketingExpenses": 0,
    "sellingGeneralAndAdministrativeExpenses": 462834000,
    "otherExpenses": 917000,
    "operatingExpenses": 635691000,
    "costAndExpenses": 983897000,
    "interestIncome": 0,
    "interestExpense": 105638000,
    "depreciationAndAmortization": 13827000,
    "ebitda": 761490000,
    "ebitdaratio": 0.4433644673,
    "operatingIncome": 733629000,
    "operatingIncomeRatio": 0.4271428788,
    "totalOtherIncomeExpensesNet": -91604000,
    "incomeBeforeTax": 642025000,
    "incomeBeforeTaxRatio": 0.3738080239,
    "incomeTaxExpense": 129214000,
    "netIncome": 512811000,
    "netIncomeRatio": 0.2985753927,
    "eps": 20.78,
    "epsdiluted": 20.45,
    "weightedAverageShsOut": 24676000,
    "weightedAverageShsOutDil": 25079000,
    "link": "https://www.sec.gov/Archives/edgar/data/814547/000162828024045719/0001628280-24-045719-index.htm",
    "finalLink": "https://www.sec.gov/Archives/edgar/data/814547/000162828024045719/fico-20240930.htm"
  },
  {
    "date": "2023-09-30",
    "symbol": "FICO",
    "reportedCurrency": "USD",
    "cik": "0000814547",
    "fillingDate": "2023-11-08",
    "acceptedDate": "2023-11-08 16:16:41",
    "calendarYear": "2023",
    "period": "FY",
    "revenue": 1513557000,
    "costOfRevenue": 311053000,
    "grossProfit": 1202504000,
    "grossProfitRatio": 0.7944887441,
    "researchAndDevelopmentExpenses": 159950000,
    "generalAndAdministrativeExpenses": 0,
    "sellingAndMarketingExpenses": 0,
    "sellingGeneralAndAdministrativeExpenses": 400565000,
    "otherExpenses": -841000,
    "operatingExpenses": 559674000,
    "costAndExpenses": 870727000,
    "interestIncome": 0,
    "interestExpense": 95546000,
    "depreciationAndAmortization": 14638000,
    "ebitda": 663808000,
    "ebitdaratio": 0.4385748274,
    "operatingIncome": 642830000,
    "operatingIncomeRatio": 0.4247147613,
    "totalOtherIncomeExpensesNet": -89206000,
    "incomeBeforeTax": 553624000,
    "incomeBeforeTaxRatio": 0.3657767762,
    "incomeTaxExpense": 124249000,
    "netIncome": 429375000,
    "netIncomeRatio": 0.2836860455,
    "eps": 17.18,
    "epsdiluted": 16.93,
    "weightedAverageShsOut": 24986000,
    "weightedAverageShsOutDil": 25367000,
    "link": "https://www.sec.gov/Archives/edgar/data/814547/000081454723000022/0000814547-23-000022-index.htm",
    "finalLink": "https://www.sec.gov/Archives/edgar/data/814547/000081454723000022/fico-20230930.htm"
  },
  {
    "date": "2022-09-30",
    "symbol": "FICO",
    "reportedCurrency": "USD",
    "cik": "0000814547",
    "fillingDate": "2022-11-09",
    "acceptedDate": "2022-11-09 16:25:02",
    "calendarYear": "2022",
    "period": "FY",
    "revenue": 1377270000,
    "costOfRevenue": 302174000,
    "grossProfit": 1075096000,
    "grossProfitRatio": 0.7805993015,
    "researchAndDevelopmentExpenses": 146758000,
    "generalAndAdministrativeExpenses": 0,
    "sellingAndMarketingExpenses": 0,
    "sellingGeneralAndAdministrativeExpenses": 383863000,
    "otherExpenses": 2061000,
    "operatingExpenses": 532682000,
    "costAndExpenses": 834856000,
    "interestIncome": 0,
    "interestExpense": 68967000,
    "depreciationAndAmortization": 20465000,
    "ebitda": 560741000,
    "ebitdaratio": 0.4071394861,
    "operatingIncome": 542414000,
    "operatingIncomeRatio": 0.3938327271,
    "totalOtherIncomeExpensesNet": -71105000,
    "incomeBeforeTax": 471309000,
    "incomeBeforeTaxRatio": 0.3422052321,
    "incomeTaxExpense": 97768000,
    "netIncome": 373541000,
    "netIncomeRatio": 0.2712184249,
    "eps": 14.34,
    "epsdiluted": 14.18,
    "weightedAverageShsOut": 26042000,
    "weightedAverageShsOutDil": 26347000,
    "link": "https://www.sec.gov/Archives/edgar/data/814547/000081454722000016/0000814547-22-000016-index.htm",
    "finalLink": "https://www.sec.gov/Archives/edgar/data/814547/000081454722000016/fico-20220930.htm"
  },
  {
    "date": "2021-09-30",
    "symbol": "FICO",
    "reportedCurrency": "USD",
    "cik": "0000814547",
    "fillingDate": "2021-11-10",
    "acceptedDate": "2021-11-10 16:25:41",
    "calendarYear": "2021",
    "period": "FY",
    "revenue": 1316536000,
    "costOfRevenue": 332462000,
    "grossProfit": 984074000,
    "grossProfitRatio": 0.7474721542,
    "researchAndDevelopmentExpenses": 171231000,
    "generalAndAdministrativeExpenses": 0,
    "sellingAndMarketingExpenses": 0,
    "sellingGeneralAndAdministrativeExpenses": 396281000,
    "otherExpenses": -88927000,
    "operatingExpenses": 478585000,
    "costAndExpenses": 811047000,
    "interestIncome": 0,
    "interestExpense": 40092000,
    "depreciationAndAmortization": 25592000,
    "ebitda": 538826000,
    "ebitdaratio": 0.4092755534,
    "operatingIncome": 505489000,
    "operatingIncomeRatio": 0.3839538,
    "totalOtherIncomeExpensesNet": -32347000,
    "incomeBeforeTax": 473142000,
    "incomeBeforeTaxRatio": 0.3593840199,
    "incomeTaxExpense": 81058000,
    "netIncome": 392084000,
    "netIncomeRatio": 0.2978148718,
    "eps": 13.65,
    "epsdiluted": 13.4,
    "weightedAverageShsOut": 28734000,
    "weightedAverageShsOutDil": 29260000,
    "link": "https://www.sec.gov/Archives/edgar/data/814547/000081454721000019/0000814547-21-000019-index.htm",
    "finalLink": "https://www.sec.gov/Archives/edgar/data/814547/000081454721000019/fico-20210930.htm"
  },
  {
    "date": "2020-09-30",
    "symbol": "FICO",
    "reportedCurrency": "USD",
    "cik": "0000814547",
    "fillingDate": "2020-11-12",
    "acceptedDate": "2020-11-10 17:45:30",
    "calendarYear": "2020",
    "period": "FY",
    "revenue": 1294562000,
    "costOfRevenue": 361142000,
    "grossProfit": 933420000,
    "grossProfitRatio": 0.7210315149,
    "researchAndDevelopmentExpenses": 166499000,
    "generalAndAdministrativeExpenses": 0,
    "sellingAndMarketingExpenses": 0,
    "sellingGeneralAndAdministrativeExpenses": 420930000,
    "otherExpenses": 50022000,
    "operatingExpenses": 637451000,
    "costAndExpenses": 998593000,
    "interestIncome": 0,
    "interestExpense": 42177000,
    "depreciationAndAmortization": 30367000,
    "ebitda": 329544000,
    "ebitdaratio": 0.2545602296,
    "operatingIncome": 295969000,
    "operatingIncomeRatio": 0.2286248167,
    "totalOtherIncomeExpensesNet": -38969000,
    "incomeBeforeTax": 257000000,
    "incomeBeforeTaxRatio": 0.1985227436,
    "incomeTaxExpense": 20589000,
    "netIncome": 236411000,
    "netIncomeRatio": 0.1826185227,
    "eps": 8.13,
    "epsdiluted": 7.9,
    "weightedAverageShsOut": 29067000,
    "weightedAverageShsOutDil": 29932000,
    "link": "https://www.sec.gov/Archives/edgar/data/814547/000081454720000012/0000814547-20-000012-index.htm",
    "finalLink": "https://www.sec.gov/Archives/edgar/data/814547/000081454720000012/fico10-k2020.htm"
  },
  {
    "date": "2019-09-30",
    "symbol": "FICO",
    "reportedCurrency": "USD",
    "cik": "0000814547",
    "fillingDate": "2019-11-08",
    "acceptedDate": "2019-11-08 15:20:24",
    "calendarYear": "2019",
    "period": "FY",
    "revenue": 1160083000,
    "costOfRevenue": 336845000,
    "grossProfit": 823238000,
    "grossProfitRatio": 0.7096371553,
    "researchAndDevelopmentExpenses": 149478000,
    "generalAndAdministrativeExpenses": 0,
    "sellingAndMarketingExpenses": 0,
    "sellingGeneralAndAdministrativeExpenses": 414086000,
    "otherExpenses": 6126000,
    "operatingExpenses": 569690000,
    "costAndExpenses": 906535000,
    "interestIncome": 0,
    "interestExpense": 39752000,
    "depreciationAndAmortization": 31612000,
    "ebitda": 287436000,
    "ebitdaratio": 0.2477719267,
    "operatingIncome": 253548000,
    "operatingIncomeRatio": 0.2185602237,
    "totalOtherIncomeExpensesNet": -37476000,
    "incomeBeforeTax": 216072000,
    "incomeBeforeTaxRatio": 0.1862556386,
    "incomeTaxExpense": 23948000,
    "netIncome": 192124000,
    "netIncomeRatio": 0.1656122881,
    "eps": 6.63,
    "epsdiluted": 6.34,
    "weightedAverageShsOut": 28980000,
    "weightedAverageShsOutDil": 30294000,
    "link": "https://www.sec.gov/Archives/edgar/data/814547/000081454719000016/0000814547-19-000016-index.htm",
    "finalLink": "https://www.sec.gov/Archives/edgar/data/814547/000081454719000016/fico10-k2019.htm"
  },
  {
    "date": "2018-09-30",
    "symbol": "FICO",
    "reportedCurrency": "USD",
    "cik": "0000814547",
    "fillingDate": "2018-11-09",
    "acceptedDate": "2018-11-09 15:45:21",
    "calendarYear": "2018",
    "period": "FY",
    "revenue": 1032475000,
    "costOfRevenue": 310699000,
    "grossProfit": 721776000,
    "grossProfitRatio": 0.6990735853,
    "researchAndDevelopmentExpenses": 128383000,
    "generalAndAdministrativeExpenses": 0,
    "sellingAndMarketingExpenses": 0,
    "sellingGeneralAndAdministrativeExpenses": 376912000,
    "otherExpenses": 6594000,
    "operatingExpenses": 511889000,
    "costAndExpenses": 824787000,
    "interestIncome": 0,
    "interestExpense": 31311000,
    "depreciationAndAmortization": 30182000,
    "ebitda": 218425000,
    "ebitdaratio": 0.2115547592,
    "operatingIncome": 175359000,
    "operatingIncomeRatio": 0.1698433376,
    "totalOtherIncomeExpensesNet": -18427000,
    "incomeBeforeTax": 188010000,
    "incomeBeforeTaxRatio": 0.1820964188,
    "incomeTaxExpense": 45595000,
    "netIncome": 142415000,
    "netIncomeRatio": 0.1379355432,
    "eps": 4.79,
    "epsdiluted": 4.57,
    "weightedAverageShsOut": 29711000,
    "weightedAverageShsOutDil": 31180000,
    "link": "https://www.sec.gov/Archives/edgar/data/814547/000081454718000010/0000814547-18-000010-index.htm",
    "finalLink": "https://www.sec.gov/Archives/edgar/data/814547/000081454718000010/fico10-k2018.htm"
  },
  {
    "date": "2017-09-30",
    "symbol": "FICO",
    "reportedCurrency": "USD",
    "cik": "0000814547",
    "fillingDate": "2017-11-09",
    "acceptedDate": "2017-11-09 15:34:39",
    "calendarYear": "2017",
    "period": "FY",
    "revenue": 932169000,
    "costOfRevenue": 287123000,
    "grossProfit": 645046000,
    "grossProfitRatio": 0.6919839643,
    "researchAndDevelopmentExpenses": 110870000,
    "generalAndAdministrativeExpenses": 0,
    "sellingAndMarketingExpenses": 0,
    "sellingGeneralAndAdministrativeExpenses": 339796000,
    "otherExpenses": 17180000,
    "operatingExpenses": 465217000,
    "costAndExpenses": 752824000,
    "interestIncome": 0,
    "interestExpense": 25790000,
    "depreciationAndAmortization": 36214000,
    "ebitda": 218287000,
    "ebitdaratio": 0.234171057,
    "operatingIncome": 182159000,
    "operatingIncomeRatio": 0.1954141363,
    "totalOtherIncomeExpensesNet": -30835000,
    "incomeBeforeTax": 151324000,
    "incomeBeforeTaxRatio": 0.1623353705,
    "incomeTaxExpense": 23068000,
    "netIncome": 128256000,
    "netIncomeRatio": 0.1375887849,
    "eps": 4.16,
    "epsdiluted": 3.98,
    "weightedAverageShsOut": 30862000,
    "weightedAverageShsOutDil": 32245000,
    "link": "https://www.sec.gov/Archives/edgar/data/814547/000081454717000014/0000814547-17-000014-index.htm",
    "finalLink": "https://www.sec.gov/Archives/edgar/data/814547/000081454717000014/fico10-k2017.htm"
  },
  {
    "date": "2016-09-30",
    "symbol": "FICO",
    "reportedCurrency": "USD",
    "cik": "0000814547",
    "fillingDate": "2016-11-10",
    "acceptedDate": "2016-11-10 15:27:57",
    "calendarYear": "2016",
    "period": "FY",
    "revenue": 881356000,
    "costOfRevenue": 265173000,
    "grossProfit": 616183000,
    "grossProfitRatio": 0.6991306578,
    "researchAndDevelopmentExpenses": 103669000,
    "generalAndAdministrativeExpenses": 0,
    "sellingAndMarketingExpenses": 0,
    "sellingGeneralAndAdministrativeExpenses": 328940000,
    "otherExpenses": 13982000,
    "operatingExpenses": 446591000,
    "costAndExpenses": 711764000,
    "interestIncome": 0,
    "interestExpense": 26633000,
    "depreciationAndAmortization": 31633000,
    "ebitda": 202835000,
    "ebitdaratio": 0.2301396938,
    "operatingIncome": 169592000,
    "operatingIncomeRatio": 0.1924216775,
    "totalOtherIncomeExpensesNet": -25023000,
    "incomeBeforeTax": 144569000,
    "incomeBeforeTaxRatio": 0.1640301989,
    "incomeTaxExpense": 35121000,
    "netIncome": 109448000,
    "netIncomeRatio": 0.1241813751,
    "eps": 3.52,
    "epsdiluted": 3.39,
    "weightedAverageShsOut": 31129000,
    "weightedAverageShsOutDil": 32308000,
    "link": "https://www.sec.gov/Archives/edgar/data/814547/000081454716000035/0000814547-16-000035-index.htm",
    "finalLink": "https://www.sec.gov/Archives/edgar/data/814547/000081454716000035/fico10-k2016.htm"
  },
  {
    "date": "2015-09-30",
    "symbol": "FICO",
    "reportedCurrency": "USD",
    "cik": "0000814547",
    "fillingDate": "2015-11-10",
    "acceptedDate": "2015-11-10 15:09:45",
    "calendarYear": "2015",
    "period": "FY",
    "revenue": 838781000,
    "costOfRevenue": 270535000,
    "grossProfit": 568246000,
    "grossProfitRatio": 0.6774664662,
    "researchAndDevelopmentExpenses": 98824000,
    "generalAndAdministrativeExpenses": 0,
    "sellingAndMarketingExpenses": 0,
    "sellingGeneralAndAdministrativeExpenses": 300002000,
    "otherExpenses": 31915000,
    "operatingExpenses": 430741000,
    "costAndExpenses": 701276000,
    "interestIncome": 0,
    "interestExpense": 29150000,
    "depreciationAndAmortization": 33889000,
    "ebitda": 172277000,
    "ebitdaratio": 0.2053897263,
    "operatingIncome": 137505000,
    "operatingIncomeRatio": 0.1639343285,
    "totalOtherIncomeExpensesNet": -28267000,
    "incomeBeforeTax": 109238000,
    "incomeBeforeTaxRatio": 0.1302342328,
    "incomeTaxExpense": 22736000,
    "netIncome": 86502000,
    "netIncomeRatio": 0.1031282301,
    "eps": 2.75,
    "epsdiluted": 2.65,
    "weightedAverageShsOut": 31402000,
    "weightedAverageShsOutDil": 32609000,
    "link": "https://www.sec.gov/Archives/edgar/data/814547/000081454715000019/0000814547-15-000019-index.htm",
    "finalLink": "https://www.sec.gov/Archives/edgar/data/814547/000081454715000019/fico10-k2015.htm"
  },
  {
    "date": "2014-09-30",
    "symbol": "FICO",
    "reportedCurrency": "USD",
    "cik": "0000814547",
    "fillingDate": "2014-11-10",
    "acceptedDate": "2014-11-10 16:08:06",
    "calendarYear": "2014",
    "period": "FY",
    "revenue": 788985000,
    "costOfRevenue": 249281000,
    "grossProfit": 539704000,
    "grossProfitRatio": 0.6840484927,
    "researchAndDevelopmentExpenses": 83435000,
    "generalAndAdministrativeExpenses": 0,
    "sellingAndMarketingExpenses": 0,
    "sellingGeneralAndAdministrativeExpenses": 278203000,
    "otherExpenses": 16198000,
    "operatingExpenses": 377836000,
    "costAndExpenses": 627117000,
    "interestIncome": 0,
    "interestExpense": 28550000,
    "depreciationAndAmortization": 32632000,
    "ebitda": 194313000,
    "ebitdaratio": 0.2462822487,
    "operatingIncome": 161868000,
    "operatingIncomeRatio": 0.2051597939,
    "totalOtherIncomeExpensesNet": -28737000,
    "incomeBeforeTax": 133131000,
    "incomeBeforeTaxRatio": 0.1687370482,
    "incomeTaxExpense": 38252000,
    "netIncome": 94879000,
    "netIncomeRatio": 0.1202545042,
    "eps": 2.8,
    "epsdiluted": 2.72,
    "weightedAverageShsOut": 33870000,
    "weightedAverageShsOutDil": 34864000,
    "link": "https://www.sec.gov/Archives/edgar/data/814547/000081454714000011/0000814547-14-000011-index.htm",
    "finalLink": "https://www.sec.gov/Archives/edgar/data/814547/000081454714000011/fico10-k2014.htm"
  },
  {
    "date": "2013-09-30",
    "symbol": "FICO",
    "reportedCurrency": "USD",
    "cik": "0000814547",
    "fillingDate": "2013-11-12",
    "acceptedDate": "2013-11-12 17:27:36",
    "calendarYear": "2013",
    "period": "FY",
    "revenue": 743444000,
    "costOfRevenue": 229468000,
    "grossProfit": 513976000,
    "grossProfitRatio": 0.691344607,
    "researchAndDevelopmentExpenses": 66967000,
    "generalAndAdministrativeExpenses": 0,
    "sellingAndMarketingExpenses": 0,
    "sellingGeneralAndAdministrativeExpenses": 268395000,
    "otherExpenses": 17021000,
    "operatingExpenses": 352383000,
    "costAndExpenses": 581851000,
    "interestIncome": 54000,
    "interestExpense": 30281000,
    "depreciationAndAmortization": 33214000,
    "ebitda": 195425000,
    "ebitdaratio": 0.2628644525,
    "operatingIncome": 161593000,
    "operatingIncomeRatio": 0.2173573262,
    "totalOtherIncomeExpensesNet": -29609000,
    "incomeBeforeTax": 131984000,
    "incomeBeforeTaxRatio": 0.1775305201,
    "incomeTaxExpense": 41889000,
    "netIncome": 90095000,
    "netIncomeRatio": 0.1211859938,
    "eps": 2.55,
    "epsdiluted": 2.48,
    "weightedAverageShsOut": 35332000,
    "weightedAverageShsOutDil": 36292000,
    "link": "https://www.sec.gov/Archives/edgar/data/814547/000119312513438562/0001193125-13-438562-index.htm",
    "finalLink": "https://www.sec.gov/Archives/edgar/data/814547/000119312513438562/d591009d10k.htm"
  },
  {
    "date": "2012-09-30",
    "symbol": "FICO",
    "reportedCurrency": "USD",
    "cik": "0000814547",
    "fillingDate": "2012-11-16",
    "acceptedDate": "2012-11-16 10:32:42",
    "calendarYear": "2012",
    "period": "FY",
    "revenue": 676423000,
    "costOfRevenue": 197947000,
    "grossProfit": 478476000,
    "grossProfitRatio": 0.7073621092,
    "researchAndDevelopmentExpenses": 59527000,
    "generalAndAdministrativeExpenses": 0,
    "sellingAndMarketingExpenses": 0,
    "sellingGeneralAndAdministrativeExpenses": 238522000,
    "otherExpenses": 12069000,
    "operatingExpenses": 310118000,
    "costAndExpenses": 508065000,
    "interestIncome": 317000,
    "interestExpense": 31734000,
    "depreciationAndAmortization": 21549000,
    "ebitda": 189209000,
    "ebitdaratio": 0.2797199386,
    "operatingIncome": 168358000,
    "operatingIncomeRatio": 0.2488945527,
    "totalOtherIncomeExpensesNet": -32115000,
    "incomeBeforeTax": 136243000,
    "incomeBeforeTaxRatio": 0.2014168649,
    "incomeTaxExpense": 44239000,
    "netIncome": 92004000,
    "netIncomeRatio": 0.1360154814,
    "eps": 2.64,
    "epsdiluted": 2.55,
    "weightedAverageShsOut": 34909000,
    "weightedAverageShsOutDil": 36063000,
    "link": "https://www.sec.gov/Archives/edgar/data/814547/000119312512473516/0001193125-12-473516-index.htm",
    "finalLink": "https://www.sec.gov/Archives/edgar/data/814547/000119312512473516/d411764d10k.htm"
  },
  {
    "date": "2011-09-30",
    "symbol": "FICO",
    "reportedCurrency": "USD",
    "cik": "0000814547",
    "fillingDate": "2011-11-18",
    "acceptedDate": "2011-11-18 16:38:25",
    "calendarYear": "2011",
    "period": "FY",
    "revenue": 619683000,
    "costOfRevenue": 186470000,
    "grossProfit": 433213000,
    "grossProfitRatio": 0.6990880821,
    "researchAndDevelopmentExpenses": 62129000,
    "generalAndAdministrativeExpenses": 0,
    "sellingAndMarketingExpenses": 0,
    "sellingGeneralAndAdministrativeExpenses": 223615000,
    "otherExpenses": 20132000,
    "operatingExpenses": 305876000,
    "costAndExpenses": 492346000,
    "interestIncome": 2192000,
    "interestExpense": 32364000,
    "depreciationAndAmortization": 24197000,
    "ebitda": 154016000,
    "ebitdaratio": 0.2485399793,
    "operatingIncome": 127337000,
    "operatingIncomeRatio": 0.2054873217,
    "totalOtherIncomeExpensesNet": -29882000,
    "incomeBeforeTax": 97455000,
    "incomeBeforeTaxRatio": 0.1572658924,
    "incomeTaxExpense": 25893000,
    "netIncome": 71562000,
    "netIncomeRatio": 0.1154816253,
    "eps": 1.82,
    "epsdiluted": 1.79,
    "weightedAverageShsOut": 39359000,
    "weightedAverageShsOutDil": 39988000,
    "link": "https://www.sec.gov/Archives/edgar/data/814547/000119312511317245/0001193125-11-317245-index.htm",
    "finalLink": "https://www.sec.gov/Archives/edgar/data/814547/000119312511317245/d240549d10k.htm"
  },
  {
    "date": "2010-09-30",
    "symbol": "FICO",
    "reportedCurrency": "USD",
    "cik": "0000814547",
    "fillingDate": "2010-11-23",
    "acceptedDate": "2010-11-23 17:11:08",
    "calendarYear": "2010",
    "period": "FY",
    "revenue": 605643000,
    "costOfRevenue": 180932000,
    "grossProfit": 424711000,
    "grossProfitRatio": 0.7012563507,
    "researchAndDevelopmentExpenses": 73581000,
    "generalAndAdministrativeExpenses": 0,
    "sellingAndMarketingExpenses": 0,
    "sellingGeneralAndAdministrativeExpenses": 225263000,
    "otherExpenses": 12518000,
    "operatingExpenses": 311362000,
    "costAndExpenses": 492294000,
    "interestIncome": 1688000,
    "interestExpense": 24124000,
    "depreciationAndAmortization": 30918000,
    "ebitda": 147346000,
    "ebitdaratio": 0.243288538,
    "operatingIncome": 113349000,
    "operatingIncomeRatio": 0.187154809,
    "totalOtherIncomeExpensesNet": -21045000,
    "incomeBeforeTax": 92304000,
    "incomeBeforeTaxRatio": 0.1524066158,
    "incomeTaxExpense": 27847000,
    "netIncome": 64457000,
    "netIncomeRatio": 0.1064273838,
    "eps": 1.44,
    "epsdiluted": 1.42,
    "weightedAverageShsOut": 44903000,
    "weightedAverageShsOutDil": 45308000,
    "link": "https://www.sec.gov/Archives/edgar/data/814547/000095012310108284/0000950123-10-108284-index.htm",
    "finalLink": "https://www.sec.gov/Archives/edgar/data/814547/000095012310108284/c59621e10vk.htm"
  },
  {
    "date": "2009-09-30",
    "symbol": "FICO",
    "reportedCurrency": "USD",
    "cik": "0000814547",
    "fillingDate": "2009-11-24",
    "acceptedDate": "2009-11-24 17:08:26",
    "calendarYear": "2009",
    "period": "FY",
    "revenue": 630735000,
    "costOfRevenue": 206448000,
    "grossProfit": 424287000,
    "grossProfitRatio": 0.6726866275,
    "researchAndDevelopmentExpenses": 73626000,
    "generalAndAdministrativeExpenses": 0,
    "sellingAndMarketingExpenses": 0,
    "sellingGeneralAndAdministrativeExpenses": 209319000,
    "otherExpenses": 24595000,
    "operatingExpenses": 307540000,
    "costAndExpenses": 513988000,
    "interestIncome": 4717000,
    "interestExpense": 25481000,
    "depreciationAndAmortization": 38419000,
    "ebitda": 161470000,
    "ebitdaratio": 0.2560029172,
    "operatingIncome": 116747000,
    "operatingIncomeRatio": 0.1850967522,
    "totalOtherIncomeExpensesNet": -19177000,
    "incomeBeforeTax": 97570000,
    "incomeBeforeTaxRatio": 0.1546925412,
    "incomeTaxExpense": 32105000,
    "netIncome": 65102000,
    "netIncomeRatio": 0.1032160892,
    "eps": 1.34,
    "epsdiluted": 1.33,
    "weightedAverageShsOut": 48658000,
    "weightedAverageShsOutDil": 48776000,
    "link": "https://www.sec.gov/Archives/edgar/data/814547/000095012309065746/0000950123-09-065746-index.htm",
    "finalLink": "https://www.sec.gov/Archives/edgar/data/814547/000095012309065746/c54808e10vk.htm"
  },
  {
    "date": "2008-09-30",
    "symbol": "FICO",
    "reportedCurrency": "USD",
    "cik": "0000814547",
    "fillingDate": "2008-11-26",
    "acceptedDate": "2008-11-26 16:35:27",
    "calendarYear": "2008",
    "period": "FY",
    "revenue": 744842000,
    "costOfRevenue": 274917000,
    "grossProfit": 469925000,
    "grossProfitRatio": 0.6309056149,
    "researchAndDevelopmentExpenses": 77794000,
    "generalAndAdministrativeExpenses": 0,
    "sellingAndMarketingExpenses": 0,
    "sellingGeneralAndAdministrativeExpenses": 245639000,
    "otherExpenses": 24209000,
    "operatingExpenses": 347642000,
    "costAndExpenses": 622559000,
    "interestIncome": 8802000,
    "interestExpense": 20335000,
    "depreciationAndAmortization": 39494000,
    "ebitda": 172824000,
    "ebitdaratio": 0.2320277321,
    "operatingIncome": 122283000,
    "operatingIncomeRatio": 0.1641730729,
    "totalOtherIncomeExpensesNet": -9288000,
    "incomeBeforeTax": 112995000,
    "incomeBeforeTaxRatio": 0.1517033143,
    "incomeTaxExpense": 31809000,
    "netIncome": 83952000,
    "netIncomeRatio": 0.1127111522,
    "eps": 1.72,
    "epsdiluted": 1.7,
    "weightedAverageShsOut": 48940000,
    "weightedAverageShsOutDil": 49373000,
    "link": "https://www.sec.gov/Archives/edgar/data/814547/000095013708014107/0000950137-08-014107-index.htm",
    "finalLink": "https://www.sec.gov/Archives/edgar/data/814547/000095013708014107/c47904e10vk.htm"
  },
  {
    "date": "2007-09-30",
    "symbol": "FICO",
    "reportedCurrency": "USD",
    "cik": "0000814547",
    "fillingDate": "2007-11-28",
    "acceptedDate": "2007-11-28 15:20:14",
    "calendarYear": "2007",
    "period": "FY",
    "revenue": 822236000,
    "costOfRevenue": 293482000,
    "grossProfit": 528754000,
    "grossProfitRatio": 0.6430684134,
    "researchAndDevelopmentExpenses": 70599000,
    "generalAndAdministrativeExpenses": 0,
    "sellingAndMarketingExpenses": 0,
    "sellingGeneralAndAdministrativeExpenses": 285541000,
    "otherExpenses": 24140000,
    "operatingExpenses": 380280000,
    "costAndExpenses": 673762000,
    "interestIncome": 0,
    "interestExpense": 0,
    "depreciationAndAmortization": 49126000,
    "ebitda": 200055000,
    "ebitdaratio": 0.2433060581,
    "operatingIncome": 148474000,
    "operatingIncomeRatio": 0.1805734607,
    "totalOtherIncomeExpensesNet": 1188000,
    "incomeBeforeTax": 149662000,
    "incomeBeforeTaxRatio": 0.1820183013,
    "incomeTaxExpense": 45012000,
    "netIncome": 104650000,
    "netIncomeRatio": 0.1272748943,
    "eps": 1.87,
    "epsdiluted": 1.82,
    "weightedAverageShsOut": 56054000,
    "weightedAverageShsOutDil": 57548000,
    "link": "https://www.sec.gov/Archives/edgar/data/814547/000095013707017904/0000950137-07-017904-index.htm",
    "finalLink": "https://www.sec.gov/Archives/edgar/data/814547/000095013707017904/c21843e10vk.htm"
  },
  {
    "date": "2006-09-30",
    "symbol": "FICO",
    "reportedCurrency": "USD",
    "cik": "0000814547",
    "fillingDate": "2006-12-08",
    "acceptedDate": "2006-12-08 17:14:16",
    "calendarYear": "2006",
    "period": "FY",
    "revenue": 825365000,
    "costOfRevenue": 281977000,
    "grossProfit": 543388000,
    "grossProfitRatio": 0.6583608464,
    "researchAndDevelopmentExpenses": 84967000,
    "generalAndAdministrativeExpenses": 0,
    "sellingAndMarketingExpenses": 0,
    "sellingGeneralAndAdministrativeExpenses": 260845000,
    "otherExpenses": 44853000,
    "operatingExpenses": 390665000,
    "costAndExpenses": 672642000,
    "interestIncome": 0,
    "interestExpense": 0,
    "depreciationAndAmortization": 48695000,
    "ebitda": 221080000,
    "ebitdaratio": 0.267857251,
    "operatingIncome": 152723000,
    "operatingIncomeRatio": 0.1850369231,
    "totalOtherIncomeExpensesNet": 6469000,
    "incomeBeforeTax": 159192000,
    "incomeBeforeTaxRatio": 0.1928746676,
    "incomeTaxExpense": 55706000,
    "netIncome": 103486000,
    "netIncomeRatio": 0.1253821037,
    "eps": 1.63,
    "epsdiluted": 1.59,
    "weightedAverageShsOut": 63579000,
    "weightedAverageShsOutDil": 65125000,
    "link": "https://www.sec.gov/Archives/edgar/data/814547/000095013706013419/0000950137-06-013419-index.htm",
    "finalLink": "https://www.sec.gov/Archives/edgar/data/814547/000095013706013419/c10450e10vk.htm"
  },
  {
    "date": "2005-09-30",
    "symbol": "FICO",
    "reportedCurrency": "USD",
    "cik": "0000814547",
    "fillingDate": "2005-12-14",
    "acceptedDate": "2005-12-13 17:41:20",
    "calendarYear": "2005",
    "period": "FY",
    "revenue": 798671000,
    "costOfRevenue": 275065000,
    "grossProfit": 523606000,
    "grossProfitRatio": 0.6555966099,
    "researchAndDevelopmentExpenses": 81295000,
    "generalAndAdministrativeExpenses": 0,
    "sellingAndMarketingExpenses": 0,
    "sellingGeneralAndAdministrativeExpenses": 223400000,
    "otherExpenses": 25900000,
    "operatingExpenses": 330595000,
    "costAndExpenses": 605660000,
    "interestIncome": 0,
    "interestExpense": 0,
    "depreciationAndAmortization": 54444000,
    "ebitda": 247455000,
    "ebitdaratio": 0.3098334608,
    "operatingIncome": 193011000,
    "operatingIncomeRatio": 0.2416652163,
    "totalOtherIncomeExpensesNet": 1077000,
    "incomeBeforeTax": 194088000,
    "incomeBeforeTaxRatio": 0.2430137065,
    "incomeTaxExpense": 59540000,
    "netIncome": 134548000,
    "netIncomeRatio": 0.1684648623,
    "eps": 2.02,
    "epsdiluted": 1.86,
    "weightedAverageShsOut": 66556000,
    "weightedAverageShsOutDil": 73584000,
    "link": "https://www.sec.gov/Archives/edgar/data/814547/000095013405023081/0000950134-05-023081-index.htm",
    "finalLink": "https://www.sec.gov/Archives/edgar/data/814547/000095013405023081/c00522e10vk.htm"
  },
  {
    "date": "2004-09-30",
    "symbol": "FICO",
    "reportedCurrency": "USD",
    "cik": "0000814547",
    "fillingDate": "2004-12-14",
    "acceptedDate": "2004-12-14 11:08:42",
    "calendarYear": "2004",
    "period": "FY",
    "revenue": 706206000,
    "costOfRevenue": 252587000,
    "grossProfit": 453619000,
    "grossProfitRatio": 0.6423324073,
    "researchAndDevelopmentExpenses": 71088000,
    "generalAndAdministrativeExpenses": 0,
    "sellingAndMarketingExpenses": 0,
    "sellingGeneralAndAdministrativeExpenses": 182374000,
    "otherExpenses": 20291000,
    "operatingExpenses": 273753000,
    "costAndExpenses": 526340000,
    "interestIncome": 0,
    "interestExpense": 0,
    "depreciationAndAmortization": 49887000,
    "ebitda": 230980000,
    "ebitdaratio": 0.3270717043,
    "operatingIncome": 179866000,
    "operatingIncomeRatio": 0.2546933897,
    "totalOtherIncomeExpensesNet": -11051000,
    "incomeBeforeTax": 168815000,
    "incomeBeforeTaxRatio": 0.2390449812,
    "incomeTaxExpense": 66027000,
    "netIncome": 102788000,
    "netIncomeRatio": 0.1455495988,
    "eps": 1.47,
    "epsdiluted": 1.31,
    "weightedAverageShsOut": 69923810,
    "weightedAverageShsOutDil": 78464122,
    "link": "https://www.sec.gov/Archives/edgar/data/814547/000095013704011008/0000950137-04-011008-index.htm",
    "finalLink": "https://www.sec.gov/Archives/edgar/data/814547/000095013704011008/a03859e10vk.htm"
  },
  {
    "date": "2003-09-30",
    "symbol": "FICO",
    "reportedCurrency": "USD",
    "cik": "0000814547",
    "fillingDate": "2003-12-12",
    "acceptedDate": "2003-12-12 17:18:18",
    "calendarYear": "2003",
    "period": "FY",
    "revenue": 629295000,
    "costOfRevenue": 246592000,
    "grossProfit": 382703000,
    "grossProfitRatio": 0.6081456233,
    "researchAndDevelopmentExpenses": 67574000,
    "generalAndAdministrativeExpenses": 0,
    "sellingAndMarketingExpenses": 0,
    "sellingGeneralAndAdministrativeExpenses": 124641000,
    "otherExpenses": 16294000,
    "operatingExpenses": 208509000,
    "costAndExpenses": 455101000,
    "interestIncome": 0,
    "interestExpense": 0,
    "depreciationAndAmortization": 53617000,
    "ebitda": 230312000,
    "ebitdaratio": 0.3659841569,
    "operatingIncome": 174194000,
    "operatingIncomeRatio": 0.2768081742,
    "totalOtherIncomeExpensesNet": -2054000,
    "incomeBeforeTax": 172140000,
    "incomeBeforeTaxRatio": 0.2735442042,
    "incomeTaxExpense": 64983000,
    "netIncome": 107157000,
    "netIncomeRatio": 0.1702810288,
    "eps": 1.48,
    "epsdiluted": 1.4,
    "weightedAverageShsOut": 72403378,
    "weightedAverageShsOutDil": 76540714,
    "link": "https://www.sec.gov/Archives/edgar/data/814547/000093639203001666/0000936392-03-001666-index.htm",
    "finalLink": "https://www.sec.gov/Archives/edgar/data/814547/000093639203001666/a94662e10vk.htm"
  },
  {
    "date": "2002-09-30",
    "symbol": "FICO",
    "reportedCurrency": "USD",
    "cik": "0000814547",
    "fillingDate": "2002-11-21",
    "acceptedDate": "2002-11-20 21:55:34",
    "calendarYear": "2002",
    "period": "FY",
    "revenue": 392418000,
    "costOfRevenue": 176029000,
    "grossProfit": 216389000,
    "grossProfitRatio": 0.5514247563,
    "researchAndDevelopmentExpenses": 74040000,
    "generalAndAdministrativeExpenses": 0,
    "sellingAndMarketingExpenses": 0,
    "sellingGeneralAndAdministrativeExpenses": 83633000,
    "otherExpenses": 11604000,
    "operatingExpenses": 169277000,
    "costAndExpenses": 345306000,
    "interestIncome": 0,
    "interestExpense": 0,
    "depreciationAndAmortization": 32913000,
    "ebitda": 87249000,
    "ebitdaratio": 0.2223368959,
    "operatingIncome": 47112000,
    "operatingIncomeRatio": 0.1200556549,
    "totalOtherIncomeExpensesNet": 5986000,
    "incomeBeforeTax": 53098000,
    "incomeBeforeTaxRatio": 0.1353097972,
    "incomeTaxExpense": 35214000,
    "netIncome": 17884000,
    "netIncomeRatio": 0.0455738524,
    "eps": 0.33,
    "epsdiluted": 0.32,
    "weightedAverageShsOut": 54801000,
    "weightedAverageShsOutDil": 56325000,
    "link": "https://www.sec.gov/Archives/edgar/data/814547/000093639202001464/0000936392-02-001464-index.htm",
    "finalLink": "https://www.sec.gov/Archives/edgar/data/814547/000093639202001464/a86033e10vk.htm"
  },
  {
    "date": "2001-09-30",
    "symbol": "FICO",
    "reportedCurrency": "USD",
    "cik": "0000814547",
    "fillingDate": "2001-12-28",
    "acceptedDate": "2001-12-28 00:00:00",
    "calendarYear": "2001",
    "period": "FY",
    "revenue": 329148000,
    "costOfRevenue": 148559000,
    "grossProfit": 180589000,
    "grossProfitRatio": 0.5486559238,
    "researchAndDevelopmentExpenses": 28321000,
    "generalAndAdministrativeExpenses": 0,
    "sellingAndMarketingExpenses": 0,
    "sellingGeneralAndAdministrativeExpenses": 78061000,
    "otherExpenses": 2100000,
    "operatingExpenses": 108482000,
    "costAndExpenses": 257041000,
    "interestIncome": 0,
    "interestExpense": 0,
    "depreciationAndAmortization": 25074000,
    "ebitda": 97181000,
    "ebitdaratio": 0.295250161,
    "operatingIncome": 72107000,
    "operatingIncomeRatio": 0.2190716638,
    "totalOtherIncomeExpensesNet": 4746000,
    "incomeBeforeTax": 76853000,
    "incomeBeforeTaxRatio": 0.2334907093,
    "incomeTaxExpense": 30741000,
    "netIncome": 46112000,
    "netIncomeRatio": 0.1400950332,
    "eps": 0.93,
    "epsdiluted": 0.89,
    "weightedAverageShsOut": 49468500,
    "weightedAverageShsOutDil": 51882750,
    "link": "https://www.sec.gov/Archives/edgar/data/814547/000095000501500749/0000950005-01-500749-index.htm",
    "finalLink": "https://www.sec.gov/Archives/edgar/data/814547/000095000501500749/p14775_10k.txt"
  },
  {
    "date": "2000-09-30",
    "symbol": "FICO",
    "reportedCurrency": "USD",
    "cik": "0000814547",
    "fillingDate": "2000-12-29",
    "acceptedDate": "2000-12-29 00:00:00",
    "calendarYear": "2000",
    "period": "FY",
    "revenue": 297985000,
    "costOfRevenue": 108955000,
    "grossProfit": 189030000,
    "grossProfitRatio": 0.63436079,
    "researchAndDevelopmentExpenses": 29817000,
    "generalAndAdministrativeExpenses": 0,
    "sellingAndMarketingExpenses": 0,
    "sellingGeneralAndAdministrativeExpenses": 90215000,
    "otherExpenses": 5023000,
    "operatingExpenses": 125055000,
    "costAndExpenses": 254016000,
    "interestIncome": 0,
    "interestExpense": 0,
    "depreciationAndAmortization": 21461000,
    "ebitda": 68998000,
    "ebitdaratio": 0.2315485679,
    "operatingIncome": 44614000,
    "operatingIncomeRatio": 0.1497189456,
    "totalOtherIncomeExpensesNet": -467000,
    "incomeBeforeTax": 47070000,
    "incomeBeforeTaxRatio": 0.1579609712,
    "incomeTaxExpense": 19439000,
    "netIncome": 27631000,
    "netIncomeRatio": 0.0927261439,
    "eps": 0.57,
    "epsdiluted": 0.56,
    "weightedAverageShsOut": 48127500,
    "weightedAverageShsOutDil": 49392000,
    "link": "https://www.sec.gov/Archives/edgar/data/814547/000095000500001222/0000950005-00-001222-index.htm",
    "finalLink": "https://www.sec.gov/Archives/edgar/data/814547/000095000500001222/0000950005-00-001222-0001.txt"
  },
  {
    "date": "1999-09-30",
    "symbol": "FICO",
    "reportedCurrency": "USD",
    "cik": "0000814547",
    "fillingDate": "1999-12-22",
    "acceptedDate": "1999-12-22 00:00:00",
    "calendarYear": "1999",
    "period": "FY",
    "revenue": 276900000,
    "costOfRevenue": 89900000,
    "grossProfit": 187000000,
    "grossProfitRatio": 0.6753340556,
    "researchAndDevelopmentExpenses": 29700000,
    "generalAndAdministrativeExpenses": 0,
    "sellingAndMarketingExpenses": 0,
    "sellingGeneralAndAdministrativeExpenses": 93500000,
    "otherExpenses": 1813000,
    "operatingExpenses": 125102000,
    "costAndExpenses": 230666000,
    "interestIncome": 0,
    "interestExpense": 0,
    "depreciationAndAmortization": 17431000,
    "ebitda": 63806000,
    "ebitdaratio": 0.230429758,
    "operatingIncome": 46375000,
    "operatingIncomeRatio": 0.1674792344,
    "totalOtherIncomeExpensesNet": 4200000,
    "incomeBeforeTax": 50600000,
    "incomeBeforeTaxRatio": 0.1827374503,
    "incomeTaxExpense": 20600000,
    "netIncome": 29100000,
    "netIncomeRatio": 0.105092091,
    "eps": 0.63,
    "epsdiluted": 0.62,
    "weightedAverageShsOut": 47496375,
    "weightedAverageShsOutDil": 48478500,
    "link": "https://www.sec.gov/Archives/edgar/data/814547/000095000599001105/0000950005-99-001105-index.html",
    "finalLink": "https://www.sec.gov/Archives/edgar/data/814547/000095000599001105/"
  },
  {
    "date": "1998-09-30",
    "symbol": "FICO",
    "reportedCurrency": "USD",
    "cik": "0000814547",
    "fillingDate": "1998-12-28",
    "acceptedDate": "1998-12-28 00:00:00",
    "calendarYear": "1998",
    "period": "FY",
    "revenue": 245500000,
    "costOfRevenue": 71500000,
    "grossProfit": 174000000,
    "grossProfitRatio": 0.7087576375,
    "researchAndDevelopmentExpenses": 29100000,
    "generalAndAdministrativeExpenses": 0,
    "sellingAndMarketingExpenses": 0,
    "sellingGeneralAndAdministrativeExpenses": 89600000,
    "otherExpenses": 14900000,
    "operatingExpenses": 133600000,
    "costAndExpenses": 205100000,
    "interestIncome": 0,
    "interestExpense": 0,
    "depreciationAndAmortization": 14900000,
    "ebitda": 55300000,
    "ebitdaratio": 0.2252545825,
    "operatingIncome": 40400000,
    "operatingIncomeRatio": 0.1645621181,
    "totalOtherIncomeExpensesNet": 1700000,
    "incomeBeforeTax": 42100000,
    "incomeBeforeTaxRatio": 0.1714867617,
    "incomeTaxExpense": 17800000,
    "netIncome": 24300000,
    "netIncomeRatio": 0.0989816701,
    "eps": 0.52,
    "epsdiluted": 0.5,
    "weightedAverageShsOut": 46450125,
    "weightedAverageShsOutDil": 48812625,
    "link": "https://www.sec.gov/Archives/edgar/data/814547/000095000598000994/0000950005-98-000994-index.html",
    "finalLink": "https://www.sec.gov/Archives/edgar/data/814547/"
  },
  {
    "date": "1997-09-30",
    "symbol": "FICO",
    "reportedCurrency": "USD",
    "cik": "0000814547",
    "fillingDate": "1997-12-29",
    "acceptedDate": "1997-12-29 00:00:00",
    "calendarYear": "1997",
    "period": "FY",
    "revenue": 199000000,
    "costOfRevenue": 62100000,
    "grossProfit": 136900000,
    "grossProfitRatio": 0.6879396985,
    "researchAndDevelopmentExpenses": 17600000,
    "generalAndAdministrativeExpenses": 0,
    "sellingAndMarketingExpenses": 0,
    "sellingGeneralAndAdministrativeExpenses": 69800000,
    "otherExpenses": 11800000,
    "operatingExpenses": 99200000,
    "costAndExpenses": 161300000,
    "interestIncome": 0,
    "interestExpense": 0,
    "depreciationAndAmortization": 11800000,
    "ebitda": 49500000,
    "ebitdaratio": 0.2487437186,
    "operatingIncome": 37700000,
    "operatingIncomeRatio": 0.1894472362,
    "totalOtherIncomeExpensesNet": -2100000,
    "incomeBeforeTax": 35600000,
    "incomeBeforeTaxRatio": 0.1788944724,
    "incomeTaxExpense": 14900000,
    "netIncome": 20700000,
    "netIncomeRatio": 0.1040201005,
    "eps": 0.43,
    "epsdiluted": 0.43,
    "weightedAverageShsOut": 47931750,
    "weightedAverageShsOutDil": 47931750,
    "link": "https://www.sec.gov/Archives/edgar/data/814547/000095000597001019/0000950005-97-001019-index.html",
    "finalLink": "https://www.sec.gov/Archives/edgar/data/814547/"
  },
  {
    "date": "1996-09-30",
    "symbol": "FICO",
    "reportedCurrency": "USD",
    "cik": "0000814547",
    "fillingDate": "1996-12-30",
    "acceptedDate": "1996-12-30 00:00:00",
    "calendarYear": "1996",
    "period": "FY",
    "revenue": 148700000,
    "costOfRevenue": 49300000,
    "grossProfit": 99400000,
    "grossProfitRatio": 0.6684599866,
    "researchAndDevelopmentExpenses": 7800000,
    "generalAndAdministrativeExpenses": 0,
    "sellingAndMarketingExpenses": 0,
    "sellingGeneralAndAdministrativeExpenses": 55800000,
    "otherExpenses": 100000,
    "operatingExpenses": 75800000,
    "costAndExpenses": 126300000,
    "interestIncome": 0,
    "interestExpense": 0,
    "depreciationAndAmortization": 7900000,
    "ebitda": 37500000,
    "ebitdaratio": 0.2521856086,
    "operatingIncome": 29600000,
    "operatingIncomeRatio": 0.1990585071,
    "totalOtherIncomeExpensesNet": -900000,
    "incomeBeforeTax": 27200000,
    "incomeBeforeTaxRatio": 0.1829186281,
    "incomeTaxExpense": 11000000,
    "netIncome": 16200000,
    "netIncomeRatio": 0.1089441829,
    "eps": 0.37,
    "epsdiluted": 0.37,
    "weightedAverageShsOut": 46909626,
    "weightedAverageShsOutDil": 46909626,
    "link": "https://www.sec.gov/Archives/edgar/data/814547/000095000596001002/0000950005-96-001002-index.html",
    "finalLink": "https://www.sec.gov/Archives/edgar/data/814547/"
  },
  {
    "date": "1995-09-30",
    "symbol": "FICO",
    "reportedCurrency": "USD",
    "cik": "0000814547",
    "fillingDate": "1995-12-27",
    "acceptedDate": "1995-12-27 00:00:00",
    "calendarYear": "1995",
    "period": "FY",
    "revenue": 113900000,
    "costOfRevenue": 37500000,
    "grossProfit": 76400000,
    "grossProfitRatio": 0.6707638279,
    "researchAndDevelopmentExpenses": 4000000,
    "generalAndAdministrativeExpenses": 0,
    "sellingAndMarketingExpenses": 0,
    "sellingGeneralAndAdministrativeExpenses": 46300000,
    "otherExpenses": 2200000,
    "operatingExpenses": 59100000,
    "costAndExpenses": 97200000,
    "interestIncome": 0,
    "interestExpense": 0,
    "depreciationAndAmortization": 6200000,
    "ebitda": 26100000,
    "ebitdaratio": 0.2291483758,
    "operatingIncome": 19900000,
    "operatingIncomeRatio": 0.174714662,
    "totalOtherIncomeExpensesNet": 1500000,
    "incomeBeforeTax": 21500000,
    "incomeBeforeTaxRatio": 0.188762072,
    "incomeTaxExpense": 8800000,
    "netIncome": 12700000,
    "netIncomeRatio": 0.1115013169,
    "eps": 0.28,
    "epsdiluted": 0.28,
    "weightedAverageShsOut": 46382021,
    "weightedAverageShsOutDil": 46382021,
    "link": "https://www.sec.gov/Archives/edgar/data/814547/000095000595000341/0000950005-95-000341-index.html",
    "finalLink": "https://www.sec.gov/Archives/edgar/data/814547/"
  },
  {
    "date": "1994-09-30",
    "symbol": "FICO",
    "reportedCurrency": "USD",
    "cik": "0000814547",
    "fillingDate": "1994-09-30",
    "acceptedDate": "1994-09-29 20:00:00",
    "calendarYear": "1994",
    "period": "FY",
    "revenue": 90300000,
    "costOfRevenue": 30000000,
    "grossProfit": 60300000,
    "grossProfitRatio": 0.6677740864,
    "researchAndDevelopmentExpenses": 4000000,
    "generalAndAdministrativeExpenses": 0,
    "sellingAndMarketingExpenses": 0,
    "sellingGeneralAndAdministrativeExpenses": 35600000,
    "otherExpenses": 4900000,
    "operatingExpenses": 44500000,
    "costAndExpenses": 74500000,
    "interestIncome": 0,
    "interestExpense": 0,
    "depreciationAndAmortization": 4900000,
    "ebitda": 20700000,
    "ebitdaratio": 0.2292358804,
    "operatingIncome": 15800000,
    "operatingIncomeRatio": 0.1749723145,
    "totalOtherIncomeExpensesNet": 700000,
    "incomeBeforeTax": 16500000,
    "incomeBeforeTaxRatio": 0.1827242525,
    "incomeTaxExpense": 6500000,
    "netIncome": 10000000,
    "netIncomeRatio": 0.1107419712,
    "eps": 0.25,
    "epsdiluted": 0.23,
    "weightedAverageShsOut": 39646355,
    "weightedAverageShsOutDil": 42657566,
    "link": "",
    "finalLink": ""
  },
  {
    "date": "1993-09-30",
    "symbol": "FICO",
    "reportedCurrency": "USD",
    "cik": "0000814547",
    "fillingDate": "1993-09-30",
    "acceptedDate": "1993-09-29 20:00:00",
    "calendarYear": "1993",
    "period": "FY",
    "revenue": 66700000,
    "costOfRevenue": 21300000,
    "grossProfit": 45400000,
    "grossProfitRatio": 0.6806596702,
    "researchAndDevelopmentExpenses": 0,
    "generalAndAdministrativeExpenses": 0,
    "sellingAndMarketingExpenses": 0,
    "sellingGeneralAndAdministrativeExpenses": 32700000,
    "otherExpenses": 4500000,
    "operatingExpenses": 37200000,
    "costAndExpenses": 58500000,
    "interestIncome": 0,
    "interestExpense": 0,
    "depreciationAndAmortization": 4500000,
    "ebitda": 12700000,
    "ebitdaratio": 0.1904047976,
    "operatingIncome": 8200000,
    "operatingIncomeRatio": 0.1229385307,
    "totalOtherIncomeExpensesNet": 500000,
    "incomeBeforeTax": 8700000,
    "incomeBeforeTaxRatio": 0.1304347826,
    "incomeTaxExpense": 3400000,
    "netIncome": 5300000,
    "netIncomeRatio": 0.0794602699,
    "eps": 0.13,
    "epsdiluted": 0.13,
    "weightedAverageShsOut": 40592497,
    "weightedAverageShsOutDil": 40592497,
    "link": "",
    "finalLink": ""
  },
  {
    "date": "1992-09-30",
    "symbol": "FICO",
    "reportedCurrency": "USD",
    "cik": "0000814547",
    "fillingDate": "1992-09-30",
    "acceptedDate": "1992-09-29 20:00:00",
    "calendarYear": "1992",
    "period": "FY",
    "revenue": 42600000,
    "costOfRevenue": 13100000,
    "grossProfit": 29500000,
    "grossProfitRatio": 0.6924882629,
    "researchAndDevelopmentExpenses": 0,
    "generalAndAdministrativeExpenses": 0,
    "sellingAndMarketingExpenses": 0,
    "sellingGeneralAndAdministrativeExpenses": 22500000,
    "otherExpenses": 1400000,
    "operatingExpenses": 23900000,
    "costAndExpenses": 37000000,
    "interestIncome": 0,
    "interestExpense": 0,
    "depreciationAndAmortization": 1400000,
    "ebitda": 7000000,
    "ebitdaratio": 0.1643192488,
    "operatingIncome": 5600000,
    "operatingIncomeRatio": 0.1314553991,
    "totalOtherIncomeExpensesNet": 1000000,
    "incomeBeforeTax": 6600000,
    "incomeBeforeTaxRatio": 0.1549295775,
    "incomeTaxExpense": 2700000,
    "netIncome": 3900000,
    "netIncomeRatio": 0.0915492958,
    "eps": 0.0979,
    "epsdiluted": 0.0979,
    "weightedAverageShsOut": 39826804,
    "weightedAverageShsOutDil": 39826804,
    "link": "",
    "finalLink": ""
  },
  {
    "date": "1991-09-30",
    "symbol": "FICO",
    "reportedCurrency": "USD",
    "cik": "0000814547",
    "fillingDate": "1991-09-30",
    "acceptedDate": "1991-09-29 20:00:00",
    "calendarYear": "1991",
    "period": "FY",
    "revenue": 31800000,
    "costOfRevenue": 10300000,
    "grossProfit": 21500000,
    "grossProfitRatio": 0.6761006289,
    "researchAndDevelopmentExpenses": 0,
    "generalAndAdministrativeExpenses": 0,
    "sellingAndMarketingExpenses": 0,
    "sellingGeneralAndAdministrativeExpenses": 17300000,
    "otherExpenses": 1100000,
    "operatingExpenses": 18400000,
    "costAndExpenses": 28700000,
    "interestIncome": 0,
    "interestExpense": 0,
    "depreciationAndAmortization": 1100000,
    "ebitda": 4200000,
    "ebitdaratio": 0.1320754717,
    "operatingIncome": 3100000,
    "operatingIncomeRatio": 0.0974842767,
    "totalOtherIncomeExpensesNet": 1300000,
    "incomeBeforeTax": 4400000,
    "incomeBeforeTaxRatio": 0.1383647799,
    "incomeTaxExpense": 1600000,
    "netIncome": 2800000,
    "netIncomeRatio": 0.0880503145,
    "eps": 0.0712,
    "epsdiluted": 0.0712,
    "weightedAverageShsOut": 39315903,
    "weightedAverageShsOutDil": 39315903,
    "link": "",
    "finalLink": ""
  },
  {
    "date": "1990-09-30",
    "symbol": "FICO",
    "reportedCurrency": "USD",
    "cik": "0000814547",
    "fillingDate": "1990-09-30",
    "acceptedDate": "1990-09-29 20:00:00",
    "calendarYear": "1990",
    "period": "FY",
    "revenue": 25500000,
    "costOfRevenue": 9300000,
    "grossProfit": 16200000,
    "grossProfitRatio": 0.6352941176,
    "researchAndDevelopmentExpenses": 0,
    "generalAndAdministrativeExpenses": 0,
    "sellingAndMarketingExpenses": 0,
    "sellingGeneralAndAdministrativeExpenses": 13900000,
    "otherExpenses": 1300000,
    "operatingExpenses": 15200000,
    "costAndExpenses": 24500000,
    "interestIncome": 0,
    "interestExpense": 0,
    "depreciationAndAmortization": 1300000,
    "ebitda": 2300000,
    "ebitdaratio": 0.0901960784,
    "operatingIncome": 1000000,
    "operatingIncomeRatio": 0.0392156863,
    "totalOtherIncomeExpensesNet": 1400000,
    "incomeBeforeTax": 2400000,
    "incomeBeforeTaxRatio": 0.0941176471,
    "incomeTaxExpense": 800000,
    "netIncome": 1600000,
    "netIncomeRatio": 0.062745098,
    "eps": 0.0415,
    "epsdiluted": 0.0415,
    "weightedAverageShsOut": 38514310,
    "weightedAverageShsOutDil": 38514310,
    "link": "",
    "finalLink": ""
  },
  {
    "date": "1989-09-30",
    "symbol": "FICO",
    "reportedCurrency": "USD",
    "cik": "0000814547",
    "fillingDate": "1989-09-30",
    "acceptedDate": "1989-09-29 20:00:00",
    "calendarYear": "1989",
    "period": "FY",
    "revenue": 23200000,
    "costOfRevenue": 9800000,
    "grossProfit": 13400000,
    "grossProfitRatio": 0.5775862069,
    "researchAndDevelopmentExpenses": 0,
    "generalAndAdministrativeExpenses": 0,
    "sellingAndMarketingExpenses": 0,
    "sellingGeneralAndAdministrativeExpenses": 10900000,
    "otherExpenses": 700000,
    "operatingExpenses": 11600000,
    "costAndExpenses": 21400000,
    "interestIncome": 0,
    "interestExpense": 0,
    "depreciationAndAmortization": 700000,
    "ebitda": 2500000,
    "ebitdaratio": 0.1077586207,
    "operatingIncome": 1800000,
    "operatingIncomeRatio": 0.0775862069,
    "totalOtherIncomeExpensesNet": 1400000,
    "incomeBeforeTax": 3200000,
    "incomeBeforeTaxRatio": 0.1379310345,
    "incomeTaxExpense": 1200000,
    "netIncome": 2000000,
    "netIncomeRatio": 0.0862068966,
    "eps": 0.0504,
    "epsdiluted": 0.0504,
    "weightedAverageShsOut": 39646355,
    "weightedAverageShsOutDil": 39646355,
    "link": "",
    "finalLink": ""
  },
  {
    "date": "1988-09-30",
    "symbol": "FICO",
    "reportedCurrency": "USD",
    "cik": "0000814547",
    "fillingDate": "1988-09-30",
    "acceptedDate": "1988-09-29 20:00:00",
    "calendarYear": "1988",
    "period": "FY",
    "revenue": 21000000,
    "costOfRevenue": 9700000,
    "grossProfit": 11300000,
    "grossProfitRatio": 0.5380952381,
    "researchAndDevelopmentExpenses": 0,
    "generalAndAdministrativeExpenses": 0,
    "sellingAndMarketingExpenses": 0,
    "sellingGeneralAndAdministrativeExpenses": 8500000,
    "otherExpenses": 300000,
    "operatingExpenses": 8800000,
    "costAndExpenses": 18500000,
    "interestIncome": 0,
    "interestExpense": 0,
    "depreciationAndAmortization": 300000,
    "ebitda": 2800000,
    "ebitdaratio": 0.1333333333,
    "operatingIncome": 2500000,
    "operatingIncomeRatio": 0.119047619,
    "totalOtherIncomeExpensesNet": 1200000,
    "incomeBeforeTax": 3700000,
    "incomeBeforeTaxRatio": 0.1761904762,
    "incomeTaxExpense": 1300000,
    "netIncome": 2400000,
    "netIncomeRatio": 0.1142857143,
    "eps": 0.0623,
    "epsdiluted": 0.0623,
    "weightedAverageShsOut": 38513383,
    "weightedAverageShsOutDil": 38513383,
    "link": "",
    "finalLink": ""
  },
  {
    "date": "1987-09-30",
    "symbol": "FICO",
    "reportedCurrency": "USD",
    "cik": "0000814547",
    "fillingDate": "1987-09-30",
    "acceptedDate": "1987-09-29 20:00:00",
    "calendarYear": "1987",
    "period": "FY",
    "revenue": 18100000,
    "costOfRevenue": 8000000,
    "grossProfit": 10100000,
    "grossProfitRatio": 0.5580110497,
    "researchAndDevelopmentExpenses": 0,
    "generalAndAdministrativeExpenses": 0,
    "sellingAndMarketingExpenses": 0,
    "sellingGeneralAndAdministrativeExpenses": 6200000,
    "otherExpenses": 400000,
    "operatingExpenses": 6600000,
    "costAndExpenses": 14600000,
    "interestIncome": 0,
    "interestExpense": 0,
    "depreciationAndAmortization": 400000,
    "ebitda": 3900000,
    "ebitdaratio": 0.2154696133,
    "operatingIncome": 3500000,
    "operatingIncomeRatio": 0.1933701657,
    "totalOtherIncomeExpensesNet": 500000,
    "incomeBeforeTax": 4000000,
    "incomeBeforeTaxRatio": 0.2209944751,
    "incomeTaxExpense": 1900000,
    "netIncome": 2100000,
    "netIncomeRatio": 0.1160220994,
    "eps": 0.0623,
    "epsdiluted": 0.0623,
    "weightedAverageShsOut": 33699210,
    "weightedAverageShsOutDil": 33699210,
    "link": "",
    "finalLink": ""
  },
  {
    "date": "1986-09-30",
    "symbol": "FICO",
    "reportedCurrency": "USD",
    "cik": "0000814547",
    "fillingDate": "1986-09-30",
    "acceptedDate": "1986-09-29 20:00:00",
    "calendarYear": "1986",
    "period": "FY",
    "revenue": 14800000,
    "costOfRevenue": 6700000,
    "grossProfit": 8100000,
    "grossProfitRatio": 0.5472972973,
    "researchAndDevelopmentExpenses": 0,
    "generalAndAdministrativeExpenses": 0,
    "sellingAndMarketingExpenses": 0,
    "sellingGeneralAndAdministrativeExpenses": 4900000,
    "otherExpenses": 300000,
    "operatingExpenses": 5200000,
    "costAndExpenses": 11900000,
    "interestIncome": 0,
    "interestExpense": 0,
    "depreciationAndAmortization": 300000,
    "ebitda": 3200000,
    "ebitdaratio": 0.2162162162,
    "operatingIncome": 2900000,
    "operatingIncomeRatio": 0.1959459459,
    "totalOtherIncomeExpensesNet": 300000,
    "incomeBeforeTax": 3200000,
    "incomeBeforeTaxRatio": 0.2162162162,
    "incomeTaxExpense": 1600000,
    "netIncome": 1600000,
    "netIncomeRatio": 0.1081081081,
    "eps": 0.0534,
    "epsdiluted": 0.0534,
    "weightedAverageShsOut": 29955254,
    "weightedAverageShsOutDil": 29955254,
    "link": "",
    "finalLink": ""
  }
]